2616 3686
575 167 935 229 -Lr-BER
998 170 1700 225 v.E1³1s'1·oLA
1769 177 1808 226 1.
2156 194 2243 251 323

109 252 252 309 xillae
291 243 523 309 amicitia
561 243 616 298 δε
643 240 853 296 Rustici
882 241 1078 313 posset:
1121 241 1346 312 Rogant
1377 260 1464 296 rne
1485 285 1500 309 ‚
1539 260 1598 298 ut
1619 238 1750 300 'cum
1777 240 2016 302 Curiano
2040 249 2242 320 loquar.

115 321 481 379 Convenimus
522 312 534 333 ¹
571 317 623 368 in
660 313 850 369 aedem
892 312 1255 368 Concordiae.
1330 312 1405 367 Ibi
1442 331 1548 384 ego
1574 354 1589 377 ,
1641 315 1702 367 Si
1739 331 1946 379 mater,
2001 323 2243 387 inquam,
2286 346 2316 382 9

105 408 171 450 η
193 407 209 426 2
234 411 300 446 ex
311 400 475 461 parte
496 400 690 462 quarta
700 385 977 457 scripfiffet
1003 386 1268 448 heredem,
1305 404 1427 437 num
1455 388 1608 458 queri
1624 390 1784 455 poffes
1799 388 1826 441 ,ἲ
1867 389 2083 466 Qtidst
2097 391 2247 446 here*

113 466 222 519 dem
249 461 452 535 quidem
476 459 489 484 ³
515 460 807 531 instituiffet
832 475 900 510 ex
933 462 1058 526 affe,
1087 457 1194 527 fied
1215 461 1409 530 legatis
1435 465 1516 511 ita
1539 458 1845 526 exhaustffet
1872 499 1887 521 ,
1926 475 1988 512 ut
2017 482 2111 516 non
2136 485 2243 516 am-

101 538 252 609 plius
286 535 427 606 apud
455 545 513 587 te.
534 573 551 597 ‚
587 550 737 605 quam
763 542 787 592 ⁴¹
803 544 998 601 quarta
1025 532 1362 585 remaneret?
1398 530 1582 601 Igitur
1598 530 1835 601 fizfficere
1861 532 1964 586 tibi
1989 535 2166 598 debet,
2191 537 2253 603 st

113 609 461 665 exheredatus
482 625 514 658 a
539 617 733 665 matre,
769 615 1013 673 quartam
1032 616 1241 673 partem
1267 605 1332 656 ab
1360 603 1638 656 heredibus
1658 607 1775 675 ejus
1800 606 2054 676 accipias,
2091 625 2241 677 quam

116 694 288 735 tamen
328 699 412 753 33⁰
451 697 463 722 ς
491 675 690 749 augebo,
763 675 880 727 Scis
904 688 957 728 te
989 695 1084 730 non
1103 677 1448 746 subscripstll‘e
1472 695 1691 738 mecum,
1733 677 1786 733 [⁶3
1791 676 1916 747 jam
1941 677 1958 699 ⁶
1981 681 2242 733 biennium

117 752 344 822 tranfiffe
367 791 382 813 ,
428 753 693 819 omniaque
734 759 821 800 me'
848 746 863 772 ⁷
899 749 1185 820 ufitceptjsle.
1266 748 1371 802 Sed
1394 762 1451 800 ut
1481 764 1533 802 te
1561 749 1829 803 coheredes
1858 752 1958 804 mei
1981 753 2240 804 trattabi-

115 827 291 880 liorem
325 822 674 892 experiantur
697 859 712 885 ,
765 832 924 892 utque
959 822 1061 875 tihi
1096 821 1239 875 nihil
1275 821 1549 895 abstulerit
1578 827 1887 876 reverentia
1913 828 2043 888 mei,
2083 827 2240 895 offero

2133 910 2242 969 pro

105 1023 225 1064 ‘fuerat
244 1051 256 1068 ,
283 1022 416 1062 Noster
442 1022 544 1073 supra
577 1022 658 1062 Lib.
690 1021 758 1060 III.
781 1019 890 1069 Epist.
910 1020 974 1058 XI.
1003 1021 1129 1061 Solent
1163 1031 1169 1069 1
1202 1024 1314 1073 piano
1334 1024 1379 1061 L.
1398 1025 1617 1074 Papinianus
1642 1022 1753 1061 VIII.
1778 1025 1811 1065 §.
1840 1025 2033 1072 Quoniam
2056 1023 2166 1064 VIII.
2189 1025 2240 1064 D.

107 1084 233 1116 -autein
265 1076 408 1122 tyranni
439 1087 516 1112 non
548 1075 680 1113 invisos
711 1080 856 1111 tantum
902 1073 940 1110 &
983 1072 1129 1112 odiosos
1163 1071 1169 1124 i
1205 1074 1249 1113 de
1273 1075 1478 1115 inofficioso
1500 1075 1731 1114 testamento.
1760 1075 1967 1113 Boot-mnu.

109 1134 242 1172 vexare
262 1136 304 1162 ac
326 1126 478 1171 tollere,
504 1125 564 1163 sed
585 1127 623 1164 ὃς
645 1136 776 1163 eorum
798 1124 936 1161 amicos
955 1124 1130 1174 persequi.

113 1175 166 1214 Ita
199 1181 239 1213 C.
271 1176 351 1213 sitio
385 1179 425 1215 δε
473 1177 559 1213 Titio
607 1176 732 1214 sabino
772 1174 1008 1225 pernicosam
1036 1177 1132 1224 apud

114 1226 306 1267 Tibernm
329 1228 539 1265 Germanici
575 1228 776 1266 amicitia-m
815 1224 917 1264 fuiss'e
942 1255 951 1271 ,
979 1226 1131 1266 Tacitus

2291 705 2350 742 10

1256 1138 1273 1175 3
1310 1119 1509 1177 Instituiffet
1543 1140 1585 1164 ex
1620 1126 1708 1174 affe,
1736 1124 1836 1172 era]
1866 1125 1979 1173 Julius
2001 1126 2132 1163 Paulus
2157 1127 2242 1166 Lib.

1201 1174 1266 1213 IV.
1303 1178 1552 1227 Receptarum
1586 1178 1748 1215 Seni-ent.
1780 1176 1858 1215 Tit.
1894 1176 1940 1212 V.
1977 1175 2022 1214 de
2045 1175 2240 1215 inofficiosi

1200 1230 1369 1275 querela:
1402 1229 1478 1266 Fc‘l't'i
1509 1243 1553 1266 ex
1585 1227 1651 1277 affe
1684 1227 1779 1264 heres
1810 1225 1996 1273 institutus,
2016 1227 2240 1276 inofficiosum

113 1276 178 1322 IV.
208 1278 307 1316 Ann.
342 1279 385 1316 C.
415 1277 559 1315 XVIII.
589 1278 762 1316 observat.
804 1277 1013 1315 Bucam-za.
1045 1279 1133 1316 Hoc

106 1327 251 1368 testatur
273 1329 401 1366 auetor
422 1329 523 1378 supra
550 1329 627 1367 Lib.
652 1330 719 1367 IV.
744 1328 851 1377 Epist.
876 1321 1018 1364 XXIV.
1042 1341 1076 1366 n.
1103 1343 1133 1378 ς.

109 1381 320 1427 Profueruat
352 1380 447 1417 nobis
478 1380 647 1418 bonorum
689 1380 864 1418 amicitiae
885 1407 895 1424 ,
947 1380 1133 1417 bonorum

111 1430 336 1474 obfuerunt,
363 1432 559 1481 iterumque
583 1431 738 1480 prosunt.

166 1495 179 1520 1
215 1488 254 1518 In
274 1483 395 1518 aedem
417 1481 669 1529 Concordiae]
701 1482 741 1518 ln
766 1482 861 1518 :uria
885 1479 1010 1526 fuisse,
1039 1483 1137 1521 &ibi

111 1529 309 1583 aliquando
343 1533 515 1569 Senatum
545 1532 730 1575 habitum,
768 1531 940 1568 testantur
969 1531 1136 1581 Lampri-

112 1584 191 1623 dius
215 1612 225 1627 ,
265 1584 303 1619 ὅ(
334 1582 466 1619 Varro.
514 1583 568 1618 M.
603 1581 746 1619 Tullius
781 1591 823 1616 ac
847 1581 974 1618 Livius
997 1582 1032 1618 in
1057 1592 1137 1620 arca

109 1634 177 1672 Vu
193 1636 270 1671 cani
290 1633 431 1671 summa
454 1634 630 1670 nobilium
655 1632 789 1669 invidia
812 1631 941 1668 aedem
968 1631 1138 1670 Concor—

113 1685 194 1728 diae
216 1697 235 1722 a
260 1684 382 1721 Flavio
407 1682 609 1720 dedicatam
633 1681 815 1730 prodidit,
843 1693 888 1718 ex
919 1682 1132 1734 iniret-aritia

113 1739 267 1786 pecunia
290 1734 576 1772 foeneratoribus
598 1732 848 1770 condemnatis
859 1743 980 1769 aream
996 1731 1114 1771 fecisse
1126 1763 1135 1780 ‚

117 1798 202 1824 cum
225 1787 271 1823 ad
292 1786 326 1823 id
350 1785 489 1833 publica
512 1796 588 1821 non
612 1783 752 1822 daretur
773 1811 784 1828 ‚
819 1793 932 1832 quam
957 1792 1135 1829 voverat,

118 1836 144 1874 si
166 1838 304 1885 populo
328 1832 584 1873 reconciliass‘et
607 1833 774 1878 ordines,
802 1833 1000 1882 inciditque
1023 1835 1060 1871 in
1083 1844 1136 1872 ta-

118 1886 200 1931 bula
228 1897 343 1925 aerea.
383 1885 475 1923 Eam
507 1885 638 1923 aedem
670 1885 834 1924 trecentis
856 1893 1013 1933 quatuor
1033 1888 1135 1924 annis

120 1938 199 1985 post
244 1937 490 1984 Capitolinam
539 1936 739 1975 dedicatam
786 1933 886 1972 fuifle
921 1935 1049 1973 auuor
1088 1937 1135 1975 est

119 1987 262 2027 Plinius.
317 1986 549 2036 Tranquillus
575 1987 720 2025 testatur
745 2016 755 2032 ‚
785 1985 976 2024 Tiberium
1015 1988 1135 2025 aedem

120 2038 336 2074 Concordiae
355 2036 538 2076 dedic-affe.
592 2036 633 2074 In
656 2037 908 2075 monumentis
940 2038 1034 2075 urbis
1061 2039 1135 2077 hoc

119 2089 295 2135 reperitur
329 2090 361 2126 S.
395 2088 430 2125 P.
451 2090 498 2136 Q.
522 2089 563 2126 R.
585 2089 704 2127 aedom
727 2087 939 2126 Concordiae
960 2089 1135 2128 vetustate

116 2139 311 2186 comps-ain
345 2141 381 2178 in
413 2140 603 2177 meliorem
640 2138 768 2178 faciem
808 2150 919 2187 opere
959 2140 997 2177 ὃς
1037 2142 1135 2178 cultu

117 2189 358 2237 splendidiore
371 2187 603 2227 restituerunt.
635 2191 820 2240 Appianus
833 2190 944 2227 sci-ibit
960 2219 967 2228 ,
982 2191 1060 2238 post
1074 2203 1136 2229 ne-

116 2251 199 2277 cem
225 2241 474 2278 Gracchomm
498 2241 669 2279 Senatum
688 2240 820 2291 juffiffe
838 2241 957 2277 aedem
992 2247 1138 2278 Concor-

113 2291 196 2328 diae
230 2292 264 2327 iii
299 2290 381 2328 foro
411 2293 506 2340 erigi.
532 2292 607 2330 Aut
629 2294 734 2340 igitur
756 2289 896 2330 neceffe
917 2291 965 2328 est
987 2291 1140 2331 diversas

115 2342 328 2379 Concordiae
349 2344 447 2379 aedes
470 2345 507 2379 in
528 2343 614 2380 urbe
635 2342 852 2380 constructas
874 2343 912 2379 &
934 2342 1065 2380 dirutas
1084 2345 1138 2380 in-

114 2391 259 2433 terdum
285 2402 458 2441 reparatas
483 2406 491 2430 ε
519 2401 580 2429 aut
602 2393 817 2442 apertiffime
839 2394 930 2429 inter
951 2393 985 2430 se
1009 2392 1138 2430 diffen-

116 2443 185 2481 'tire
206 2442 402 2491 scriptores.
433 2445 588 2482 Canu.

121 2534 124 2535 ⁷
167 2505 188 2530 2
228 2499 282 2529 Ex
312 2504 411 2543 parte
441 2507 584 2543 quarta.
610 2494 623 2542 'J
665 2495 746 2534 Lex
775 2494 930 2533 Falcidia
960 2493 1029 2530 lata
1065 2494 1138 2540 est,

145 2555 212 2582 uae
243 2547 363 2593 primo
402 2547 518 2592 capite
555 2546 702 2583 liberam
740 2546 885 2594 legandi
925 2545 1132 2583 facultatem

145 2594 214 2634 edit
244 2595 354 2645 usque
382 2595 428 2632 ad
464 2596 704 2633 dodrantem:
733 2596 892 2634 secundo
915 2595 1030 2642 capite
1056 2607 1138 2633 mo-

125 2641 186 2683 dus
203 2646 402 2694 legatorum
428 2647 653 2684 constituitur
672 2648 727 2685 his
749 2648 889 2685 verbis:
926 2646 1136 2695 {Quicunque

122 2693 208 2731 civis
239 2702 333 2733 Rom.
363 2696 430 2746 post
466 2702 557 2732 hanc
578 2697 607 2735 le
628 2711 680 2734 em
704 2709 867 2747 rogatam
890 2696 1136 2743 testamentum

126 2743 251 2789 faciut,
273 2748 301 2784 is
330 2760 507 2790 quantam
540 2749 657 2797 cuique
690 2749 759 2786 civi
783 2756 877 2785 Rom.
901 2749 1079 2795 pecuniam
1102 2749 1140 2784 in

136 2801 199 2847 (Cp.
215 2796 294 2833 dare
315 2826 325 2842 ‚
350 2798 458 2848 legare
483 2802 575 2835 volet
602 2828 611 2844 ‚
630 2800 691 2847 jus
709 2798 919 2849 potestasque
940 2798 1021 2843 esto.
1054 2799 1140 2836 dum

138 2848 190 2896 νᾳ
207 2843 300 2881 duur
319 2847 349 2885 le
371 2861 494 2886 atum.
527 2863 567 2886 ne
596 2852 714 2887 minus
738 2863 847 2900 quam
871 2859 1035 2900 quartam
1060 2861 1138 2898 par-

141 2895 216 2928 tem
245 2893 438 2936 mudnatis
471 2913 513 2937 ex
544 2914 577 2938 eo
599 2900 803 2946 testamento
829 2901 965 2938 heredes
985 2903 1127 2949 capiant

142 2939 266 2979 Paulus
282 2947 324 2983 ad
341 2948 409 2996 leg.
419 2949 548 2989 Falcid.
576 2952 690 2989 Ibem.
720 2957 773 2989 Ex
791 2963 892 3001 parte
905 2963 1035 3001 quarta
1049 2946 1140 2995 [cri-'

137 2988 245 3037 pfiffn
264 2993 409 3035 '’melen-
433 3028 443 3044 ‚
468 3013 536 3040 (γε.
563 3001 579 3051 ]
609 3005 749 3050 Quarta
770 3006 868 3041 enim
884 3002 1141 3040 re'icstasufficit

144 3040 189 3078 ad
208 3042 456 3088 excludendam
465 3052 657 3094 inofficiosi
668 3055 856 3104 querelam
871 3082 882 3099 ,
895 3052 1062 3093 Auuore
1074 3053 1144 3092 UI-

1200 1278 1308 1316 dicere
1331 1293 1401 1317 non
1419 1279 1545 1330 potest,
1573 1292 1635 1322 nec,
1654 1277 1821 1325 interest,
1849 1277 2021 1324 exhausta
2046 1291 2102 1315 nec
2132 1292 2174 1316 ne
2188 1277 2240 1328 fit

1199 1327 1401 1376 hereditas,
1429 1344 1504 1370 cum
1541 1331 1635 1381 apud
1667 1344 1744 1367 eum
1780 1340 1914 1379 quarta
1943 1329 2035 1377 Legis
2063 1328 2241 1368 Falcidiae

1200 1390 1244 1417 (7·
1266 1386 1297 1417 S.
1315 1387 1356 1419 C.
1384 1381 1570 1432 Pegafiani
1602 1379 1758 1428 beneficio
1786 1379 1836 1430 fit
1871 1379 2094 1428 remansura.
2124 1381 2240 1419 IDEM.

1202 1433 1256 1465 Ex
1290 1432 1367 1480 affe.
1392 1433 1408 1483 ]
1449 1434 1520 1472 Sub
1553 1431 1628 1481 affis
1653 1433 1807 1469 nomine
1821 1439 1907 1468 tota
1930 1431 2110 1468 hereditas
2133 1438 2242 1470 nota.

1201 1480 1304 1518 batur
1328 1510 1339 1526 ‚
1377 1484 1479 1532 cujus
1514 1493 1635 1532 partes
1664 1482 1742 1518 sunt
1766 1494 1775 1518 ι
1814 1481 1923 1517 Uncia
1955 1481 1998 1517 ab
2020 1492 2098 1517 uno
2119 1482 2239 1533 dieta,

1203 1539 1351 1570 :sextans
1373 1533 1471 1571 sexta
1493 1534 1569 1571 assis
1592 1544 1668 1582 pars
1684 1560 1693 1576 ‚
1722 1530 1922 1580 Quadrans
1936 1539 2061 1580 quarta
2077 1559 2087 1576 ,
2118 1533 2240 1570 Trione

1202 1582 1291 1626 tria,
1319 1584 1516 1631 Qincunx
1537 1587 1703 1634 quinque
1725 1583 1801 1621 affis
1826 1590 1940 1631 partes
1965 1610 1976 1626 ,
2005 1581 2108 1619 Semis
2131 1583 2241 1623 dimi-

1203 1631 1304 1669 dium
1336 1634 1412 1671 affis
1440 1663 1450 1679 ‚
1481 1635 1634 1685 septunx
1669 1633 1808 1684 septem
1842 1634 1971 1670 unciae
1995 1660 2004 1676 ‚
2037 1638 2097 1670 Bes
2121 1634 2236 1679 odio}

1203 1685 1374 1721 Dodrans
1407 1697 1546 1723 novem
1572 1712 1583 1728 ,
1623 1690 1769 1721 Decunx
1807 1683 1866 1721 vel
1890 1688 2054 1720 Dextans
2081 1683 2239 1731 decem,

1204 1736 1334 1770 Deunx
1357 1734 1542 1772 undecim.
1570 1736 1728 1772 Vnfinn.

1251 1797 1274 1830 4
1300 1783 1485 1834 Quam]
1517 1785 1701 1834 Legitima
1725 1795 1813 1833 pars.
1858 1782 1958 1822 Nam
1982 1783 2007 1820 fi
2029 1790 2147 1821 totam
2169 1785 2236 1825 he-

1204 1833 1393 1873 reditatem
1414 1837 1537 1884 legans
1559 1833 1827 1884 absumpsiffet‚
1859 1833 2049 1882 profuisset
2073 1836 2236 1875 Curiano

1202 1884 1276 1923 doli
1299 1888 1467 1936 exceptio
1483 1916 1492 1932 ‚
1521 1887 1625 1937 quod
1646 1886 1838 1936 respondet
1861 1886 1991 1934 Paulus
2015 1885 2059 1924 de
2074 1886 2157 1934 jure
2171 1899 2236 1926 co-

1204 1934 1419 1975 dicillorum.
1451 1938 1606 1976 Carni«.

1254 2001 1272 2035 ς
1305 1988 1498 2038 Augeb0.]
1539 1986 1699 2027 Volebat
1735 1987 1921 2027 Secundus
1944 2015 1955 2032 ,
1990 1994 2034 2024 'ut
2058 1983 2236 2028 Curianus

1200 2040 1381 2087 acciperet
1413 2048 1580 2089 quartam
1613 2041 1800 2077 bonorum
1826 2047 1965 2088 partem
1991 2049 2009 2074 a
2035 2038 2099 2076 suis
2123 2040 2237 2078 colie-

1200 2088 1355 2128 redibus.
1404 2091 1503 2128 Nam
1528 2091 1628 2128 suain
1653 2091 1862 2139 portionem
1881 2091 1959 2138 jam
1985 2088 2047 2126 fibi
2071 2090 2234 2139 usucapi-

1201 2149 1274 2177 one
1299 2140 1578 2186 vendicaverat,
1606 2151 1732 2179 tamen
1755 2152 1822 2190 pro
1842 2141 2050 2179 liberalitate
2073 2141 2131 2177 sua
2155 2143 2235 2190 pol-

1200 2190 1328 2228 licetur
1351 2192 1384 2230 se
1407 2192 1575 2230 daturum
1599 2201 1764 2241 quartam
1790 2191 1870 2229 suae
1902 2192 2019 2238 partis.
2072 2192 2234 2238 Augebo

1198 2241 1305 2288 igitur
1323 2243 1397 2280 hoc
1418 2243 1526 2291 paeto
1541 2271 1551 2287 ,
1578 2242 1603 2279 si
1628 2254 1689 2279 me
1710 2253 1827 2279 unum
1851 2253 1895 2278 cx
1917 2241 1979 2278 illis
1993 2268 2002 2282 ‚
2025 2243 2236 2289 quos-,oju-

1202 2292 1337 2330 dicum
1363 2293 1520 2336 vocastiss
1548 2302 1750 2342 putavero,
1776 2293 1813 2328 &
1836 2300 1918 2327 mea
1942 2301 2025 2326 curn
2050 2290 2113 2326 illis
2127 2302 2233 2328 com-

1202 2344 1454 2380 municavero.
1483 2344 1538 2381 Sic
1561 2345 1659 2381 enim
1684 2341 1790 2379 fiebat
1813 2349 1939 2389 quarta
1962 2340 2088 2387 mijoi·.
2115 2341 2231 2380 lom.

1203 2392 1392 2430 Mediceus
1413 2406 1422 2430 :
1451 2406 1559 2443 quam
1584 2405 1705 2430 tamen
1722 2390 1848 2441 augebo
1872 2418 1883 2434 ‚
1916 2390 2143 2429 Pronomine
2167 2404 2234 2431 ne-

1203 2442 1337 2489 gieeto.

1252 2495 1274 2528 6
1304 2493 1498 2532 Biennium.
1524 2491 1540 2542 ]
1570 2491 1786 2539 justinianus
1808 2492 1843 2529 in
1866 2489 1972 2529 instit.
1990 2492 2098 2529 titulo
2121 2492 2166 2532 de
2189 2505 2232 2532 u-

1201 2544 1317 2592 sucap.
1346 2545 1430 2589 Jure
1462 2544 1556 2582 civili
1591 2543 1825 2581 constitutum
1861 2543 1950 2580 olim
1976 2541 2076 2581 fuiffc
2098 2544 2232 2592 tradit,

1203 2606 1280 2632 rem
1305 2595 1480 2633 mobilem
1494 2606 1593 2631 anno
1605 2595 1740 2643 ubique
1753 2605 1830 2630 uno
1847 2621 1856 2635 ‚
1884 2594 2113 2631 immobilem
2129 2595 2231 2633 bien-

1205 2647 1267 2683 nio
1299 2655 1441 2683 tantuin
1470 2647 1507 2683 in
1531 2645 1656 2683 Italico
1678 2645 1755 2682 solo
1776 2644 1931 2693 usuc-api.
1953 2644 2054 2693 quod
2077 2645 2230 2694 sequen-

1203 2705 1255 2734 tes
1283 2697 1523 2745 Imperatores
1546 2695 1788 2734 emendarunt
1811 2695 1954 2742 longius
1978 2704 2124 2743 teinpus
2150 2697 2231 2736 usu-

1206 2749 1416 2795 capionibus
1438 2746 1702 2785 constituendo.
1733 2747 1887 2784 (jn-rau.

1256 2810 1273 2843 7
1310 2798 1495 2847 Usucepiffe.
1520 2797 1536 2847 ]
1576 2798 1671 2836 Mihi
1695 2793 1898 2834 vendicasse
1919 2796 1984 2833 usu
2004 2795 2085 2844 lege
2107 2806 2229 2836 cauto.

1205 2848 1308 2886 Nom
1339 2849 1498 2898 usucapio
1530 2849 1632 2886 bono
1667 2848 1813 2898 publico
1844 2845 2053 2894 introduifta
2088 2847 2156 2893 est,
2182 2861 2230 2888 ne

1203 2900 1331 2938 scilicet
1355 2899 1581 2949 quarundam
1607 2911 1727 2937 rerum
1752 2899 1837 2942 din,
1865 2899 1904 2935 ὃ(
1927 2896 2002 2935 fere
2024 2895 2232 2947 semperin-

1204 2960 1298 2988 certa
1332 2950 1497 2988 dominia
1528 2948 1640 2988 effent
1665 2980 1675 2994 ‚
1703 2960 1786 2986 cum
1810 2947 1985 2985 sufficeret
2006 2947 2162 2988 dominis
2185 2949 2231 2988 ad

1205 3001 1435 3048 inquirendas
1458 3013 1512 3038 res
1536 3001 1610 3038 suas
1633 3000 1751 3039 statuti
1772 2999 1949 3047 temporis
1971 2997 2134 3047 spatium.
2175 2999 2234 3046 list

1205 3062 1330 3091 autem
1353 3053 1514 3104 Usucapio
1539 3050 1739 3141 sgcundum
1752 3048 2031 3098 Modestinum,
2053 3052 2154 3102 acqui
2170 3052 2243 3134 itio⁸

1589 3115 1603 3142 s
1632 3113 1653 3140 2
2184 3111 2226 3135 ’τί
