<?xml version="1.0" encoding="UTF-8"?>
<!DOCTYPE html PUBLIC "-//W3C//DTD XHTML 1.0 Transitional//EN"
    "http://www.w3.org/TR/xhtml1/DTD/xhtml1-transitional.dtd">
<html xmlns="http://www.w3.org/1999/xhtml" xml:lang="en" lang="en">
 <head>
  <title>
</title>
<meta http-equiv="Content-Type" content="text/html;charset=utf-8" />
  <meta name='ocr-system' content='tesseract 3.04.00' />
  <meta name='ocr-capabilities' content='ocr_page ocr_carea ocr_par ocr_line ocrx_word'/>
</head>
<body>
  <div class='ocr_page' id='page_1' title='image "./caiipliniicaecil00plin_0055.png"; bbox 0 0 2616 3686; ppageno 0'>
   <div class='ocr_carea' id='block_1_1' title="bbox 0 0 65 703">
    <p class='ocr_par' dir='ltr' id='par_1_1' title="bbox 0 0 65 703">
     <span class='ocr_line' id='line_1_1' title="bbox 0 0 65 703; baseline 0 2983"><span class='ocrx_word' id='word_1_1' title='bbox 0 0 65 703; x_wconf 95' lang='lat' dir='ltr'><em> </em></span> 
     </span>
    </p>
   </div>
   <div class='ocr_carea' id='block_1_2' title="bbox 888 8 941 27">
    <p class='ocr_par' dir='ltr' id='par_1_2' title="bbox 888 8 941 27">
     <span class='ocr_line' id='line_1_2' title="bbox 888 8 941 27; baseline 0 -17"><span class='ocrx_word' id='word_1_2' title='bbox 888 16 908 27; x_wconf 61' lang='lat' dir='ltr'><em>„a</em></span> <span class='ocrx_word' id='word_1_3' title='bbox 932 8 941 10; x_wconf 70' lang='grc'><em>-</em></span> 
     </span>
    </p>
   </div>
   <div class='ocr_carea' id='block_1_3' title="bbox 750 139 1700 228">
    <p class='ocr_par' dir='ltr' id='par_1_3' title="bbox 750 139 1700 228">
     <span class='ocr_line' id='line_1_3' title="bbox 750 139 1700 228; baseline 0.002 -1"><span class='ocrx_word' id='word_1_4' title='bbox 750 139 1700 228; x_wconf 42' lang='grc' dir='ltr'><em>ἘΧΟΕΒΡΤΑᾙ</em></span> 
     </span>
    </p>
   </div>
   <div class='ocr_carea' id='block_1_4' title="bbox 116 288 2373 906">
    <p class='ocr_par' dir='ltr' id='par_1_4' title="bbox 201 288 1942 347">
     <span class='ocr_line' id='line_1_4' title="bbox 201 288 1942 347; baseline -0.001 -8"><span class='ocrx_word' id='word_1_5' title='bbox 201 288 314 343; x_wconf 68' lang='lat' dir='ltr'><em>mibus</em></span> <span class='ocrx_word' id='word_1_6' title='bbox 331 299 463 344; x_wconf 73' lang='lat' dir='ltr'><em>etiam.</em></span> <span class='ocrx_word' id='word_1_7' title='bbox 489 305 529 336; x_wconf 84' lang='lat' dir='ltr'><em>ut</em></span> <span class='ocrx_word' id='word_1_8' title='bbox 544 295 680 347; x_wconf 79' lang='lat' dir='ltr'><em>poposcit</em></span> <span class='ocrx_word' id='word_1_9' title='bbox 703 294 806 345; x_wconf 86' lang='lat' dir='ltr'><em>locus)</em></span> <span class='ocrx_word' id='word_1_10' title='bbox 823 293 1012 346; x_wconf 82' lang='lat' dir='ltr'><em>fluentibus</em></span> <span class='ocrx_word' id='word_1_11' title='bbox 1032 293 1074 332; x_wconf 65' lang='grc' dir='ltr'><em>ὠ·</em></span> <span class='ocrx_word' id='word_1_12' title='bbox 1102 290 1234 331; x_wconf 81' lang='lat' dir='ltr'><em>itineris</em></span> <span class='ocrx_word' id='word_1_13' title='bbox 1340 301 1406 327; x_wconf 89' lang='lat' dir='ltr'><em>non</em></span> <span class='ocrx_word' id='word_1_14' title='bbox 1422 289 1561 345; x_wconf 81' lang='lat' dir='ltr'><em>summa</em></span> <span class='ocrx_word' id='word_1_15' title='bbox 1576 292 1714 342; x_wconf 87' lang='lat' dir='ltr'><em>epistola</em></span> <span class='ocrx_word' id='word_1_16' title='bbox 1732 308 1820 338; x_wconf 81' lang='lat' dir='ltr'><strong>exeo.</strong></span> <span class='ocrx_word' id='word_1_17' title='bbox 1848 301 1898 340; x_wconf 68' lang='lat' dir='ltr'><strong>A:</strong></span> <span class='ocrx_word' id='word_1_18' title='bbox 1940 317 1942 321; x_wconf 58' lang='lat'>&gt;</span> 
     </span>
    </p>

    <p class='ocr_par' dir='ltr' id='par_1_5' title="bbox 194 341 1897 401">
     <span class='ocr_line' id='line_1_5' title="bbox 194 341 1897 401; baseline -0.004 -10"><span class='ocrx_word' id='word_1_19' title='bbox 194 369 239 397; x_wconf 65' lang='lat' dir='ltr'><em>ey</em></span> <span class='ocrx_word' id='word_1_20' title='bbox 259 354 354 392; x_wconf 88' lang='lat' dir='ltr'><em>enodi</em></span> <span class='ocrx_word' id='word_1_21' title='bbox 376 366 416 389; x_wconf 92' lang='lat' dir='ltr'><em>us</em></span> <span class='ocrx_word' id='word_1_22' title='bbox 430 381 438 392; x_wconf 87' lang='lat'><em>.</em></span> <span class='ocrx_word' id='word_1_23' title='bbox 459 349 670 401; x_wconf 76' lang='lat' dir='ltr'><em>sublimibus</em></span> <span class='ocrx_word' id='word_1_24' title='bbox 689 347 794 386; x_wconf 62' lang='lat' dir='ltr'><em>aiam</em></span> <span class='ocrx_word' id='word_1_25' title='bbox 808 357 847 384; x_wconf 89' lang='lat' dir='ltr'><em>ut</em></span> <span class='ocrx_word' id='word_1_26' title='bbox 871 346 965 397; x_wconf 84' lang='lat' dir='ltr'><em>oscit</em></span> <span class='ocrx_word' id='word_1_27' title='bbox 982 345 1049 392; x_wconf 86' lang='lat' dir='ltr'><em>loco</em></span> <span class='ocrx_word' id='word_1_28' title='bbox 1061 343 1106 380; x_wconf 84' lang='lat' dir='ltr'><em>A.</em></span> <span class='ocrx_word' id='word_1_29' title='bbox 1119 344 1234 399; x_wconf 77' lang='lat' dir='ltr'><em>fluen-</em></span> <span class='ocrx_word' id='word_1_30' title='bbox 1504 341 1687 392; x_wconf 76' lang='lat' dir='ltr'><em>usitatam)</em></span> <span class='ocrx_word' id='word_1_31' title='bbox 1711 345 1838 392; x_wconf 80' lang='lat' dir='ltr'><em>justam</em></span> <span class='ocrx_word' id='word_1_32' title='bbox 1863 352 1897 398; x_wconf 90' lang='lat' dir='ltr'><em>J.</em></span> 
     </span>
    </p>

    <p class='ocr_par' dir='ltr' id='par_1_6' title="bbox 192 390 2238 456">
     <span class='ocr_line' id='line_1_6' title="bbox 192 390 2238 456; baseline 0.002 -13"><span class='ocrx_word' id='word_1_33' title='bbox 192 405 284 444; x_wconf 79' lang='lat' dir='ltr'><em>tibus</em></span> <span class='ocrx_word' id='word_1_34' title='bbox 310 403 423 441; x_wconf 84' lang='lat' dir='ltr'><em>verbis</em></span> <span class='ocrx_word' id='word_1_35' title='bbox 452 413 494 442; x_wconf 76' lang='lat'><em>(9&#39;</em></span> <span class='ocrx_word' id='word_1_36' title='bbox 521 399 681 437; x_wconf 75' lang='lat' dir='ltr'><em>enodibus</em></span> <span class='ocrx_word' id='word_1_37' title='bbox 702 397 909 448; x_wconf 80' lang='lat' dir='ltr'><em>sublimibus</em></span> <span class='ocrx_word' id='word_1_38' title='bbox 937 396 1046 434; x_wconf 84' lang='lat' dir='ltr'><em>etiam</em></span> <span class='ocrx_word' id='word_1_39' title='bbox 1075 404 1115 433; x_wconf 82' lang='lat' dir='ltr'><em>ut</em></span> <span class='ocrx_word' id='word_1_40' title='bbox 1129 395 1233 444; x_wconf 77' lang='lat' dir='ltr'><em>poscit</em></span> <span class='ocrx_word' id='word_1_41' title='bbox 1283 390 1323 429; x_wconf 88' lang='lat' dir='ltr'><em>P.</em></span> <span class='ocrx_word' id='word_1_42' title='bbox 1350 402 1435 442; x_wconf 91' lang='lat'>391.</span> <span class='ocrx_word' id='word_1_43' title='bbox 1461 391 1472 430; x_wconf 85' lang='grc'>1</span> <span class='ocrx_word' id='word_1_44' title='bbox 1513 404 1546 431; x_wconf 87' lang='lat'><em>2.</em></span> <span class='ocrx_word' id='word_1_45' title='bbox 1571 396 1826 435; x_wconf 87' lang='lat' dir='ltr'><em>oratiunculam</em></span> <span class='ocrx_word' id='word_1_46' title='bbox 1845 399 1947 437; x_wconf 82' lang='lat' dir='ltr'><em>illam</em></span> <span class='ocrx_word' id='word_1_47' title='bbox 1964 401 2041 451; x_wconf 87' lang='lat' dir='ltr'><em>vel)</em></span> <span class='ocrx_word' id='word_1_48' title='bbox 2066 405 2114 444; x_wconf 73' lang='lat' dir='ltr'><em>ita</em></span> <span class='ocrx_word' id='word_1_49' title='bbox 2143 406 2185 445; x_wconf 88' lang='lat' dir='ltr'><em>B.</em></span> <span class='ocrx_word' id='word_1_50' title='bbox 2205 407 2238 456; x_wconf 89' lang='lat' dir='ltr'><em>J.</em></span> 
     </span>
    </p>

    <p class='ocr_par' dir='ltr' id='par_1_7' title="bbox 193 448 2197 506">
     <span class='ocr_line' id='line_1_7' title="bbox 193 448 2197 506; baseline 0.001 -14"><span class='ocrx_word' id='word_1_51' title='bbox 193 455 282 493; x_wconf 84' lang='lat' dir='ltr'><em>locus</em></span> <span class='ocrx_word' id='word_1_52' title='bbox 307 456 342 503; x_wconf 88' lang='lat' dir='ltr'><em>J.</em></span> <span class='ocrx_word' id='word_1_53' title='bbox 1226 469 1262 477; x_wconf 34' lang='lat' dir='ltr'>x</span> <span class='ocrx_word' id='word_1_54' title='bbox 1480 467 1543 473; x_wconf 83' lang='grc'>-</span> <span class='ocrx_word' id='word_1_55' title='bbox 1574 448 1807 499; x_wconf 62' lang='grc' dir='ltr'><em>θοΜΜθηάαῑ)</em></span> <span class='ocrx_word' id='word_1_56' title='bbox 1837 454 2077 491; x_wconf 86' lang='lat' dir='ltr'><em>commendant</em></span> <span class='ocrx_word' id='word_1_57' title='bbox 2096 456 2135 494; x_wconf 88' lang='lat' dir='ltr'><em>B.</em></span> <span class='ocrx_word' id='word_1_58' title='bbox 2165 459 2197 506; x_wconf 89' lang='lat' dir='ltr'><em>J.</em></span> 
     </span>
    </p>

    <p class='ocr_par' dir='ltr' id='par_1_8' title="bbox 190 495 2373 653">
     <span class='ocr_line' id='line_1_8' title="bbox 363 495 2373 556; baseline 0.002 -14"><span class='ocrx_word' id='word_1_59' title='bbox 363 517 395 546; x_wconf 77' lang='grc'><em>4.</em></span> <span class='ocrx_word' id='word_1_60' title='bbox 424 509 516 553; x_wconf 81' lang='lat' dir='ltr'><em>Apte</em></span> <span class='ocrx_word' id='word_1_61' title='bbox 536 516 552 539; x_wconf 91' lang='lat' dir='ltr'><em>e</em></span> <span class='ocrx_word' id='word_1_62' title='bbox 576 503 624 539; x_wconf 87' lang='lat' dir='ltr'><em>im</em></span> <span class='ocrx_word' id='word_1_63' title='bbox 655 510 698 540; x_wconf 68' lang='lat' dir='ltr'><em>ey</em></span> <span class='ocrx_word' id='word_1_64' title='bbox 727 499 827 537; x_wconf 79' lang='lat' dir='ltr'><em>varie</em></span> <span class='ocrx_word' id='word_1_65' title='bbox 856 509 947 535; x_wconf 88' lang='lat' dir='ltr'><em>nunc</em></span> <span class='ocrx_word' id='word_1_66' title='bbox 977 495 1229 540; x_wconf 82' lang='lat' dir='ltr'><em>attollebatur,</em></span> <span class='ocrx_word' id='word_1_67' title='bbox 1505 505 1537 544; x_wconf 89' lang='lat'><em>3.</em></span> <span class='ocrx_word' id='word_1_68' title='bbox 1558 505 1793 547; x_wconf 71' lang='lat' dir='ltr'><em>praecerpam)</em></span> <span class='ocrx_word' id='word_1_69' title='bbox 1817 509 2030 549; x_wconf 83' lang='lat' dir='ltr'><em>praeteream</em></span> <span class='ocrx_word' id='word_1_70' title='bbox 2055 507 2100 543; x_wconf 88' lang='lat' dir='ltr'><em>A.</em></span> <span class='ocrx_word' id='word_1_71' title='bbox 2116 507 2149 555; x_wconf 92' lang='lat' dir='ltr'><em>J.</em></span> <span class='ocrx_word' id='word_1_72' title='bbox 2170 507 2314 556; x_wconf 87' lang='lat' dir='ltr'><em>perdam</em></span> <span class='ocrx_word' id='word_1_73' title='bbox 2330 509 2373 548; x_wconf 82' lang='lat' dir='ltr'><em>B.</em></span> 
     </span>
     <span class='ocr_line' id='line_1_9' title="bbox 190 548 2162 604; baseline -0.005 -11"><span class='ocrx_word' id='word_1_74' title='bbox 190 568 282 593; x_wconf 81' lang='lat' dir='ltr'><em>nanc</em></span> <span class='ocrx_word' id='word_1_75' title='bbox 306 554 471 604; x_wconf 87' lang='lat' dir='ltr'><em>refidebat</em></span> <span class='ocrx_word' id='word_1_76' title='bbox 521 555 626 589; x_wconf 85' lang='lat' dir='ltr'><em>Altae</em></span> <span class='ocrx_word' id='word_1_77' title='bbox 645 550 784 590; x_wconf 61' lang='lat' dir='ltr'><em>enim&amp;¹</em></span> <span class='ocrx_word' id='word_1_78' title='bbox 804 550 928 586; x_wconf 84' lang='lat' dir='ltr'><em>variae</em></span> <span class='ocrx_word' id='word_1_79' title='bbox 942 549 1129 600; x_wconf 72' lang='lat' dir='ltr'><em>sententiae</em></span> <span class='ocrx_word' id='word_1_80' title='bbox 1139 559 1231 584; x_wconf 88' lang='lat' dir='ltr'><em>nunc</em></span> <span class='ocrx_word' id='word_1_81' title='bbox 1500 556 1535 591; x_wconf 90' lang='lat'><em>4.</em></span> <span class='ocrx_word' id='word_1_82' title='bbox 1563 548 1668 590; x_wconf 74' lang='lat' dir='ltr'><em>Rufo)</em></span> <span class='ocrx_word' id='word_1_83' title='bbox 1695 548 1789 585; x_wconf 88' lang='lat' dir='ltr'><em>Aulo</em></span> <span class='ocrx_word' id='word_1_84' title='bbox 1811 553 1902 598; x_wconf 81' lang='lat' dir='ltr'><em>Ruso</em></span> <span class='ocrx_word' id='word_1_85' title='bbox 1930 554 1978 590; x_wconf 81' lang='lat' dir='ltr'><em>A.</em></span> <span class='ocrx_word' id='word_1_86' title='bbox 2160 563 2162 565; x_wconf 96' lang='lat'>·</span> 
     </span>
     <span class='ocr_line' id='line_1_10' title="bbox 191 597 2168 653; baseline -0.002 -9"><span class='ocrx_word' id='word_1_87' title='bbox 191 606 438 648; x_wconf 63' lang='lat' dir='ltr'><em>attollelamr,</em></span> <span class='ocrx_word' id='word_1_88' title='bbox 466 614 556 640; x_wconf 88' lang='lat' dir='ltr'><em>nunc</em></span> <span class='ocrx_word' id='word_1_89' title='bbox 581 601 744 640; x_wconf 85' lang='lat' dir='ltr'><em>relidebat</em></span> <span class='ocrx_word' id='word_1_90' title='bbox 768 601 800 648; x_wconf 92' lang='lat' dir='ltr'><em>J.</em></span> <span class='ocrx_word' id='word_1_91' title='bbox 838 600 925 636; x_wconf 85' lang='lat' dir='ltr'><em>Alte</em></span> <span class='ocrx_word' id='word_1_92' title='bbox 949 600 1040 636; x_wconf 86' lang='lat' dir='ltr'><em>enim</em></span> <span class='ocrx_word' id='word_1_93' title='bbox 1069 610 1160 635; x_wconf 88' lang='lat' dir='ltr'><em>nunc</em></span> <span class='ocrx_word' id='word_1_94' title='bbox 1187 608 1231 637; x_wconf 68' lang='grc' dir='ltr'><em>ω’</em></span> <span class='ocrx_word' id='word_1_95' title='bbox 1421 597 1555 644; x_wconf 81' lang='lat' dir='ltr'>penult.</span> <span class='ocrx_word' id='word_1_96' title='bbox 1583 598 1740 648; x_wconf 73' lang='lat' dir='ltr'><em>debeam)</em></span> <span class='ocrx_word' id='word_1_97' title='bbox 1753 608 1801 638; x_wconf 84' lang='lat' dir='ltr'><em>1ta</em></span> <span class='ocrx_word' id='word_1_98' title='bbox 1822 602 1855 638; x_wconf 90' lang='lat' dir='ltr'><strong>A</strong></span> <span class='ocrx_word' id='word_1_99' title='bbox 1887 603 1947 641; x_wconf 86' lang='lat' dir='ltr'><em>sed</em></span> <span class='ocrx_word' id='word_1_100' title='bbox 1959 603 2114 653; x_wconf 67' lang='lat' dir='ltr'><em>solebam</em></span> <span class='ocrx_word' id='word_1_101' title='bbox 2126 609 2168 646; x_wconf 87' lang='grc' dir='ltr'><em>Β.</em></span> 
     </span>
    </p>

    <p class='ocr_par' dir='ltr' id='par_1_9' title="bbox 116 647 2092 753">
     <span class='ocr_line' id='line_1_11' title="bbox 116 647 2092 704; baseline 0 -11"><span class='ocrx_word' id='word_1_102' title='bbox 116 682 120 693; x_wconf 80' lang='grc'><em>,</em></span> <span class='ocrx_word' id='word_1_103' title='bbox 190 658 292 694; x_wconf 81' lang='lat' dir='ltr'><em>varie</em></span> <span class='ocrx_word' id='word_1_104' title='bbox 319 656 556 696; x_wconf 67' lang='lat' dir='ltr'><em>attollebatur,</em></span> <span class='ocrx_word' id='word_1_105' title='bbox 583 663 674 688; x_wconf 85' lang='lat' dir='ltr'><em>nunc</em></span> <span class='ocrx_word' id='word_1_106' title='bbox 699 649 860 699; x_wconf 84' lang='lat' dir='ltr'><em>relidebat</em></span> <span class='ocrx_word' id='word_1_107' title='bbox 889 652 935 687; x_wconf 89' lang='lat' dir='ltr'><em>A.</em></span> <span class='ocrx_word' id='word_1_108' title='bbox 988 648 1231 688; x_wconf 64' lang='lat' dir='ltr'><em>Alteenimeo·</em></span> <span class='ocrx_word' id='word_1_109' title='bbox 1493 648 1552 685; x_wconf 87' lang='lat' dir='ltr'><strong>ult.</strong></span> <span class='ocrx_word' id='word_1_110' title='bbox 1569 647 1860 702; x_wconf 79' lang='lat' dir='ltr'><em>obversabantur)</em></span> <span class='ocrx_word' id='word_1_111' title='bbox 1887 654 1933 691; x_wconf 84' lang='lat' dir='ltr'><em>ita</em></span> <span class='ocrx_word' id='word_1_112' title='bbox 1953 655 2048 693; x_wconf 58' lang='grc' dir='ltr'><em>ΑΒ.</em></span> <span class='ocrx_word' id='word_1_113' title='bbox 2059 657 2092 704; x_wconf 90' lang='grc' dir='ltr'><em>Ι.</em></span> 
     </span>
     <span class='ocr_line' id='line_1_12' title="bbox 191 695 1923 753; baseline -0.002 -9"><span class='ocrx_word' id='word_1_114' title='bbox 191 708 291 744; x_wconf 88' lang='lat' dir='ltr'><em>varie</em></span> <span class='ocrx_word' id='word_1_115' title='bbox 311 718 400 742; x_wconf 88' lang='lat' dir='ltr'><em>nunc</em></span> <span class='ocrx_word' id='word_1_116' title='bbox 417 702 671 741; x_wconf 78' lang='lat' dir='ltr'><em>attollebatur:</em></span> <span class='ocrx_word' id='word_1_117' title='bbox 706 712 795 737; x_wconf 89' lang='lat' dir='ltr'><em>nunc</em></span> <span class='ocrx_word' id='word_1_118' title='bbox 819 700 983 744; x_wconf 81' lang='lat' dir='ltr'><em>relidebat</em></span> <span class='ocrx_word' id='word_1_119' title='bbox 1010 701 1048 739; x_wconf 87' lang='grc' dir='ltr'><em>Β.</em></span> <span class='ocrx_word' id='word_1_120' title='bbox 1280 695 1319 733; x_wconf 85' lang='grc' dir='ltr'><em>Ρ.</em></span> <span class='ocrx_word' id='word_1_121' title='bbox 1350 707 1435 744; x_wconf 86' lang='lat'><strong>392.</strong></span> <span class='ocrx_word' id='word_1_122' title='bbox 1461 698 1485 735; x_wconf 90' lang='lat'><em>1.</em></span> <span class='ocrx_word' id='word_1_123' title='bbox 1511 711 1545 736; x_wconf 88' lang='lat'><em>2.</em></span> <span class='ocrx_word' id='word_1_124' title='bbox 1572 712 1670 737; x_wconf 90' lang='lat' dir='ltr'><em>mora</em></span> <span class='ocrx_word' id='word_1_125' title='bbox 1715 706 1923 753; x_wconf 90' lang='lat' dir='ltr'><em>morarerJ.</em></span> 
     </span>
    </p>

    <p class='ocr_par' dir='ltr' id='par_1_10' title="bbox 139 746 2370 906">
     <span class='ocr_line' id='line_1_13' title="bbox 139 746 2370 808; baseline 0.001 -13"><span class='ocrx_word' id='word_1_126' title='bbox 139 759 178 798; x_wconf 83' lang='lat' dir='ltr'><em>P.</em></span> <span class='ocrx_word' id='word_1_127' title='bbox 210 757 296 808; x_wconf 85' lang='lat'><strong>382.</strong></span> <span class='ocrx_word' id='word_1_128' title='bbox 320 757 339 794; x_wconf 89' lang='grc'><em>1.</em></span> <span class='ocrx_word' id='word_1_129' title='bbox 368 766 401 805; x_wconf 89' lang='lat'><em>3.</em></span> <span class='ocrx_word' id='word_1_130' title='bbox 425 753 620 802; x_wconf 80' lang='lat' dir='ltr'><em>pulchriora</em></span> <span class='ocrx_word' id='word_1_131' title='bbox 640 753 681 790; x_wconf 90' lang='lat' dir='ltr'><em>de</em></span> <span class='ocrx_word' id='word_1_132' title='bbox 692 753 844 801; x_wconf 84' lang='lat' dir='ltr'><strong>juvene.</strong></span> <span class='ocrx_word' id='word_1_133' title='bbox 873 753 1007 789; x_wconf 72' lang='lat' dir='ltr'><em>rariora</em></span> <span class='ocrx_word' id='word_1_134' title='bbox 1043 752 1083 788; x_wconf 83' lang='lat' dir='ltr'><em>cle</em></span> <span class='ocrx_word' id='word_1_135' title='bbox 1105 749 1226 796; x_wconf 78' lang='lat' dir='ltr'><em>nobili)</em></span> <span class='ocrx_word' id='word_1_136' title='bbox 1279 746 1320 783; x_wconf 88' lang='grc' dir='ltr'><em>Ρ.</em></span> <span class='ocrx_word' id='word_1_137' title='bbox 1349 757 1441 796; x_wconf 77' lang='lat'><strong>393.</strong></span> <span class='ocrx_word' id='word_1_138' title='bbox 1460 748 1482 787; x_wconf 90' lang='lat' dir='ltr'><em>l.</em></span> <span class='ocrx_word' id='word_1_139' title='bbox 1511 761 1543 785; x_wconf 85' lang='lat'><em>2.</em></span> <span class='ocrx_word' id='word_1_140' title='bbox 1570 750 1629 799; x_wconf 81' lang='lat' dir='ltr'><em>qui</em></span> <span class='ocrx_word' id='word_1_141' title='bbox 1660 751 1746 800; x_wconf 78' lang='lat' dir='ltr'><em>quid</em></span> <span class='ocrx_word' id='word_1_142' title='bbox 1774 757 1919 804; x_wconf 82' lang='lat' dir='ltr'><em>negotii)</em></span> <span class='ocrx_word' id='word_1_143' title='bbox 1947 754 2098 806; x_wconf 76' lang='lat' dir='ltr'><em>quisquis</em></span> <span class='ocrx_word' id='word_1_144' title='bbox 2124 756 2292 807; x_wconf 82' lang='lat' dir='ltr'><em>negotium</em></span> <span class='ocrx_word' id='word_1_145' title='bbox 2321 758 2370 800; x_wconf 82' lang='lat' dir='ltr'><em>A.</em></span> 
     </span>
     <span class='ocr_line' id='line_1_14' title="bbox 186 796 1429 858; baseline -0.009 -13"><span class='ocrx_word' id='word_1_146' title='bbox 186 805 382 858; x_wconf 82' lang='lat' dir='ltr'><em>pulchriora</em></span> <span class='ocrx_word' id='word_1_147' title='bbox 405 805 446 842; x_wconf 90' lang='lat' dir='ltr'><em>de</em></span> <span class='ocrx_word' id='word_1_148' title='bbox 464 805 720 842; x_wconf 84' lang='lat' dir='ltr'><em>inveneratione</em></span> <span class='ocrx_word' id='word_1_149' title='bbox 741 805 782 840; x_wconf 87' lang='lat' dir='ltr'><em>de</em></span> <span class='ocrx_word' id='word_1_150' title='bbox 801 802 904 839; x_wconf 79' lang='lat' dir='ltr'><em>nobili</em></span> <span class='ocrx_word' id='word_1_151' title='bbox 927 803 1122 839; x_wconf 80' lang='lat' dir='ltr'><em>recitatione</em></span> <span class='ocrx_word' id='word_1_152' title='bbox 1144 801 1229 849; x_wconf 84' lang='lat' dir='ltr'><em>fini-</em></span> <span class='ocrx_word' id='word_1_153' title='bbox 1330 796 1371 835; x_wconf 93' lang='lat' dir='ltr'><em>B.</em></span> <span class='ocrx_word' id='word_1_154' title='bbox 1395 799 1429 845; x_wconf 91' lang='lat' dir='ltr'><em>J.</em></span> 
     </span>
     <span class='ocr_line' id='line_1_15' title="bbox 192 851 1229 906; baseline -0.003 -14"><span class='ocrx_word' id='word_1_155' title='bbox 192 869 231 897; x_wconf 73' lang='lat' dir='ltr'><em>ta</em></span> <span class='ocrx_word' id='word_1_156' title='bbox 273 863 301 894; x_wconf 63' lang='grc' dir='ltr'><em>ἱ.</em></span> <span class='ocrx_word' id='word_1_157' title='bbox 323 855 516 903; x_wconf 69' lang='lat' dir='ltr'><em>pulchriora</em></span> <span class='ocrx_word' id='word_1_158' title='bbox 549 855 590 891; x_wconf 88' lang='lat' dir='ltr'><em>de</em></span> <span class='ocrx_word' id='word_1_159' title='bbox 630 854 843 906; x_wconf 58' lang='lat' dir='ltr'><em>venetgatione</em></span> <span class='ocrx_word' id='word_1_160' title='bbox 873 854 912 889; x_wconf 89' lang='lat' dir='ltr'><em>de</em></span> <span class='ocrx_word' id='word_1_161' title='bbox 945 851 1048 889; x_wconf 80' lang='lat' dir='ltr'><em>&#39;nobili</em></span> <span class='ocrx_word' id='word_1_162' title='bbox 1077 864 1107 889; x_wconf 90' lang='lat'><em>1.</em></span> <span class='ocrx_word' id='word_1_163' title='bbox 1127 854 1162 899; x_wconf 87' lang='lat' dir='ltr'><em>f.</em></span> <span class='ocrx_word' id='word_1_164' title='bbox 1188 851 1229 889; x_wconf 89' lang='lat' dir='ltr'><em>B.</em></span> 
     </span>
    </p>
   </div>
   <div class='ocr_carea' id='block_1_5' title="bbox 182 902 1963 1005">
    <p class='ocr_par' dir='ltr' id='par_1_11' title="bbox 182 902 1963 1005">
     <span class='ocr_line' id='line_1_16' title="bbox 182 902 1795 960; baseline -0.004 -15"><span class='ocrx_word' id='word_1_165' title='bbox 182 906 379 959; x_wconf 80' lang='lat' dir='ltr'><em>pulchriora</em></span> <span class='ocrx_word' id='word_1_166' title='bbox 404 907 486 944; x_wconf 88' lang='lat' dir='ltr'><em>haec</em></span> <span class='ocrx_word' id='word_1_167' title='bbox 506 904 700 943; x_wconf 83' lang='lat' dir='ltr'><em>verecunda</em></span> <span class='ocrx_word' id='word_1_168' title='bbox 721 905 917 943; x_wconf 81' lang='lat' dir='ltr'><em>recitatione</em></span> <span class='ocrx_word' id='word_1_169' title='bbox 945 902 1153 941; x_wconf 80' lang='lat' dir='ltr'><em>amabiliora</em></span> <span class='ocrx_word' id='word_1_170' title='bbox 1166 904 1231 954; x_wconf 88' lang='lat' dir='ltr'><em>fie-</em></span> <span class='ocrx_word' id='word_1_171' title='bbox 1282 916 1302 924; x_wconf 95' lang='lat'><em>··</em></span> <span class='ocrx_word' id='word_1_172' title='bbox 1653 953 1658 957; x_wconf 93' lang='lat'><em>.</em></span> <span class='ocrx_word' id='word_1_173' title='bbox 1790 955 1795 960; x_wconf 89' lang='lat'><em>.</em></span> 
     </span>
     <span class='ocr_line' id='line_1_17' title="bbox 192 956 1963 1005; baseline -0.002 -10"><span class='ocrx_word' id='word_1_174' title='bbox 192 959 224 998; x_wconf 86' lang='lat' dir='ltr'><em>ri</em></span> <span class='ocrx_word' id='word_1_175' title='bbox 247 958 279 1005; x_wconf 88' lang='lat' dir='ltr'><em>J.</em></span> <span class='ocrx_word' id='word_1_176' title='bbox 543 958 547 961; x_wconf 7' lang='grc' dir='ltr'><strong>Β</strong></span> <span class='ocrx_word' id='word_1_177' title='bbox 1486 974 1545 979; x_wconf 83' lang='grc'>-</span> <span class='ocrx_word' id='word_1_178' title='bbox 1573 956 1760 1000; x_wconf 55' lang='lat' dir='ltr'><em>corrigeretN</em></span> <span class='ocrx_word' id='word_1_179' title='bbox 1787 963 1833 992; x_wconf 78' lang='lat' dir='ltr'><em>lta</em></span> <span class='ocrx_word' id='word_1_180' title='bbox 1854 957 1900 994; x_wconf 90' lang='lat' dir='ltr'><em>A.</em></span> <span class='ocrx_word' id='word_1_181' title='bbox 1928 959 1963 1005; x_wconf 88' lang='lat' dir='ltr'><em>J.</em></span> 
     </span>
    </p>
   </div>
   <div class='ocr_carea' id='block_1_6' title="bbox 1283 361 1477 373">
    <p class='ocr_par' dir='ltr' id='par_1_12' title="bbox 1283 361 1477 373">
     <span class='ocr_line' id='line_1_18' title="bbox 1283 361 1477 373; baseline 0 3313"><span class='ocrx_word' id='word_1_182' title='bbox 1283 361 1477 373; x_wconf 95' lang='lat' dir='ltr'><em> </em></span> 
     </span>
    </p>
   </div>
   <div class='ocr_carea' id='block_1_7' title="bbox 1283 463 1473 475">
    <p class='ocr_par' dir='ltr' id='par_1_13' title="bbox 1283 463 1473 475">
     <span class='ocr_line' id='line_1_19' title="bbox 1283 463 1473 475; baseline 0 0"><span class='ocrx_word' id='word_1_183' title='bbox 1283 463 1473 475; x_wconf 95' lang='lat' dir='ltr'><em> </em></span> 
     </span>
    </p>
   </div>
   <div class='ocr_carea' id='block_1_8' title="bbox 1281 514 1475 526">
    <p class='ocr_par' dir='ltr' id='par_1_14' title="bbox 1281 514 1475 526">
     <span class='ocr_line' id='line_1_20' title="bbox 1281 514 1475 526; baseline 0 3160"><span class='ocrx_word' id='word_1_184' title='bbox 1281 514 1475 526; x_wconf 95' lang='lat' dir='ltr'><em> </em></span> 
     </span>
    </p>
   </div>
   <div class='ocr_carea' id='block_1_9' title="bbox 141 527 333 539">
    <p class='ocr_par' dir='ltr' id='par_1_15' title="bbox 141 527 333 539">
     <span class='ocr_line' id='line_1_21' title="bbox 141 527 333 539; baseline 0 3147"><span class='ocrx_word' id='word_1_185' title='bbox 141 527 333 539; x_wconf 95' lang='lat' dir='ltr'><em> </em></span> 
     </span>
    </p>
   </div>
   <div class='ocr_carea' id='block_1_10' title="bbox 1282 561 1473 573">
    <p class='ocr_par' dir='ltr' id='par_1_16' title="bbox 1282 561 1473 573">
     <span class='ocr_line' id='line_1_22' title="bbox 1282 561 1473 573; baseline 0 0"><span class='ocrx_word' id='word_1_186' title='bbox 1282 561 1473 573; x_wconf 95' lang='lat' dir='ltr'><em> </em></span> 
     </span>
    </p>
   </div>
   <div class='ocr_carea' id='block_1_11' title="bbox 1282 617 1394 624">
    <p class='ocr_par' dir='ltr' id='par_1_17' title="bbox 1282 617 1394 624">
     <span class='ocr_line' id='line_1_23' title="bbox 1282 617 1394 624; baseline 0 0"><span class='ocrx_word' id='word_1_187' title='bbox 1282 617 1394 624; x_wconf 95' lang='lat' dir='ltr'><em> </em></span> 
     </span>
    </p>
   </div>
   <div class='ocr_carea' id='block_1_12' title="bbox 1282 668 1473 677">
    <p class='ocr_par' dir='ltr' id='par_1_18' title="bbox 1282 668 1473 677">
     <span class='ocr_line' id='line_1_24' title="bbox 1282 668 1473 677; baseline 0 3009"><span class='ocrx_word' id='word_1_188' title='bbox 1282 668 1473 677; x_wconf 95' lang='lat' dir='ltr'><em> </em></span> 
     </span>
    </p>
   </div>
   <div class='ocr_carea' id='block_1_13' title="bbox 1280 868 1474 879">
    <p class='ocr_par' dir='ltr' id='par_1_19' title="bbox 1280 868 1474 879">
     <span class='ocr_line' id='line_1_25' title="bbox 1280 868 1474 879; baseline 0 0"><span class='ocrx_word' id='word_1_189' title='bbox 1280 868 1474 879; x_wconf 95' lang='lat' dir='ltr'><em> </em></span> 
     </span>
    </p>
   </div>
   <div class='ocr_carea' id='block_1_14' title="bbox 1466 848 2163 957">
    <p class='ocr_par' dir='ltr' id='par_1_20' title="bbox 1466 848 2163 957">
     <span class='ocr_line' id='line_1_26' title="bbox 1501 848 2143 905; baseline 0.019 -21"><span class='ocrx_word' id='word_1_190' title='bbox 1501 848 1534 884; x_wconf 91' lang='lat'><em>6.</em></span> <span class='ocrx_word' id='word_1_191' title='bbox 1557 851 1838 900; x_wconf 74' lang='lat' dir='ltr'><em>permittebatur)</em></span> <span class='ocrx_word' id='word_1_192' title='bbox 1863 856 2081 905; x_wconf 85' lang='lat' dir='ltr'><em>permittebat</em></span> <span class='ocrx_word' id='word_1_193' title='bbox 2104 857 2143 897; x_wconf 88' lang='lat' dir='ltr'><em>B.</em></span> 
     </span>
     <span class='ocr_line' id='line_1_27' title="bbox 1466 902 2163 957; baseline 0.017 -23"><span class='ocrx_word' id='word_1_194' title='bbox 1466 902 1590 947; x_wconf 86' lang='lat' dir='ltr'><em>penu&#39;t</em></span> <span class='ocrx_word' id='word_1_195' title='bbox 1622 907 1749 950; x_wconf 83' lang='lat' dir='ltr'><em>curva)</em></span> <span class='ocrx_word' id='word_1_196' title='bbox 1777 905 1883 942; x_wconf 88' lang='lat' dir='ltr'><em>turba</em></span> <span class='ocrx_word' id='word_1_197' title='bbox 1903 908 1948 945; x_wconf 88' lang='lat' dir='ltr'><em>A.</em></span> <span class='ocrx_word' id='word_1_198' title='bbox 1970 908 2113 945; x_wconf 86' lang='lat' dir='ltr'><em>turbam</em></span> <span class='ocrx_word' id='word_1_199' title='bbox 2129 910 2163 957; x_wconf 89' lang='lat' dir='ltr'><em>J.</em></span> 
     </span>
    </p>
   </div>
   <div class='ocr_carea' id='block_1_15' title="bbox 1304 915 1437 926">
    <p class='ocr_par' dir='ltr' id='par_1_21' title="bbox 1304 915 1437 926">
     <span class='ocr_line' id='line_1_28' title="bbox 1304 915 1437 926; baseline 0 0"><span class='ocrx_word' id='word_1_200' title='bbox 1304 915 1437 926; x_wconf 95' lang='lat' dir='ltr'><em> </em></span> 
     </span>
    </p>
   </div>
   <div class='ocr_carea' id='block_1_16' title="bbox 1280 966 1476 976">
    <p class='ocr_par' dir='ltr' id='par_1_22' title="bbox 1280 966 1476 976">
     <span class='ocr_line' id='line_1_29' title="bbox 1280 966 1476 976; baseline 0 2710"><span class='ocrx_word' id='word_1_201' title='bbox 1280 966 1476 976; x_wconf 95' lang='lat' dir='ltr'><em> </em></span> 
     </span>
    </p>
   </div>
   <div class='ocr_carea' id='block_1_17' title="bbox 1280 1072 1474 1082">
    <p class='ocr_par' dir='ltr' id='par_1_23' title="bbox 1280 1072 1474 1082">
     <span class='ocr_line' id='line_1_30' title="bbox 1280 1072 1474 1082; baseline 0 0"><span class='ocrx_word' id='word_1_202' title='bbox 1280 1072 1474 1082; x_wconf 95' lang='lat' dir='ltr'><em> </em></span> 
     </span>
    </p>
   </div>
   <div class='ocr_carea' id='block_1_18' title="bbox 137 998 2373 1209">
    <p class='ocr_par' dir='ltr' id='par_1_24' title="bbox 137 998 2373 1209">
     <span class='ocr_line' id='line_1_31' title="bbox 143 998 2197 1058; baseline 0.001 -15"><span class='ocrx_word' id='word_1_203' title='bbox 143 1029 332 1043; x_wconf 86' lang='lat'><em>-—-—</em></span> <span class='ocrx_word' id='word_1_204' title='bbox 361 1005 395 1042; x_wconf 95' lang='lat'><em>6.</em></span> <span class='ocrx_word' id='word_1_205' title='bbox 420 1006 499 1054; x_wconf 78' lang='lat' dir='ltr'><em>ipse)</em></span> <span class='ocrx_word' id='word_1_206' title='bbox 527 1004 648 1042; x_wconf 80' lang='lat' dir='ltr'><em>delent</em></span> <span class='ocrx_word' id='word_1_207' title='bbox 663 1005 708 1042; x_wconf 84' lang='lat' dir='ltr'><em>A.</em></span> <span class='ocrx_word' id='word_1_208' title='bbox 730 1005 770 1042; x_wconf 88' lang='lat' dir='ltr'><em>B.</em></span> <span class='ocrx_word' id='word_1_209' title='bbox 791 1005 823 1052; x_wconf 84' lang='grc' dir='ltr'><em>Ι.</em></span> <span class='ocrx_word' id='word_1_210' title='bbox 895 1042 898 1045; x_wconf 85' lang='grc'>,</span> <span class='ocrx_word' id='word_1_211' title='bbox 923 1020 927 1023; x_wconf 78' lang='grc'>’</span> <span class='ocrx_word' id='word_1_212' title='bbox 1280 998 1321 1038; x_wconf 83' lang='lat' dir='ltr'><strong>P·</strong></span> <span class='ocrx_word' id='word_1_213' title='bbox 1348 1010 1436 1048; x_wconf 84' lang='lat'><strong>394·</strong></span> <span class='ocrx_word' id='word_1_214' title='bbox 1462 1001 1481 1038; x_wconf 83' lang='lat' dir='ltr'><em>l·</em></span> <span class='ocrx_word' id='word_1_215' title='bbox 1510 1013 1530 1037; x_wconf 89' lang='lat'><em>2</em></span> <span class='ocrx_word' id='word_1_216' title='bbox 1569 1002 1788 1050; x_wconf 55' lang='lat' dir='ltr'><em>fiediffiman</em></span> <span class='ocrx_word' id='word_1_217' title='bbox 1816 1007 2008 1055; x_wconf 81' lang='lat' dir='ltr'><em>noviffi&#39;mas</em></span> <span class='ocrx_word' id='word_1_218' title='bbox 2031 1008 2076 1047; x_wconf 85' lang='lat' dir='ltr'><em>A.</em></span> <span class='ocrx_word' id='word_1_219' title='bbox 2105 1007 2144 1047; x_wconf 88' lang='grc' dir='ltr'><em>Β.</em></span> <span class='ocrx_word' id='word_1_220' title='bbox 2162 1011 2197 1058; x_wconf 87' lang='grc' dir='ltr'><em>Ι.</em></span> 
     </span>
     <span class='ocr_line' id='line_1_32' title="bbox 142 1051 2190 1108; baseline 0.001 -14"><span class='ocrx_word' id='word_1_221' title='bbox 142 1080 332 1094; x_wconf 85' lang='grc'>-----</span> <span class='ocrx_word' id='word_1_222' title='bbox 363 1068 396 1100; x_wconf 88' lang='lat'><em>7.</em></span> <span class='ocrx_word' id='word_1_223' title='bbox 422 1069 479 1093; x_wconf 69' lang='lat' dir='ltr'><em>ex»</em></span> <span class='ocrx_word' id='word_1_224' title='bbox 508 1056 545 1093; x_wconf 85' lang='lat' dir='ltr'><em>in</em></span> <span class='ocrx_word' id='word_1_225' title='bbox 576 1060 620 1093; x_wconf 55' lang='lat' dir='ltr'><em>A.</em></span> <span class='ocrx_word' id='word_1_226' title='bbox 673 1086 680 1093; x_wconf 92' lang='lat'><em>.</em></span> <span class='ocrx_word' id='word_1_227' title='bbox 730 1085 734 1091; x_wconf 96' lang='lat'><em>.</em></span> <span class='ocrx_word' id='word_1_228' title='bbox 1389 1085 1392 1088; x_wconf 88' lang='lat'><em>.</em></span> <span class='ocrx_word' id='word_1_229' title='bbox 1503 1051 1567 1089; x_wconf 85' lang='lat' dir='ltr'><strong>ult.</strong></span> <span class='ocrx_word' id='word_1_230' title='bbox 1587 1053 1791 1102; x_wconf 77' lang='lat' dir='ltr'><em>probantur¹</em></span> <span class='ocrx_word' id='word_1_231' title='bbox 1820 1061 2006 1106; x_wconf 65' lang='lat' dir='ltr'><em>procedunt</em></span> <span class='ocrx_word' id='word_1_232' title='bbox 2025 1059 2071 1095; x_wconf 88' lang='lat' dir='ltr'><em>A.</em></span> <span class='ocrx_word' id='word_1_233' title='bbox 2093 1059 2131 1096; x_wconf 89' lang='lat' dir='ltr'><em>B.</em></span> <span class='ocrx_word' id='word_1_234' title='bbox 2156 1062 2190 1108; x_wconf 89' lang='lat' dir='ltr'><em>J.</em></span> 
     </span>
     <span class='ocr_line' id='line_1_33' title="bbox 137 1100 2373 1160; baseline 0.007 -26"><span class='ocrx_word' id='word_1_235' title='bbox 137 1128 328 1142; x_wconf 59' lang='lat'><em>,-</em></span> <span class='ocrx_word' id='word_1_236' title='bbox 359 1118 415 1143; x_wconf 70' lang='grc' dir='ltr'><em>Η,</em></span> <span class='ocrx_word' id='word_1_237' title='bbox 438 1105 605 1154; x_wconf 53' lang='lat' dir='ltr'><em>effictum)</em></span> <span class='ocrx_word' id='word_1_238' title='bbox 632 1105 781 1154; x_wconf 66' lang='lat' dir='ltr'><em>fficium</em></span> <span class='ocrx_word' id='word_1_239' title='bbox 801 1105 848 1143; x_wconf 71' lang='lat' dir='ltr'><em>A,</em></span> <span class='ocrx_word' id='word_1_240' title='bbox 878 1104 919 1144; x_wconf 83' lang='grc' dir='ltr'><em>Β,</em></span> <span class='ocrx_word' id='word_1_241' title='bbox 1278 1100 1318 1140; x_wconf 88' lang='grc' dir='ltr'><em>Ρ.</em></span> <span class='ocrx_word' id='word_1_242' title='bbox 1347 1112 1430 1150; x_wconf 81' lang='lat'><strong>305.</strong></span> <span class='ocrx_word' id='word_1_243' title='bbox 1457 1103 1479 1140; x_wconf 85' lang='lat'><em>1.</em></span> <span class='ocrx_word' id='word_1_244' title='bbox 1511 1114 1542 1141; x_wconf 91' lang='lat'><em>1.</em></span> <span class='ocrx_word' id='word_1_245' title='bbox 1569 1105 1668 1141; x_wconf 69' lang='lat' dir='ltr'><em>modo</em></span> <span class='ocrx_word' id='word_1_246' title='bbox 1692 1105 1889 1155; x_wconf 74' lang='lat' dir='ltr'><em>diligentiae</em></span> <span class='ocrx_word' id='word_1_247' title='bbox 1920 1110 2013 1147; x_wconf 85' lang='lat' dir='ltr'><em>modo</em></span> <span class='ocrx_word' id='word_1_248' title='bbox 2038 1110 2228 1160; x_wconf 82' lang='lat' dir='ltr'><em>vanitatis)</em></span> <span class='ocrx_word' id='word_1_249' title='bbox 2251 1109 2373 1150; x_wconf 74' lang='lat' dir='ltr'><em>delent</em></span> 
     </span>
     <span class='ocr_line' id='line_1_34' title="bbox 138 1152 1496 1209; baseline -0.005 -13"><span class='ocrx_word' id='word_1_250' title='bbox 138 1161 178 1199; x_wconf 91' lang='lat' dir='ltr'><em>P.</em></span> <span class='ocrx_word' id='word_1_251' title='bbox 204 1158 287 1209; x_wconf 86' lang='lat'><strong>383.</strong></span> <span class='ocrx_word' id='word_1_252' title='bbox 318 1157 341 1195; x_wconf 91' lang='lat' dir='ltr'><em>l.</em></span> <span class='ocrx_word' id='word_1_253' title='bbox 374 1169 405 1194; x_wconf 85' lang='lat'><em>1.</em></span> <span class='ocrx_word' id='word_1_254' title='bbox 437 1162 569 1204; x_wconf 51' lang='lat' dir='ltr'><em>imacro)</em></span> <span class='ocrx_word' id='word_1_255' title='bbox 601 1162 723 1194; x_wconf 87' lang='lat' dir='ltr'><em>Marco</em></span> <span class='ocrx_word' id='word_1_256' title='bbox 753 1159 796 1194; x_wconf 70' lang='lat' dir='ltr'><em>A.</em></span> <span class='ocrx_word' id='word_1_257' title='bbox 1332 1153 1379 1190; x_wconf 90' lang='lat' dir='ltr'><em>A.</em></span> <span class='ocrx_word' id='word_1_258' title='bbox 1399 1152 1439 1190; x_wconf 90' lang='grc' dir='ltr'><em>Β.</em></span> <span class='ocrx_word' id='word_1_259' title='bbox 1461 1155 1496 1201; x_wconf 87' lang='lat' dir='ltr'><strong>J.</strong></span> 
     </span>
    </p>
   </div>
   <div class='ocr_carea' id='block_1_19' title="bbox 139 1227 329 1239">
    <p class='ocr_par' dir='ltr' id='par_1_25' title="bbox 139 1227 329 1239">
     <span class='ocr_line' id='line_1_35' title="bbox 139 1227 329 1239; baseline 0 2447"><span class='ocrx_word' id='word_1_260' title='bbox 139 1227 329 1239; x_wconf 95' lang='lat' dir='ltr'><em> </em></span> 
     </span>
    </p>
   </div>
   <div class='ocr_carea' id='block_1_20' title="bbox 136 1202 2370 1512">
    <p class='ocr_par' dir='ltr' id='par_1_26' title="bbox 360 1202 2370 1264">
     <span class='ocr_line' id='line_1_36' title="bbox 387 1204 2370 1259; baseline 0.005 -20"><span class='ocrx_word' id='word_1_261' title='bbox 387 1233 394 1242; x_wconf 94' lang='lat'><em>.</em></span> <span class='ocrx_word' id='word_1_262' title='bbox 421 1207 594 1244; x_wconf 61' lang='lat' dir='ltr'><em>viridibus</em></span> <span class='ocrx_word' id='word_1_263' title='bbox 637 1208 770 1244; x_wconf 67' lang='lat' dir='ltr'><em>vitibus·</em></span> <span class='ocrx_word' id='word_1_264' title='bbox 804 1206 851 1244; x_wconf 83' lang='grc' dir='ltr'><em>Α,</em></span> <span class='ocrx_word' id='word_1_265' title='bbox 877 1205 917 1242; x_wconf 90' lang='grc' dir='ltr'><em>Β.</em></span> <span class='ocrx_word' id='word_1_266' title='bbox 948 1204 1083 1243; x_wconf 78' lang='lat' dir='ltr'><em>ratibus</em></span> <span class='ocrx_word' id='word_1_267' title='bbox 1106 1207 1140 1253; x_wconf 85' lang='lat' dir='ltr'><em>J.</em></span> <span class='ocrx_word' id='word_1_268' title='bbox 1308 1232 1317 1242; x_wconf 86' lang='lat'><em>.</em></span> <span class='ocrx_word' id='word_1_269' title='bbox 1346 1215 1432 1253; x_wconf 87' lang='lat'><strong>397.</strong></span> <span class='ocrx_word' id='word_1_270' title='bbox 1459 1204 1482 1242; x_wconf 87' lang='lat'><em>1.</em></span> <span class='ocrx_word' id='word_1_271' title='bbox 1514 1216 1540 1242; x_wconf 82' lang='lat' dir='ltr'><em>r.</em></span> <span class='ocrx_word' id='word_1_272' title='bbox 1584 1217 1624 1241; x_wconf 86' lang='lat' dir='ltr'><em>eu</em></span> <span class='ocrx_word' id='word_1_273' title='bbox 1642 1207 1748 1255; x_wconf 78' lang='lat' dir='ltr'><em>quod)</em></span> <span class='ocrx_word' id='word_1_274' title='bbox 1778 1221 1821 1245; x_wconf 85' lang='lat' dir='ltr'><em>ex</em></span> <span class='ocrx_word' id='word_1_275' title='bbox 1838 1221 1902 1259; x_wconf 83' lang='lat' dir='ltr'><em>quo</em></span> <span class='ocrx_word' id='word_1_276' title='bbox 1922 1209 1969 1246; x_wconf 78' lang='lat' dir='ltr'><strong>A,</strong></span> <span class='ocrx_word' id='word_1_277' title='bbox 1987 1211 2021 1258; x_wconf 91' lang='lat' dir='ltr'><em>J.</em></span> <span class='ocrx_word' id='word_1_278' title='bbox 2049 1209 2105 1247; x_wconf 85' lang='lat' dir='ltr'><em>sed</em></span> <span class='ocrx_word' id='word_1_279' title='bbox 2141 1223 2179 1246; x_wconf 89' lang='lat' dir='ltr'><em>eu</em></span> <span class='ocrx_word' id='word_1_280' title='bbox 2207 1209 2302 1248; x_wconf 84' lang='lat' dir='ltr'><em>delet</em></span> <span class='ocrx_word' id='word_1_281' title='bbox 2328 1209 2370 1250; x_wconf 88' lang='lat' dir='ltr'><em>B.</em></span> 
     </span>
     <span class='ocr_line' id='line_1_37' title="bbox 360 1202 1688 1264; baseline -0.004 -8"><span class='ocrx_word' id='word_1_282' title='bbox 360 1218 379 1256; x_wconf 86' lang='lat'><em>3</em></span> <span class='ocrx_word' id='word_1_283' title='bbox 1278 1202 1305 1240; x_wconf 88' lang='lat' dir='ltr'>P</span> <span class='ocrx_word' id='word_1_284' title='bbox 1564 1202 1594 1251; x_wconf 86' lang='lat' dir='ltr'><strong><em>s</em></strong></span> <span class='ocrx_word' id='word_1_285' title='bbox 1682 1257 1688 1264; x_wconf 47' lang='lat'><em>,</em></span> 
     </span>
    </p>

    <p class='ocr_par' dir='ltr' id='par_1_27' title="bbox 136 1256 2366 1394">
     <span class='ocr_line' id='line_1_38' title="bbox 142 1256 2366 1314; baseline 0.003 -21"><span class='ocrx_word' id='word_1_286' title='bbox 142 1277 331 1291; x_wconf 60' lang='lat'><em>----</em></span> <span class='ocrx_word' id='word_1_287' title='bbox 361 1257 397 1296; x_wconf 89' lang='lat'><em>6.</em></span> <span class='ocrx_word' id='word_1_288' title='bbox 424 1258 600 1294; x_wconf 84' lang='lat' dir='ltr'><em>interdum</em></span> <span class='ocrx_word' id='word_1_289' title='bbox 622 1256 780 1295; x_wconf 77' lang='lat' dir='ltr'><em>alternis·</em></span> <span class='ocrx_word' id='word_1_290' title='bbox 809 1256 930 1294; x_wconf 75' lang='lat' dir='ltr'><em>delent</em></span> <span class='ocrx_word' id='word_1_291' title='bbox 951 1257 986 1294; x_wconf 97' lang='lat' dir='ltr'><em>A</em></span> <span class='ocrx_word' id='word_1_292' title='bbox 1009 1256 1037 1292; x_wconf 90' lang='lat' dir='ltr'>B</span> <span class='ocrx_word' id='word_1_293' title='bbox 1057 1257 1090 1303; x_wconf 92' lang='lat' dir='ltr'><em>J.</em></span> <span class='ocrx_word' id='word_1_294' title='bbox 1332 1291 1334 1294; x_wconf 80' lang='grc'>,</span> <span class='ocrx_word' id='word_1_295' title='bbox 1502 1267 1534 1292; x_wconf 86' lang='lat'><em>2.</em></span> <span class='ocrx_word' id='word_1_296' title='bbox 1561 1267 1614 1292; x_wconf 85' lang='lat' dir='ltr'><em>me</em></span> <span class='ocrx_word' id='word_1_297' title='bbox 1634 1268 1687 1294; x_wconf 79' lang='lat' dir='ltr'><em>tui</em></span> <span class='ocrx_word' id='word_1_298' title='bbox 1707 1261 1934 1314; x_wconf 85' lang='lat' dir='ltr'><em>commonent)</em></span> <span class='ocrx_word' id='word_1_299' title='bbox 1960 1261 2083 1298; x_wconf 86' lang='lat' dir='ltr'><em>metuit</em></span> <span class='ocrx_word' id='word_1_300' title='bbox 2093 1271 2306 1299; x_wconf 83' lang='lat' dir='ltr'><em>commovent</em></span> <span class='ocrx_word' id='word_1_301' title='bbox 2321 1264 2366 1301; x_wconf 82' lang='lat' dir='ltr'><em>A.</em></span> 
     </span>
     <span class='ocr_line' id='line_1_39' title="bbox 136 1307 1948 1394; baseline -0.001 -45"><span class='ocrx_word' id='word_1_302' title='bbox 136 1310 174 1349; x_wconf 88' lang='lat' dir='ltr'><em>P.</em></span> <span class='ocrx_word' id='word_1_303' title='bbox 206 1309 290 1360; x_wconf 83' lang='lat'><strong>384.</strong></span> <span class='ocrx_word' id='word_1_304' title='bbox 315 1308 338 1346; x_wconf 82' lang='lat'><em>1.</em></span> <span class='ocrx_word' id='word_1_305' title='bbox 369 1319 399 1346; x_wconf 87' lang='lat'><em>1.</em></span> <span class='ocrx_word' id='word_1_306' title='bbox 423 1317 520 1364; x_wconf 83' lang='lat' dir='ltr'><em>pater</em></span> <span class='ocrx_word' id='word_1_307' title='bbox 536 1307 712 1364; x_wconf 78' lang='lat' dir='ltr'><em>familiae)</em></span> <span class='ocrx_word' id='word_1_308' title='bbox 738 1308 785 1346; x_wconf 82' lang='lat' dir='ltr'><em>ita</em></span> <span class='ocrx_word' id='word_1_309' title='bbox 812 1307 860 1345; x_wconf 90' lang='lat' dir='ltr'><em>A.</em></span> <span class='ocrx_word' id='word_1_310' title='bbox 1499 1317 1524 1352; x_wconf 86' lang='lat'>4</span> <span class='ocrx_word' id='word_1_311' title='bbox 1561 1313 1832 1394; x_wconf 62' lang='lat' dir='ltr'><em>careanlcttpias</em></span> <span class='ocrx_word' id='word_1_312' title='bbox 1857 1310 1897 1348; x_wconf 96' lang='grc' dir='ltr'><em>Β.</em></span> <span class='ocrx_word' id='word_1_313' title='bbox 1914 1312 1948 1358; x_wconf 88' lang='grc' dir='ltr'><em>Ι.</em></span> 
     </span>
    </p>

    <p class='ocr_par' dir='ltr' id='par_1_28' title="bbox 352 1358 2236 1464">
     <span class='ocr_line' id='line_1_40' title="bbox 352 1358 2236 1464; baseline 0.002 -19"><span class='ocrx_word' id='word_1_314' title='bbox 352 1381 397 1458; x_wconf 66' lang='grc' dir='ltr'><strong><em>ζ</em></strong></span> <span class='ocrx_word' id='word_1_315' title='bbox 421 1358 564 1458; x_wconf 54' lang='lat'><em>35:523?</em></span> <span class='ocrx_word' id='word_1_316' title='bbox 577 1358 777 1445; x_wconf 53' lang='lat' dir='ltr'><strong>..ilfi-51?</strong></span> <span class='ocrx_word' id='word_1_317' title='bbox 779 1386 894 1457; x_wconf 46' lang='lat' dir='ltr'><strong>aa...</strong></span> <span class='ocrx_word' id='word_1_318' title='bbox 918 1408 1002 1456; x_wconf 60' lang='lat' dir='ltr'><strong>eg..)</strong></span> <span class='ocrx_word' id='word_1_319' title='bbox 1031 1418 1165 1464; x_wconf 54' lang='lat' dir='ltr'><strong>quan..</strong></span> <span class='ocrx_word' id='word_1_320' title='bbox 1189 1421 1227 1444; x_wconf 53' lang='grc' dir='ltr'><em>κ-</em></span> <span class='ocrx_word' id='word_1_321' title='bbox 1418 1358 2180 1460; x_wconf 51' lang='grc' dir='ltr'><strong>...ιεἶ..ἑῖἷῖ.”]ἵ.ἷ.ἰὶ-.ἳῒ.’ἷ[ἶῖἵ.ἳ.·ᾹῗΎΨ</strong></span> <span class='ocrx_word' id='word_1_322' title='bbox 2203 1363 2236 1414; x_wconf 73' lang='lat' dir='ltr'><strong>J·</strong></span> 
     </span>
    </p>

    <p class='ocr_par' dir='ltr' id='par_1_29' title="bbox 190 1459 2162 1512">
     <span class='ocr_line' id='line_1_41' title="bbox 190 1459 2162 1512; baseline 0.001 -14"><span class='ocrx_word' id='word_1_323' title='bbox 190 1461 283 1498; x_wconf 87' lang='lat' dir='ltr'><em>tilior</em></span> <span class='ocrx_word' id='word_1_324' title='bbox 305 1461 508 1497; x_wconf 84' lang='lat' dir='ltr'><em>humanitas</em></span> <span class='ocrx_word' id='word_1_325' title='bbox 529 1460 610 1509; x_wconf 88' lang='lat' dir='ltr'><em>jam</em></span> <span class='ocrx_word' id='word_1_326' title='bbox 637 1459 691 1508; x_wconf 87' lang='lat' dir='ltr'><em>agi</em></span> <span class='ocrx_word' id='word_1_327' title='bbox 712 1468 752 1506; x_wconf 85' lang='lat' dir='ltr'><em>Je</em></span> <span class='ocrx_word' id='word_1_328' title='bbox 780 1463 823 1497; x_wconf 92' lang='lat' dir='ltr'><em>A.</em></span> <span class='ocrx_word' id='word_1_329' title='bbox 850 1470 981 1509; x_wconf 75' lang='lat' dir='ltr'><em>quanto</em></span> <span class='ocrx_word' id='word_1_330' title='bbox 1000 1470 1090 1494; x_wconf 89' lang='lat' dir='ltr'><em>nunc</em></span> <span class='ocrx_word' id='word_1_331' title='bbox 1116 1471 1230 1496; x_wconf 83' lang='lat' dir='ltr'><em>minor</em></span> <span class='ocrx_word' id='word_1_332' title='bbox 1495 1459 1555 1495; x_wconf 89' lang='lat' dir='ltr'><strong>ult.</strong></span> <span class='ocrx_word' id='word_1_333' title='bbox 1580 1463 1744 1507; x_wconf 76' lang='lat' dir='ltr'><em>quamvis</em></span> <span class='ocrx_word' id='word_1_334' title='bbox 1767 1474 1833 1499; x_wconf 91' lang='lat' dir='ltr'><em>non</em></span> <span class='ocrx_word' id='word_1_335' title='bbox 1851 1462 1968 1512; x_wconf 86' lang='lat' dir='ltr'><em>poffet)</em></span> <span class='ocrx_word' id='word_1_336' title='bbox 1997 1463 2042 1500; x_wconf 87' lang='lat' dir='ltr'><em>A.</em></span> <span class='ocrx_word' id='word_1_337' title='bbox 2066 1462 2094 1499; x_wconf 89' lang='lat' dir='ltr'>B</span> <span class='ocrx_word' id='word_1_338' title='bbox 2127 1464 2162 1511; x_wconf 88' lang='lat' dir='ltr'><em>J.</em></span> 
     </span>
    </p>
   </div>
   <div class='ocr_carea' id='block_1_21' title="bbox 185 1509 1775 1610">
    <p class='ocr_par' dir='ltr' id='par_1_30' title="bbox 185 1509 1775 1610">
     <span class='ocr_line' id='line_1_42' title="bbox 185 1509 1214 1560; baseline -0.001 -12"><span class='ocrx_word' id='word_1_339' title='bbox 185 1513 320 1550; x_wconf 79' lang='lat' dir='ltr'><em>utilitas</em></span> <span class='ocrx_word' id='word_1_340' title='bbox 339 1524 412 1555; x_wconf 67' lang='lat' dir='ltr'><em>pam</em></span> <span class='ocrx_word' id='word_1_341' title='bbox 440 1511 554 1559; x_wconf 85' lang='lat' dir='ltr'><em>agitur</em></span> <span class='ocrx_word' id='word_1_342' title='bbox 575 1509 617 1547; x_wconf 86' lang='lat' dir='ltr'><em>B.</em></span> <span class='ocrx_word' id='word_1_343' title='bbox 643 1521 771 1560; x_wconf 79' lang='lat' dir='ltr'><em>quanto</em></span> <span class='ocrx_word' id='word_1_344' title='bbox 796 1522 886 1546; x_wconf 81' lang='lat' dir='ltr'><em>nunc</em></span> <span class='ocrx_word' id='word_1_345' title='bbox 907 1512 1019 1546; x_wconf 88' lang='lat' dir='ltr'><em>minor</em></span> <span class='ocrx_word' id='word_1_346' title='bbox 1043 1509 1214 1547; x_wconf 77' lang='lat' dir='ltr'><em>vendibili</em></span> 
     </span>
     <span class='ocr_line' id='line_1_43' title="bbox 192 1555 1775 1610; baseline 0 -13"><span class='ocrx_word' id='word_1_347' title='bbox 192 1571 246 1597; x_wconf 83' lang='lat' dir='ltr'><em>tas</em></span> <span class='ocrx_word' id='word_1_348' title='bbox 260 1562 340 1610; x_wconf 88' lang='lat' dir='ltr'><em>jam</em></span> <span class='ocrx_word' id='word_1_349' title='bbox 359 1562 506 1609; x_wconf 87' lang='lat' dir='ltr'><em>agiturJ</em></span> <span class='ocrx_word' id='word_1_350' title='bbox 1330 1555 1422 1592; x_wconf 87' lang='lat' dir='ltr'><em>illud</em></span> <span class='ocrx_word' id='word_1_351' title='bbox 1445 1556 1474 1593; x_wconf 93' lang='lat' dir='ltr'>B</span> <span class='ocrx_word' id='word_1_352' title='bbox 1513 1558 1619 1595; x_wconf 81' lang='lat' dir='ltr'><em>dicere</em></span> <span class='ocrx_word' id='word_1_353' title='bbox 1635 1559 1726 1596; x_wconf 78' lang='lat' dir='ltr'><em>tllud</em></span> <span class='ocrx_word' id='word_1_354' title='bbox 1743 1562 1775 1608; x_wconf 87' lang='lat' dir='ltr'><em>J.</em></span> 
     </span>
    </p>
   </div>
   <div class='ocr_carea' id='block_1_22' title="bbox 137 1604 2241 1861">
    <p class='ocr_par' dir='ltr' id='par_1_31' title="bbox 137 1604 2241 1710">
     <span class='ocr_line' id='line_1_44' title="bbox 137 1604 2241 1663; baseline 0.007 -22"><span class='ocrx_word' id='word_1_355' title='bbox 137 1609 177 1646; x_wconf 84' lang='lat' dir='ltr'><em>P.</em></span> <span class='ocrx_word' id='word_1_356' title='bbox 207 1621 275 1659; x_wconf 75' lang='lat'><strong>3.-5</strong></span> <span class='ocrx_word' id='word_1_357' title='bbox 315 1611 327 1646; x_wconf 87' lang='lat' dir='ltr'>l</span> <span class='ocrx_word' id='word_1_358' title='bbox 368 1623 383 1656; x_wconf 85' lang='lat'>5</span> <span class='ocrx_word' id='word_1_359' title='bbox 430 1609 574 1645; x_wconf 86' lang='lat' dir='ltr'><em>Accedit</em></span> <span class='ocrx_word' id='word_1_360' title='bbox 592 1609 707 1655; x_wconf 85' lang='lat' dir='ltr'><em>longa)</em></span> <span class='ocrx_word' id='word_1_361' title='bbox 734 1610 781 1645; x_wconf 84' lang='lat' dir='ltr'><em>ita</em></span> <span class='ocrx_word' id='word_1_362' title='bbox 805 1606 938 1645; x_wconf 79' lang='lat' dir='ltr'><em>omiffo</em></span> <span class='ocrx_word' id='word_1_363' title='bbox 970 1606 1036 1643; x_wconf 86' lang='lat' dir='ltr'><em>huc</em></span> <span class='ocrx_word' id='word_1_364' title='bbox 1067 1608 1110 1644; x_wconf 88' lang='lat' dir='ltr'><em>A.</em></span> <span class='ocrx_word' id='word_1_365' title='bbox 1136 1607 1163 1643; x_wconf 93' lang='lat' dir='ltr'>B</span> <span class='ocrx_word' id='word_1_366' title='bbox 1278 1604 1316 1642; x_wconf 90' lang='lat' dir='ltr'><em>P.</em></span> <span class='ocrx_word' id='word_1_367' title='bbox 1348 1613 1430 1654; x_wconf 65' lang='lat'><strong>395.</strong></span> <span class='ocrx_word' id='word_1_368' title='bbox 1459 1607 1470 1643; x_wconf 90' lang='lat' dir='ltr'><em>l</em></span> <span class='ocrx_word' id='word_1_369' title='bbox 1512 1621 1543 1655; x_wconf 87' lang='grc' dir='ltr'><em>ς.</em></span> <span class='ocrx_word' id='word_1_370' title='bbox 1572 1621 1615 1647; x_wconf 70' lang='lat'><em>&lt;7</em></span> <span class='ocrx_word' id='word_1_371' title='bbox 1642 1620 1661 1645; x_wconf 83' lang='lat' dir='ltr'><em>a</em></span> <span class='ocrx_word' id='word_1_372' title='bbox 1690 1618 1830 1659; x_wconf 74' lang='lat' dir='ltr'><em>magno)</em></span> <span class='ocrx_word' id='word_1_373' title='bbox 1857 1622 1898 1651; x_wconf 68' lang='grc' dir='ltr'><em>Θ·</em></span> <span class='ocrx_word' id='word_1_374' title='bbox 1924 1625 2047 1662; x_wconf 76' lang='lat' dir='ltr'><em>magno</em></span> <span class='ocrx_word' id='word_1_375' title='bbox 2073 1612 2119 1652; x_wconf 80' lang='lat' dir='ltr'><strong>A·</strong></span> <span class='ocrx_word' id='word_1_376' title='bbox 2147 1612 2186 1651; x_wconf 87' lang='lat' dir='ltr'><em>B·</em></span> <span class='ocrx_word' id='word_1_377' title='bbox 2205 1615 2241 1663; x_wconf 83' lang='lat' dir='ltr'><em>J·</em></span> 
     </span>
     <span class='ocr_line' id='line_1_45' title="bbox 362 1657 1849 1710; baseline 0.009 -16"><span class='ocrx_word' id='word_1_378' title='bbox 362 1659 394 1694; x_wconf 72' lang='lat' dir='ltr'><em>6v</em></span> <span class='ocrx_word' id='word_1_379' title='bbox 423 1658 512 1696; x_wconf 83' lang='lat' dir='ltr'><em>enim</em></span> <span class='ocrx_word' id='word_1_380' title='bbox 533 1658 585 1694; x_wconf 87' lang='lat' dir='ltr'><em>ita</em></span> <span class='ocrx_word' id='word_1_381' title='bbox 606 1660 752 1703; x_wconf 82' lang='lat' dir='ltr'><em>natura)</em></span> <span class='ocrx_word' id='word_1_382' title='bbox 776 1660 868 1696; x_wconf 83' lang='lat' dir='ltr'><em>enim</em></span> <span class='ocrx_word' id='word_1_383' title='bbox 888 1667 1022 1696; x_wconf 82' lang='lat' dir='ltr'><em>natura</em></span> <span class='ocrx_word' id='word_1_384' title='bbox 1043 1658 1089 1696; x_wconf 89' lang='lat' dir='ltr'><em>A.</em></span> <span class='ocrx_word' id='word_1_385' title='bbox 1109 1657 1137 1696; x_wconf 90' lang='lat' dir='ltr'>B</span> <span class='ocrx_word' id='word_1_386' title='bbox 1167 1660 1200 1706; x_wconf 88' lang='lat' dir='ltr'><em>J.</em></span> <span class='ocrx_word' id='word_1_387' title='bbox 1474 1677 1538 1682; x_wconf 73' lang='grc'><em>-·</em></span> <span class='ocrx_word' id='word_1_388' title='bbox 1567 1658 1677 1710; x_wconf 66' lang='lat' dir='ltr'><strong>Jam)</strong></span> <span class='ocrx_word' id='word_1_389' title='bbox 1707 1665 1795 1697; x_wconf 73' lang='lat' dir='ltr'><em>Tum</em></span> <span class='ocrx_word' id='word_1_390' title='bbox 1814 1663 1836 1709; x_wconf 89' lang='lat' dir='ltr'><em>J</em></span> <span class='ocrx_word' id='word_1_391' title='bbox 1842 1690 1849 1697; x_wconf 93' lang='lat'>·</span> 
     </span>
    </p>

    <p class='ocr_par' dir='ltr' id='par_1_32' title="bbox 362 1703 2029 1760">
     <span class='ocr_line' id='line_1_46' title="bbox 362 1703 2029 1760; baseline 0.011 -30"><span class='ocrx_word' id='word_1_392' title='bbox 362 1719 398 1756; x_wconf 34' lang='lat'><em>9,</em></span> <span class='ocrx_word' id='word_1_393' title='bbox 423 1708 532 1756; x_wconf 60' lang='lat' dir='ltr'><em>rejecit</em></span> <span class='ocrx_word' id='word_1_394' title='bbox 571 1707 707 1756; x_wconf 45' lang='grc' dir='ltr'><em>Πήρη)</em></span> <span class='ocrx_word' id='word_1_395' title='bbox 727 1708 766 1746; x_wconf 60' lang='grc' dir='ltr'><em>Β,</em></span> <span class='ocrx_word' id='word_1_396' title='bbox 845 1703 850 1711; x_wconf 91' lang='grc'><em>“</em></span> <span class='ocrx_word' id='word_1_397' title='bbox 1278 1704 1318 1741; x_wconf 90' lang='grc' dir='ltr'><strong>Ρ.</strong></span> <span class='ocrx_word' id='word_1_398' title='bbox 1347 1715 1434 1754; x_wconf 88' lang='lat'><strong>399.</strong></span> <span class='ocrx_word' id='word_1_399' title='bbox 1459 1707 1481 1743; x_wconf 96' lang='lat' dir='ltr'><em>l.</em></span> <span class='ocrx_word' id='word_1_400' title='bbox 1514 1718 1528 1743; x_wconf 92' lang='lat'>1</span> <span class='ocrx_word' id='word_1_401' title='bbox 1571 1709 1769 1759; x_wconf 78' lang='lat' dir='ltr'><em>audituros)</em></span> <span class='ocrx_word' id='word_1_402' title='bbox 1798 1712 1971 1749; x_wconf 76' lang='lat' dir='ltr'><em>auditores</em></span> <span class='ocrx_word' id='word_1_403' title='bbox 1997 1713 2029 1760; x_wconf 89' lang='lat' dir='ltr'><em>J.</em></span> 
     </span>
    </p>

    <p class='ocr_par' dir='ltr' id='par_1_33' title="bbox 1496 1757 2129 1811">
     <span class='ocr_line' id='line_1_47' title="bbox 1496 1757 2129 1811; baseline 0.013 -19"><span class='ocrx_word' id='word_1_404' title='bbox 1496 1758 1530 1795; x_wconf 95' lang='lat'><em>6.</em></span> <span class='ocrx_word' id='word_1_405' title='bbox 1555 1757 1638 1795; x_wconf 82' lang='lat' dir='ltr'><em>obiit</em></span> <span class='ocrx_word' id='word_1_406' title='bbox 1660 1761 1733 1796; x_wconf 62' lang='lat' dir='ltr'><em>ille*</em></span> <span class='ocrx_word' id='word_1_407' title='bbox 1760 1760 1847 1799; x_wconf 87' lang='lat' dir='ltr'><em>abiit</em></span> <span class='ocrx_word' id='word_1_408' title='bbox 1871 1762 1935 1798; x_wconf 84' lang='lat' dir='ltr'><em>illa</em></span> <span class='ocrx_word' id='word_1_409' title='bbox 1963 1763 2010 1798; x_wconf 93' lang='lat' dir='ltr'><em>A.</em></span> <span class='ocrx_word' id='word_1_410' title='bbox 2029 1761 2067 1799; x_wconf 90' lang='lat' dir='ltr'><em>B.</em></span> <span class='ocrx_word' id='word_1_411' title='bbox 2093 1764 2129 1811; x_wconf 88' lang='lat' dir='ltr'><em>J.</em></span> 
     </span>
    </p>

    <p class='ocr_par' dir='ltr' id='par_1_34' title="bbox 1486 1807 2073 1861">
     <span class='ocr_line' id='line_1_48' title="bbox 1486 1807 2073 1861; baseline 0.012 -18"><span class='ocrx_word' id='word_1_412' title='bbox 1486 1807 1537 1844; x_wconf 65' lang='lat' dir='ltr'><em>ult</em></span> <span class='ocrx_word' id='word_1_413' title='bbox 1570 1809 1605 1845; x_wconf 88' lang='lat' dir='ltr'>O</span> <span class='ocrx_word' id='word_1_414' title='bbox 1630 1811 1764 1858; x_wconf 71' lang='lat' dir='ltr'><em>Regulo]-</em></span> <span class='ocrx_word' id='word_1_415' title='bbox 1794 1812 1940 1861; x_wconf 79' lang='lat' dir='ltr'><em>Regulus</em></span> <span class='ocrx_word' id='word_1_416' title='bbox 1965 1814 2008 1850; x_wconf 69' lang='lat' dir='ltr'><em>A.</em></span> <span class='ocrx_word' id='word_1_417' title='bbox 2069 1839 2073 1842; x_wconf 92' lang='lat'><em>-</em></span> 
     </span>
    </p>
   </div>
   <div class='ocr_carea' id='block_1_23' title="bbox 1278 1275 1473 1286">
    <p class='ocr_par' dir='ltr' id='par_1_35' title="bbox 1278 1275 1473 1286">
     <span class='ocr_line' id='line_1_49' title="bbox 1278 1275 1473 1286; baseline 0 2400"><span class='ocrx_word' id='word_1_418' title='bbox 1278 1275 1473 1286; x_wconf 95' lang='lat' dir='ltr'><em> </em></span> 
     </span>
    </p>
   </div>
   <div class='ocr_carea' id='block_1_24' title="bbox 1280 1323 1472 1333">
    <p class='ocr_par' dir='ltr' id='par_1_36' title="bbox 1280 1323 1472 1333">
     <span class='ocr_line' id='line_1_50' title="bbox 1280 1323 1472 1333; baseline 0 2353"><span class='ocrx_word' id='word_1_419' title='bbox 1280 1323 1472 1333; x_wconf 95' lang='lat' dir='ltr'><em> </em></span> 
     </span>
    </p>
   </div>
   <div class='ocr_carea' id='block_1_25' title="bbox 1280 1376 1469 1386">
    <p class='ocr_par' dir='ltr' id='par_1_37' title="bbox 1280 1376 1469 1386">
     <span class='ocr_line' id='line_1_51' title="bbox 1280 1376 1469 1386; baseline 0 2300"><span class='ocrx_word' id='word_1_420' title='bbox 1280 1376 1469 1386; x_wconf 95' lang='lat' dir='ltr'><em> </em></span> 
     </span>
    </p>
   </div>
   <div class='ocr_carea' id='block_1_26' title="bbox 138 1382 329 1392">
    <p class='ocr_par' dir='ltr' id='par_1_38' title="bbox 138 1382 329 1392">
     <span class='ocr_line' id='line_1_52' title="bbox 138 1382 329 1392; baseline 0 2294"><span class='ocrx_word' id='word_1_421' title='bbox 138 1382 329 1392; x_wconf 95' lang='lat' dir='ltr'><em> </em></span> 
     </span>
    </p>
   </div>
   <div class='ocr_carea' id='block_1_27' title="bbox 1279 1428 1391 1439">
    <p class='ocr_par' dir='ltr' id='par_1_39' title="bbox 1279 1428 1391 1439">
     <span class='ocr_line' id='line_1_53' title="bbox 1279 1428 1391 1439; baseline 0 2247"><span class='ocrx_word' id='word_1_422' title='bbox 1279 1428 1391 1439; x_wconf 95' lang='lat' dir='ltr'><em> </em></span> 
     </span>
    </p>
   </div>
   <div class='ocr_carea' id='block_1_28' title="bbox 137 1432 328 1444">
    <p class='ocr_par' dir='ltr' id='par_1_40' title="bbox 137 1432 328 1444">
     <span class='ocr_line' id='line_1_54' title="bbox 137 1432 328 1444; baseline 0 2242"><span class='ocrx_word' id='word_1_423' title='bbox 137 1432 328 1444; x_wconf 95' lang='lat' dir='ltr'><em> </em></span> 
     </span>
    </p>
   </div>
   <div class='ocr_carea' id='block_1_29' title="bbox 1278 1479 1472 1489">
    <p class='ocr_par' dir='ltr' id='par_1_41' title="bbox 1278 1479 1472 1489">
     <span class='ocr_line' id='line_1_55' title="bbox 1278 1479 1472 1489; baseline 0 2197"><span class='ocrx_word' id='word_1_424' title='bbox 1278 1479 1472 1489; x_wconf 95' lang='lat' dir='ltr'><em> </em></span> 
     </span>
    </p>
   </div>
   <div class='ocr_carea' id='block_1_30' title="bbox 1280 1528 1471 1538">
    <p class='ocr_par' dir='ltr' id='par_1_42' title="bbox 1280 1528 1471 1538">
     <span class='ocr_line' id='line_1_56' title="bbox 1280 1528 1471 1538; baseline 0 2148"><span class='ocrx_word' id='word_1_425' title='bbox 1280 1528 1471 1538; x_wconf 95' lang='lat' dir='ltr'><em> </em></span> 
     </span>
    </p>
   </div>
   <div class='ocr_carea' id='block_1_31' title="bbox 1478 1509 2370 1561">
    <p class='ocr_par' dir='ltr' id='par_1_43' title="bbox 1478 1509 2370 1561">
     <span class='ocr_line' id='line_1_57' title="bbox 1478 1509 2370 1561; baseline 0.013 -19"><span class='ocrx_word' id='word_1_426' title='bbox 1478 1531 1542 1536; x_wconf 90' lang='lat'><em>-——</em></span> <span class='ocrx_word' id='word_1_427' title='bbox 1569 1509 1734 1558; x_wconf 84' lang='lat' dir='ltr'><em>dediscere</em></span> <span class='ocrx_word' id='word_1_428' title='bbox 1750 1512 1855 1558; x_wconf 85' lang='lat' dir='ltr'><em>illud)</em></span> <span class='ocrx_word' id='word_1_429' title='bbox 1882 1512 2039 1561; x_wconf 84' lang='lat' dir='ltr'><em>ediscere.-</em></span> <span class='ocrx_word' id='word_1_430' title='bbox 2061 1513 2152 1550; x_wconf 83' lang='lat' dir='ltr'><em>iilud</em></span> <span class='ocrx_word' id='word_1_431' title='bbox 2162 1513 2209 1552; x_wconf 84' lang='lat' dir='ltr'><em>A.</em></span> <span class='ocrx_word' id='word_1_432' title='bbox 2236 1513 2370 1554; x_wconf 75' lang='lat' dir='ltr'><em>dicere:</em></span> 
     </span>
    </p>
   </div>
   <div class='ocr_carea' id='block_1_32' title="bbox 1277 1677 1470 1686">
    <p class='ocr_par' dir='ltr' id='par_1_44' title="bbox 1277 1677 1470 1686">
     <span class='ocr_line' id='line_1_58' title="bbox 1277 1677 1470 1686; baseline 0 2000"><span class='ocrx_word' id='word_1_433' title='bbox 1277 1677 1470 1686; x_wconf 95' lang='lat' dir='ltr'><em> </em></span> 
     </span>
    </p>
   </div>
   <div class='ocr_carea' id='block_1_33' title="bbox 141 1680 332 1692">
    <p class='ocr_par' dir='ltr' id='par_1_45' title="bbox 141 1680 332 1692">
     <span class='ocr_line' id='line_1_59' title="bbox 141 1680 332 1692; baseline 0 1994"><span class='ocrx_word' id='word_1_434' title='bbox 141 1680 332 1692; x_wconf 95' lang='lat' dir='ltr'><em> </em></span> 
     </span>
    </p>
   </div>
   <div class='ocr_carea' id='block_1_34' title="bbox 139 1732 329 1742">
    <p class='ocr_par' dir='ltr' id='par_1_46' title="bbox 139 1732 329 1742">
     <span class='ocr_line' id='line_1_60' title="bbox 139 1732 329 1742; baseline 0 1944"><span class='ocrx_word' id='word_1_435' title='bbox 139 1732 329 1742; x_wconf 95' lang='lat' dir='ltr'><em> </em></span> 
     </span>
    </p>
   </div>
   <div class='ocr_carea' id='block_1_35' title="bbox 136 1756 2364 2266">
    <p class='ocr_par' dir='ltr' id='par_1_47' title="bbox 136 1756 2364 2061">
     <span class='ocr_line' id='line_1_61' title="bbox 136 1756 868 1808; baseline -0.004 -11"><span class='ocrx_word' id='word_1_436' title='bbox 136 1759 176 1798; x_wconf 88' lang='lat' dir='ltr'><em>P.</em></span> <span class='ocrx_word' id='word_1_437' title='bbox 202 1759 289 1808; x_wconf 87' lang='lat'><strong>386.</strong></span> <span class='ocrx_word' id='word_1_438' title='bbox 313 1760 326 1796; x_wconf 95' lang='lat' dir='ltr'><em>l</em></span> <span class='ocrx_word' id='word_1_439' title='bbox 367 1770 398 1797; x_wconf 90' lang='lat'><em>1.</em></span> <span class='ocrx_word' id='word_1_440' title='bbox 429 1759 546 1800; x_wconf 74' lang='lat' dir='ltr'><em>nimis)</em></span> <span class='ocrx_word' id='word_1_441' title='bbox 573 1759 692 1793; x_wconf 72' lang='lat' dir='ltr'><em>delent</em></span> <span class='ocrx_word' id='word_1_442' title='bbox 714 1759 756 1794; x_wconf 80' lang='lat' dir='ltr'><em>A.</em></span> <span class='ocrx_word' id='word_1_443' title='bbox 776 1756 814 1794; x_wconf 93' lang='lat' dir='ltr'><em>B.</em></span> <span class='ocrx_word' id='word_1_444' title='bbox 835 1759 868 1806; x_wconf 90' lang='lat' dir='ltr'><em>J.</em></span> 
     </span>
     <span class='ocr_line' id='line_1_62' title="bbox 360 1809 920 1856; baseline 0.002 -11"><span class='ocrx_word' id='word_1_445' title='bbox 360 1831 398 1837; x_wconf 86' lang='lat'><em>-—</em></span> <span class='ocrx_word' id='word_1_446' title='bbox 428 1810 588 1856; x_wconf 77' lang='lat' dir='ltr'><em>imperat)</em></span> <span class='ocrx_word' id='word_1_447' title='bbox 616 1809 805 1855; x_wconf 82' lang='lat' dir='ltr'><em>imperatur</em></span> <span class='ocrx_word' id='word_1_448' title='bbox 827 1818 869 1845; x_wconf 57' lang='grc' dir='ltr'><em>Α.</em></span> <span class='ocrx_word' id='word_1_449' title='bbox 886 1810 920 1856; x_wconf 89' lang='lat' dir='ltr'><em>J.</em></span> 
     </span>
     <span class='ocr_line' id='line_1_63' title="bbox 358 1855 2364 1916; baseline 0.006 -24"><span class='ocrx_word' id='word_1_450' title='bbox 358 1871 390 1895; x_wconf 78' lang='lat'><em>2,</em></span> <span class='ocrx_word' id='word_1_451' title='bbox 416 1859 630 1904; x_wconf 78' lang='lat' dir='ltr'><em>admonitus)</em></span> <span class='ocrx_word' id='word_1_452' title='bbox 655 1858 892 1896; x_wconf 80' lang='lat' dir='ltr'><em>admoneretur</em></span> <span class='ocrx_word' id='word_1_453' title='bbox 907 1860 940 1906; x_wconf 92' lang='lat' dir='ltr'><em>J.</em></span> <span class='ocrx_word' id='word_1_454' title='bbox 1273 1855 1313 1894; x_wconf 87' lang='grc' dir='ltr'><em>Ρ.</em></span> <span class='ocrx_word' id='word_1_455' title='bbox 1338 1867 1424 1902; x_wconf 80' lang='lat'><strong>400.</strong></span> <span class='ocrx_word' id='word_1_456' title='bbox 1450 1857 1472 1894; x_wconf 90' lang='lat' dir='ltr'><em>l.</em></span> <span class='ocrx_word' id='word_1_457' title='bbox 1500 1869 1533 1895; x_wconf 87' lang='lat'><em>2.</em></span> <span class='ocrx_word' id='word_1_458' title='bbox 1559 1871 1734 1908; x_wconf 87' lang='lat' dir='ltr'><em>quantum</em></span> <span class='ocrx_word' id='word_1_459' title='bbox 1766 1864 1841 1911; x_wconf 79' lang='lat' dir='ltr'><em>quis</em></span> <span class='ocrx_word' id='word_1_460' title='bbox 1862 1862 2053 1911; x_wconf 79' lang='lat' dir='ltr'><em>plurimum</em></span> <span class='ocrx_word' id='word_1_461' title='bbox 2079 1861 2226 1912; x_wconf 83' lang='lat' dir='ltr'><em>postulat</em></span> <span class='ocrx_word' id='word_1_462' title='bbox 2252 1877 2364 1916; x_wconf 79' lang='lat' dir='ltr'><em>aquae</em></span> 
     </span>
     <span class='ocr_line' id='line_1_64' title="bbox 338 1907 2356 1964; baseline 0.005 -20"><span class='ocrx_word' id='word_1_463' title='bbox 338 1931 401 1938; x_wconf 83' lang='lat'><em>-—</em></span> <span class='ocrx_word' id='word_1_464' title='bbox 428 1907 594 1955; x_wconf 76' lang='lat' dir='ltr'><em>reddidit)</em></span> <span class='ocrx_word' id='word_1_465' title='bbox 623 1908 741 1944; x_wconf 79' lang='lat' dir='ltr'><em>reddit</em></span> <span class='ocrx_word' id='word_1_466' title='bbox 763 1910 850 1956; x_wconf 79' lang='lat' dir='ltr'><strong>A.J.</strong></span> <span class='ocrx_word' id='word_1_467' title='bbox 1324 1908 1382 1956; x_wconf 85' lang='lat' dir='ltr'><em>do)</em></span> <span class='ocrx_word' id='word_1_468' title='bbox 1409 1921 1581 1957; x_wconf 83' lang='lat' dir='ltr'><em>quantum</em></span> <span class='ocrx_word' id='word_1_469' title='bbox 1600 1911 1675 1960; x_wconf 80' lang='lat' dir='ltr'><em>quis</em></span> <span class='ocrx_word' id='word_1_470' title='bbox 1690 1911 1886 1961; x_wconf 80' lang='lat' dir='ltr'><em>plurimum</em></span> <span class='ocrx_word' id='word_1_471' title='bbox 1915 1915 2075 1964; x_wconf 78' lang='lat' dir='ltr'><em>temporis</em></span> <span class='ocrx_word' id='word_1_472' title='bbox 2099 1914 2249 1964; x_wconf 68' lang='lat' dir='ltr'><em>postulat</em></span> <span class='ocrx_word' id='word_1_473' title='bbox 2274 1927 2356 1955; x_wconf 75' lang='lat' dir='ltr'><em>tan·</em></span> 
     </span>
     <span class='ocr_line' id='line_1_65' title="bbox 362 1957 2354 2007; baseline 0.002 -12"><span class='ocrx_word' id='word_1_474' title='bbox 362 1972 396 2005; x_wconf 88' lang='grc' dir='ltr'><em>ς.</em></span> <span class='ocrx_word' id='word_1_475' title='bbox 422 1966 461 1994; x_wconf 89' lang='lat' dir='ltr'><em>ut</em></span> <span class='ocrx_word' id='word_1_476' title='bbox 481 1959 615 1995; x_wconf 75' lang='lat' dir='ltr'><em>domus)</em></span> <span class='ocrx_word' id='word_1_477' title='bbox 642 1959 680 1994; x_wconf 65' lang='grc' dir='ltr'><em>ὃς</em></span> <span class='ocrx_word' id='word_1_478' title='bbox 701 1959 820 1995; x_wconf 80' lang='lat' dir='ltr'><em>domus</em></span> <span class='ocrx_word' id='word_1_479' title='bbox 839 1957 886 1994; x_wconf 84' lang='lat' dir='ltr'><em>A.</em></span> <span class='ocrx_word' id='word_1_480' title='bbox 909 1957 943 2006; x_wconf 89' lang='lat' dir='ltr'><em>J.</em></span> <span class='ocrx_word' id='word_1_481' title='bbox 1322 1969 1400 1995; x_wconf 85' lang='lat' dir='ltr'><em>tum</em></span> <span class='ocrx_word' id='word_1_482' title='bbox 1421 1960 1463 1995; x_wconf 87' lang='lat' dir='ltr'><em>do</em></span> <span class='ocrx_word' id='word_1_483' title='bbox 1483 1973 1512 1996; x_wconf 89' lang='lat' dir='ltr'><em>et</em></span> <span class='ocrx_word' id='word_1_484' title='bbox 1534 1961 1567 2007; x_wconf 82' lang='lat' dir='ltr'><em>J.</em></span> <span class='ocrx_word' id='word_1_485' title='bbox 2349 1962 2354 1965; x_wconf 90' lang='grc'><strong>’</strong></span> 
     </span>
     <span class='ocr_line' id='line_1_66' title="bbox 138 2007 1853 2061; baseline 0.003 -15"><span class='ocrx_word' id='word_1_486' title='bbox 138 2008 176 2046; x_wconf 87' lang='grc' dir='ltr'><em>Ρ.</em></span> <span class='ocrx_word' id='word_1_487' title='bbox 207 2007 289 2058; x_wconf 88' lang='lat'><strong>387.</strong></span> <span class='ocrx_word' id='word_1_488' title='bbox 313 2008 334 2044; x_wconf 67' lang='grc' dir='ltr'><em>1Δ</em></span> <span class='ocrx_word' id='word_1_489' title='bbox 362 2019 397 2044; x_wconf 90' lang='lat'><em>2.</em></span> <span class='ocrx_word' id='word_1_490' title='bbox 418 2009 502 2058; x_wconf 75' lang='lat' dir='ltr'><em>post)</em></span> <span class='ocrx_word' id='word_1_491' title='bbox 529 2007 624 2046; x_wconf 85' lang='lat' dir='ltr'><em>delet</em></span> <span class='ocrx_word' id='word_1_492' title='bbox 641 2007 688 2045; x_wconf 82' lang='lat' dir='ltr'><em>A.</em></span> <span class='ocrx_word' id='word_1_493' title='bbox 1488 2022 1513 2056; x_wconf 88' lang='lat'>4</span> <span class='ocrx_word' id='word_1_494' title='bbox 1546 2010 1712 2061; x_wconf 86' lang='lat' dir='ltr'><em>primam)</em></span> <span class='ocrx_word' id='word_1_495' title='bbox 1740 2013 1787 2050; x_wconf 82' lang='lat' dir='ltr'><em>ita</em></span> <span class='ocrx_word' id='word_1_496' title='bbox 1809 2012 1853 2051; x_wconf 88' lang='lat' dir='ltr'><em>A.</em></span> 
     </span>
    </p>

    <p class='ocr_par' dir='ltr' id='par_1_48' title="bbox 333 2058 2030 2114">
     <span class='ocr_line' id='line_1_67' title="bbox 333 2058 2030 2114; baseline 0.006 -21"><span class='ocrx_word' id='word_1_497' title='bbox 333 2080 397 2087; x_wconf 87' lang='lat'><em>-</em></span> <span class='ocrx_word' id='word_1_498' title='bbox 424 2069 466 2097; x_wconf 70' lang='grc' dir='ltr'><em>ω·</em></span> <span class='ocrx_word' id='word_1_499' title='bbox 494 2059 624 2104; x_wconf 85' lang='lat' dir='ltr'><em>Rufum</em></span> <span class='ocrx_word' id='word_1_500' title='bbox 652 2059 841 2107; x_wconf 85' lang='lat' dir='ltr'><em>Varenum)</em></span> <span class='ocrx_word' id='word_1_501' title='bbox 870 2058 908 2095; x_wconf 69' lang='grc' dir='ltr'>δί</span> <span class='ocrx_word' id='word_1_502' title='bbox 927 2068 947 2095; x_wconf 82' lang='lat' dir='ltr'>a</span> <span class='ocrx_word' id='word_1_503' title='bbox 976 2058 1080 2096; x_wconf 86' lang='lat' dir='ltr'><em>Rufo</em></span> <span class='ocrx_word' id='word_1_504' title='bbox 1115 2063 1219 2097; x_wconf 82' lang='lat' dir='ltr'><em>Vare-</em></span> <span class='ocrx_word' id='word_1_505' title='bbox 1269 2058 1308 2096; x_wconf 90' lang='lat' dir='ltr'><em>P.</em></span> <span class='ocrx_word' id='word_1_506' title='bbox 1331 2070 1417 2105; x_wconf 85' lang='lat'><strong>401.</strong></span> <span class='ocrx_word' id='word_1_507' title='bbox 1442 2060 1464 2099; x_wconf 87' lang='lat' dir='ltr'><em>l.</em></span> <span class='ocrx_word' id='word_1_508' title='bbox 1491 2071 1525 2098; x_wconf 88' lang='lat'><em>2.</em></span> <span class='ocrx_word' id='word_1_509' title='bbox 1553 2061 1697 2109; x_wconf 81' lang='lat' dir='ltr'><em>nostras)</em></span> <span class='ocrx_word' id='word_1_510' title='bbox 1740 2064 1851 2105; x_wconf 84' lang='lat' dir='ltr'><em>noslra</em></span> <span class='ocrx_word' id='word_1_511' title='bbox 1874 2065 1920 2102; x_wconf 86' lang='lat' dir='ltr'><em>A.</em></span> <span class='ocrx_word' id='word_1_512' title='bbox 1938 2064 1977 2103; x_wconf 90' lang='grc' dir='ltr'><em>Β.</em></span> <span class='ocrx_word' id='word_1_513' title='bbox 1997 2067 2030 2114; x_wconf 89' lang='lat' dir='ltr'><em>J.</em></span> 
     </span>
    </p>

    <p class='ocr_par' dir='ltr' id='par_1_49' title="bbox 1491 2113 1875 2163">
     <span class='ocr_line' id='line_1_68' title="bbox 1491 2113 1875 2163; baseline 0.018 -17"><span class='ocrx_word' id='word_1_514' title='bbox 1491 2124 1525 2156; x_wconf 82' lang='lat'><em>4.</em></span> <span class='ocrx_word' id='word_1_515' title='bbox 1552 2113 1642 2160; x_wconf 74' lang='lat' dir='ltr'><em>quod</em></span> <span class='ocrx_word' id='word_1_516' title='bbox 1675 2113 1738 2162; x_wconf 87' lang='lat' dir='ltr'><em>sed</em></span> <span class='ocrx_word' id='word_1_517' title='bbox 1763 2116 1810 2153; x_wconf 81' lang='lat' dir='ltr'><em>A.</em></span> <span class='ocrx_word' id='word_1_518' title='bbox 1843 2117 1875 2163; x_wconf 92' lang='lat' dir='ltr'><em>J.</em></span> 
     </span>
    </p>

    <p class='ocr_par' dir='ltr' id='par_1_50' title="bbox 1495 2165 1943 2213">
     <span class='ocr_line' id='line_1_69' title="bbox 1495 2165 1943 2213; baseline 0.013 -16"><span class='ocrx_word' id='word_1_519' title='bbox 1495 2175 1526 2210; x_wconf 80' lang='grc' dir='ltr'><em>ς.</em></span> <span class='ocrx_word' id='word_1_520' title='bbox 1558 2168 1637 2199; x_wconf 85' lang='lat' dir='ltr'><em>Vero</em></span> <span class='ocrx_word' id='word_1_521' title='bbox 1683 2167 1764 2212; x_wconf 72' lang='lat' dir='ltr'><em>Urfi)</em></span> <span class='ocrx_word' id='word_1_522' title='bbox 1790 2165 1879 2203; x_wconf 78' lang='lat' dir='ltr'><em>A.ss</em></span> <span class='ocrx_word' id='word_1_523' title='bbox 1911 2166 1943 2213; x_wconf 87' lang='grc' dir='ltr'><strong>Ι</strong></span> 
     </span>
    </p>

    <p class='ocr_par' dir='ltr' id='par_1_51' title="bbox 1491 2211 2361 2266">
     <span class='ocr_line' id='line_1_70' title="bbox 1491 2211 2361 2266; baseline 0.01 -18"><span class='ocrx_word' id='word_1_524' title='bbox 1491 2222 1524 2258; x_wconf 89' lang='lat'><em>7.</em></span> <span class='ocrx_word' id='word_1_525' title='bbox 1541 2211 1724 2263; x_wconf 81' lang='lat' dir='ltr'><em>suscepisti.</em></span> <span class='ocrx_word' id='word_1_526' title='bbox 1748 2220 1866 2264; x_wconf 86' lang='lat' dir='ltr'><em>Erat)</em></span> <span class='ocrx_word' id='word_1_527' title='bbox 1885 2216 2066 2266; x_wconf 64' lang='lat' dir='ltr'><em>suscepisti.</em></span> <span class='ocrx_word' id='word_1_528' title='bbox 2118 2215 2167 2254; x_wconf 83' lang='lat' dir='ltr'><em>Et</em></span> <span class='ocrx_word' id='word_1_529' title='bbox 2207 2229 2283 2255; x_wconf 88' lang='lat' dir='ltr'><em>erat</em></span> <span class='ocrx_word' id='word_1_530' title='bbox 2312 2219 2361 2257; x_wconf 79' lang='lat' dir='ltr'><em>A.</em></span> 
     </span>
    </p>
   </div>
   <div class='ocr_carea' id='block_1_36' title="bbox 1277 1776 1468 1786">
    <p class='ocr_par' dir='ltr' id='par_1_52' title="bbox 1277 1776 1468 1786">
     <span class='ocr_line' id='line_1_71' title="bbox 1277 1776 1468 1786; baseline 0 1900"><span class='ocrx_word' id='word_1_531' title='bbox 1277 1776 1468 1786; x_wconf 95' lang='lat' dir='ltr'><em> </em></span> 
     </span>
    </p>
   </div>
   <div class='ocr_carea' id='block_1_37' title="bbox 1275 1827 1467 1837">
    <p class='ocr_par' dir='ltr' id='par_1_53' title="bbox 1275 1827 1467 1837">
     <span class='ocr_line' id='line_1_72' title="bbox 1275 1827 1467 1837; baseline 0 1849"><span class='ocrx_word' id='word_1_532' title='bbox 1275 1827 1467 1837; x_wconf 95' lang='lat' dir='ltr'><em> </em></span> 
     </span>
    </p>
   </div>
   <div class='ocr_carea' id='block_1_38' title="bbox 137 1828 330 1840">
    <p class='ocr_par' dir='ltr' id='par_1_54' title="bbox 137 1828 330 1840">
     <span class='ocr_line' id='line_1_73' title="bbox 137 1828 330 1840; baseline 0 1846"><span class='ocrx_word' id='word_1_533' title='bbox 137 1828 330 1840; x_wconf 95' lang='lat' dir='ltr'><em> </em></span> 
     </span>
    </p>
   </div>
   <div class='ocr_carea' id='block_1_39' title="bbox 140 1879 329 1891">
    <p class='ocr_par' dir='ltr' id='par_1_55' title="bbox 140 1879 329 1891">
     <span class='ocr_line' id='line_1_74' title="bbox 140 1879 329 1891; baseline 0 0"><span class='ocrx_word' id='word_1_534' title='bbox 140 1879 329 1891; x_wconf 95' lang='lat' dir='ltr'><em> </em></span> 
     </span>
    </p>
   </div>
   <div class='ocr_carea' id='block_1_40' title="bbox 140 1930 332 1942">
    <p class='ocr_par' dir='ltr' id='par_1_56' title="bbox 140 1930 332 1942">
     <span class='ocr_line' id='line_1_75' title="bbox 140 1930 332 1942; baseline 0 0"><span class='ocrx_word' id='word_1_535' title='bbox 140 1930 332 1942; x_wconf 95' lang='lat' dir='ltr'><em> </em></span> 
     </span>
    </p>
   </div>
   <div class='ocr_carea' id='block_1_41' title="bbox 140 1979 332 1989">
    <p class='ocr_par' dir='ltr' id='par_1_57' title="bbox 140 1979 332 1989">
     <span class='ocr_line' id='line_1_76' title="bbox 140 1979 332 1989; baseline 0 1697"><span class='ocrx_word' id='word_1_536' title='bbox 140 1979 332 1989; x_wconf 95' lang='lat' dir='ltr'><em> </em></span> 
     </span>
    </p>
   </div>
   <div class='ocr_carea' id='block_1_42' title="bbox 1269 2026 1460 2037">
    <p class='ocr_par' dir='ltr' id='par_1_58' title="bbox 1269 2026 1460 2037">
     <span class='ocr_line' id='line_1_77' title="bbox 1269 2026 1460 2037; baseline 0 0"><span class='ocrx_word' id='word_1_537' title='bbox 1269 2026 1460 2037; x_wconf 95' lang='lat' dir='ltr'><em> </em></span> 
     </span>
    </p>
   </div>
   <div class='ocr_carea' id='block_1_43' title="bbox 136 2079 328 2090">
    <p class='ocr_par' dir='ltr' id='par_1_59' title="bbox 136 2079 328 2090">
     <span class='ocr_line' id='line_1_78' title="bbox 136 2079 328 2090; baseline 0 1596"><span class='ocrx_word' id='word_1_538' title='bbox 136 2079 328 2090; x_wconf 95' lang='lat' dir='ltr'><em> </em></span> 
     </span>
    </p>
   </div>
   <div class='ocr_carea' id='block_1_44' title="bbox 1276 2132 1461 2141">
    <p class='ocr_par' dir='ltr' id='par_1_60' title="bbox 1276 2132 1461 2141">
     <span class='ocr_line' id='line_1_79' title="bbox 1276 2132 1461 2141; baseline 0 1545"><span class='ocrx_word' id='word_1_539' title='bbox 1276 2132 1461 2141; x_wconf 95' lang='lat' dir='ltr'><em> </em></span> 
     </span>
    </p>
   </div>
   <div class='ocr_carea' id='block_1_45' title="bbox 135 2110 1405 2310">
    <p class='ocr_par' dir='ltr' id='par_1_61' title="bbox 135 2110 1405 2310">
     <span class='ocr_line' id='line_1_80' title="bbox 192 2110 1171 2208; baseline 0.002 -12"><span class='ocrx_word' id='word_1_540' title='bbox 192 2121 233 2145; x_wconf 61' lang='lat' dir='ltr'><em>no</em></span> <span class='ocrx_word' id='word_1_541' title='bbox 255 2110 288 2157; x_wconf 48' lang='lat' dir='ltr'><strong>J·</strong></span> <span class='ocrx_word' id='word_1_542' title='bbox 356 2168 388 2206; x_wconf 86' lang='lat'><em>3.</em></span> <span class='ocrx_word' id='word_1_543' title='bbox 414 2158 627 2208; x_wconf 77' lang='lat' dir='ltr'><em>Proconsule)</em></span> <span class='ocrx_word' id='word_1_544' title='bbox 653 2169 766 2208; x_wconf 87' lang='lat' dir='ltr'><em>quem</em></span> <span class='ocrx_word' id='word_1_545' title='bbox 790 2158 987 2207; x_wconf 77' lang='lat' dir='ltr'><em>proconsule</em></span> <span class='ocrx_word' id='word_1_546' title='bbox 1012 2161 1050 2196; x_wconf 79' lang='grc' dir='ltr'><em>Α.</em></span> <span class='ocrx_word' id='word_1_547' title='bbox 1079 2158 1118 2197; x_wconf 91' lang='grc' dir='ltr'><em>Β.</em></span> <span class='ocrx_word' id='word_1_548' title='bbox 1138 2161 1171 2207; x_wconf 89' lang='grc' dir='ltr'><em>Ι.</em></span> 
     </span>
     <span class='ocr_line' id='line_1_81' title="bbox 330 2209 1220 2258; baseline 0.003 -13"><span class='ocrx_word' id='word_1_549' title='bbox 330 2230 396 2237; x_wconf 92' lang='lat'><em>—-—</em></span> <span class='ocrx_word' id='word_1_550' title='bbox 423 2209 643 2247; x_wconf 87' lang='lat' dir='ltr'><em>detulerunt.-</em></span> <span class='ocrx_word' id='word_1_551' title='bbox 677 2214 772 2258; x_wconf 84' lang='lat' dir='ltr'><strong>Var.)</strong></span> <span class='ocrx_word' id='word_1_552' title='bbox 801 2211 1000 2247; x_wconf 69' lang='lat' dir='ltr'><em>detulerunt</em></span> <span class='ocrx_word' id='word_1_553' title='bbox 1019 2210 1056 2247; x_wconf 75' lang='grc' dir='ltr'>δί</span> <span class='ocrx_word' id='word_1_554' title='bbox 1078 2215 1156 2249; x_wconf 86' lang='lat' dir='ltr'><strong>Var.</strong></span> <span class='ocrx_word' id='word_1_555' title='bbox 1177 2210 1220 2248; x_wconf 88' lang='lat' dir='ltr'><em>B.</em></span> 
     </span>
     <span class='ocr_line' id='line_1_82' title="bbox 135 2258 1405 2310; baseline 0.002 -15"><span class='ocrx_word' id='word_1_556' title='bbox 135 2278 394 2289; x_wconf 88' lang='lat'>—-—----</span> <span class='ocrx_word' id='word_1_557' title='bbox 421 2264 538 2309; x_wconf 70' lang='lat' dir='ltr'><em>nuper)</em></span> <span class='ocrx_word' id='word_1_558' title='bbox 565 2260 684 2298; x_wconf 80' lang='lat' dir='ltr'><em>delent</em></span> <span class='ocrx_word' id='word_1_559' title='bbox 708 2262 751 2297; x_wconf 82' lang='grc' dir='ltr'><em>Α.</em></span> <span class='ocrx_word' id='word_1_560' title='bbox 772 2258 813 2297; x_wconf 92' lang='grc' dir='ltr'><em>Β.</em></span> <span class='ocrx_word' id='word_1_561' title='bbox 830 2263 862 2308; x_wconf 92' lang='grc' dir='ltr'><em>Ι.</em></span> <span class='ocrx_word' id='word_1_562' title='bbox 1320 2262 1348 2298; x_wconf 86' lang='grc' dir='ltr'><strong>Β</strong></span> <span class='ocrx_word' id='word_1_563' title='bbox 1384 2263 1405 2310; x_wconf 91' lang='lat' dir='ltr'><em>J</em></span> 
     </span>
    </p>
   </div>
   <div class='ocr_carea' id='block_1_46' title="bbox 1273 2182 1465 2191">
    <p class='ocr_par' dir='ltr' id='par_1_62' title="bbox 1273 2182 1465 2191">
     <span class='ocr_line' id='line_1_83' title="bbox 1273 2182 1465 2191; baseline 0 1495"><span class='ocrx_word' id='word_1_564' title='bbox 1273 2182 1465 2191; x_wconf 95' lang='lat' dir='ltr'><em> </em></span> 
     </span>
    </p>
   </div>
   <div class='ocr_carea' id='block_1_47' title="bbox 137 2179 329 2191">
    <p class='ocr_par' dir='ltr' id='par_1_63' title="bbox 137 2179 329 2191">
     <span class='ocr_line' id='line_1_84' title="bbox 137 2179 329 2191; baseline 0 0"><span class='ocrx_word' id='word_1_565' title='bbox 137 2179 329 2191; x_wconf 95' lang='lat' dir='ltr'><em> </em></span> 
     </span>
    </p>
   </div>
   <div class='ocr_carea' id='block_1_48' title="bbox 136 2224 312 2237">
    <p class='ocr_par' dir='ltr' id='par_1_64' title="bbox 136 2224 312 2237">
     <span class='ocr_line' id='line_1_85' title="bbox 136 2224 312 2237; baseline 0 0"><span class='ocrx_word' id='word_1_566' title='bbox 136 2224 312 2237; x_wconf 95' lang='lat' dir='ltr'><em> </em></span> 
     </span>
    </p>
   </div>
   <div class='ocr_carea' id='block_1_49' title="bbox 1272 2230 1464 2240">
    <p class='ocr_par' dir='ltr' id='par_1_65' title="bbox 1272 2230 1464 2240">
     <span class='ocr_line' id='line_1_86' title="bbox 1272 2230 1464 2240; baseline 0 0"><span class='ocrx_word' id='word_1_567' title='bbox 1272 2230 1464 2240; x_wconf 95' lang='lat' dir='ltr'><em> </em></span> 
     </span>
    </p>
   </div>
   <div class='ocr_carea' id='block_1_50' title="bbox 133 2330 324 2341">
    <p class='ocr_par' dir='ltr' id='par_1_66' title="bbox 133 2330 324 2341">
     <span class='ocr_line' id='line_1_87' title="bbox 133 2330 324 2341; baseline 0 0"><span class='ocrx_word' id='word_1_568' title='bbox 133 2330 324 2341; x_wconf 95' lang='lat' dir='ltr'><em> </em></span> 
     </span>
    </p>
   </div>
   <div class='ocr_carea' id='block_1_51' title="bbox 132 2380 325 2390">
    <p class='ocr_par' dir='ltr' id='par_1_67' title="bbox 132 2380 325 2390">
     <span class='ocr_line' id='line_1_88' title="bbox 132 2380 325 2390; baseline 0 1296"><span class='ocrx_word' id='word_1_569' title='bbox 132 2380 325 2390; x_wconf 95' lang='lat' dir='ltr'><em> </em></span> 
     </span>
    </p>
   </div>
   <div class='ocr_carea' id='block_1_52' title="bbox 132 2479 323 2490">
    <p class='ocr_par' dir='ltr' id='par_1_68' title="bbox 132 2479 323 2490">
     <span class='ocr_line' id='line_1_89' title="bbox 132 2479 323 2490; baseline 0 1196"><span class='ocrx_word' id='word_1_570' title='bbox 132 2479 323 2490; x_wconf 95' lang='lat' dir='ltr'><em> </em></span> 
     </span>
    </p>
   </div>
   <div class='ocr_carea' id='block_1_53' title="bbox 130 2627 323 2639">
    <p class='ocr_par' dir='ltr' id='par_1_69' title="bbox 130 2627 323 2639">
     <span class='ocr_line' id='line_1_90' title="bbox 130 2627 323 2639; baseline 0 0"><span class='ocrx_word' id='word_1_571' title='bbox 130 2627 323 2639; x_wconf 95' lang='lat' dir='ltr'><em> </em></span> 
     </span>
    </p>
   </div>
   <div class='ocr_carea' id='block_1_54' title="bbox 1292 2635 1455 2642">
    <p class='ocr_par' dir='ltr' id='par_1_70' title="bbox 1292 2635 1455 2642">
     <span class='ocr_line' id='line_1_91' title="bbox 1292 2635 1455 2642; baseline 0 1044"><span class='ocrx_word' id='word_1_572' title='bbox 1292 2635 1455 2642; x_wconf 95' lang='lat' dir='ltr'><em> </em></span> 
     </span>
    </p>
   </div>
   <div class='ocr_carea' id='block_1_55' title="bbox 132 2309 2357 2719">
    <p class='ocr_par' dir='ltr' id='par_1_71' title="bbox 132 2309 2357 2719">
     <span class='ocr_line' id='line_1_92' title="bbox 350 2309 2352 2365; baseline 0.005 -21"><span class='ocrx_word' id='word_1_573' title='bbox 350 2321 386 2356; x_wconf 90' lang='lat'><em>4.</em></span> <span class='ocrx_word' id='word_1_574' title='bbox 416 2312 452 2346; x_wconf 70' lang='grc' dir='ltr'><em>δε</em></span> <span class='ocrx_word' id='word_1_575' title='bbox 469 2309 564 2360; x_wconf 85' lang='lat' dir='ltr'><strong>post.)</strong></span> <span class='ocrx_word' id='word_1_576' title='bbox 591 2310 741 2349; x_wconf 66' lang='lat' dir='ltr'><em>&amp;delet</em></span> <span class='ocrx_word' id='word_1_577' title='bbox 758 2309 799 2347; x_wconf 91' lang='lat' dir='ltr'><em>B.</em></span> <span class='ocrx_word' id='word_1_578' title='bbox 1269 2312 1309 2351; x_wconf 88' lang='lat' dir='ltr'><em>P.</em></span> <span class='ocrx_word' id='word_1_579' title='bbox 1331 2324 1400 2358; x_wconf 67' lang='lat'><em>40³-</em></span> <span class='ocrx_word' id='word_1_580' title='bbox 1435 2313 1460 2350; x_wconf 92' lang='grc'><em>1.</em></span> <span class='ocrx_word' id='word_1_581' title='bbox 1482 2313 1616 2361; x_wconf 67' lang='lat' dir='ltr'><strong>penult.</strong></span> <span class='ocrx_word' id='word_1_582' title='bbox 1646 2330 1656 2336; x_wconf 58' lang='grc'><em>”</em></span> <span class='ocrx_word' id='word_1_583' title='bbox 1671 2316 1835 2356; x_wconf 66' lang='lat' dir='ltr'><em>eluctatos</em></span> <span class='ocrx_word' id='word_1_584' title='bbox 1864 2316 2067 2365; x_wconf 74' lang='lat' dir='ltr'><em>regionisque</em></span> <span class='ocrx_word' id='word_1_585' title='bbox 2091 2316 2352 2355; x_wconf 77' lang='lat' dir='ltr'><em>abundantiam</em></span> 
     </span>
     <span class='ocr_line' id='line_1_93' title="bbox 353 2359 2357 2416; baseline 0.005 -20"><span class='ocrx_word' id='word_1_586' title='bbox 353 2371 387 2403; x_wconf 90' lang='lat'><em>7.</em></span> <span class='ocrx_word' id='word_1_587' title='bbox 417 2372 483 2396; x_wconf 85' lang='lat' dir='ltr'><em>non</em></span> <span class='ocrx_word' id='word_1_588' title='bbox 504 2360 577 2397; x_wconf 82' lang='lat' dir='ltr'><em>fine</em></span> <span class='ocrx_word' id='word_1_589' title='bbox 599 2363 666 2409; x_wconf 86' lang='lat' dir='ltr'><strong>eu.)</strong></span> <span class='ocrx_word' id='word_1_590' title='bbox 694 2373 760 2397; x_wconf 86' lang='lat' dir='ltr'><em>non</em></span> <span class='ocrx_word' id='word_1_591' title='bbox 781 2359 843 2398; x_wconf 82' lang='lat' dir='ltr'><em>nifi</em></span> <span class='ocrx_word' id='word_1_592' title='bbox 869 2374 920 2399; x_wconf 84' lang='lat' dir='ltr'><em>eu.</em></span> <span class='ocrx_word' id='word_1_593' title='bbox 944 2361 992 2398; x_wconf 87' lang='lat' dir='ltr'><em>A.</em></span> <span class='ocrx_word' id='word_1_594' title='bbox 1319 2362 1476 2410; x_wconf 69' lang='lat' dir='ltr'><em>inoffensa</em></span> <span class='ocrx_word' id='word_1_595' title='bbox 1513 2366 1791 2406; x_wconf 77' lang='lat' dir='ltr'><em>transmitteres)</em></span> <span class='ocrx_word' id='word_1_596' title='bbox 1829 2379 1916 2414; x_wconf 77' lang='lat' dir='ltr'><em>quae</em></span> <span class='ocrx_word' id='word_1_597' title='bbox 1961 2368 2152 2416; x_wconf 53' lang='lat' dir='ltr'><em>voluptates</em></span> <span class='ocrx_word' id='word_1_598' title='bbox 2180 2381 2319 2410; x_wconf 65' lang='lat' dir='ltr'><em>regionis</em></span> <span class='ocrx_word' id='word_1_599' title='bbox 2344 2384 2357 2406; x_wconf 89' lang='lat'><em>.·</em></span> 
     </span>
     <span class='ocr_line' id='line_1_94' title="bbox 133 2409 2356 2466; baseline 0.004 -21"><span class='ocrx_word' id='word_1_600' title='bbox 133 2409 173 2445; x_wconf 91' lang='lat' dir='ltr'><em>P.</em></span> <span class='ocrx_word' id='word_1_601' title='bbox 203 2409 286 2458; x_wconf 88' lang='lat'><strong>388.</strong></span> <span class='ocrx_word' id='word_1_602' title='bbox 313 2410 335 2448; x_wconf 93' lang='lat' dir='ltr'><em>l.</em></span> <span class='ocrx_word' id='word_1_603' title='bbox 362 2422 394 2461; x_wconf 89' lang='lat'><em>3.</em></span> <span class='ocrx_word' id='word_1_604' title='bbox 422 2412 590 2458; x_wconf 84' lang='lat' dir='ltr'><em>Magnus)</em></span> <span class='ocrx_word' id='word_1_605' title='bbox 616 2412 662 2447; x_wconf 84' lang='lat' dir='ltr'><em>ita</em></span> <span class='ocrx_word' id='word_1_606' title='bbox 684 2410 779 2446; x_wconf 63' lang='lat' dir='ltr'><em>AB.</em></span> <span class='ocrx_word' id='word_1_607' title='bbox 798 2411 832 2458; x_wconf 88' lang='lat' dir='ltr'><em>J.</em></span> <span class='ocrx_word' id='word_1_608' title='bbox 1320 2426 1406 2461; x_wconf 72' lang='lat' dir='ltr'><em>quae</em></span> <span class='ocrx_word' id='word_1_609' title='bbox 1429 2413 1684 2450; x_wconf 73' lang='lat' dir='ltr'><em>abundantiam</em></span> <span class='ocrx_word' id='word_1_610' title='bbox 1712 2414 1909 2463; x_wconf 71' lang='lat' dir='ltr'><em>inoffensam</em></span> <span class='ocrx_word' id='word_1_611' title='bbox 1939 2419 2135 2455; x_wconf 79' lang='lat' dir='ltr'><em>transmitti</em></span> <span class='ocrx_word' id='word_1_612' title='bbox 2160 2411 2266 2466; x_wconf 41' lang='lat' dir='ltr'><strong>res-J.</strong></span> <span class='ocrx_word' id='word_1_613' title='bbox 2292 2431 2356 2454; x_wconf 79' lang='lat' dir='ltr'><em>vo-</em></span> 
     </span>
     <span class='ocr_line' id='line_1_95' title="bbox 352 2459 2354 2518; baseline 0.003 -20"><span class='ocrx_word' id='word_1_614' title='bbox 352 2474 385 2508; x_wconf 83' lang='lat'><em>4.</em></span> <span class='ocrx_word' id='word_1_615' title='bbox 412 2461 469 2505; x_wconf 76' lang='lat' dir='ltr'><em>est·</em></span> <span class='ocrx_word' id='word_1_616' title='bbox 496 2462 541 2498; x_wconf 67' lang='lat' dir='ltr'><em>ita</em></span> <span class='ocrx_word' id='word_1_617' title='bbox 563 2459 691 2497; x_wconf 76' lang='lat' dir='ltr'><em>orniffo</em></span> <span class='ocrx_word' id='word_1_618' title='bbox 716 2473 785 2497; x_wconf 88' lang='lat' dir='ltr'><em>mos</em></span> <span class='ocrx_word' id='word_1_619' title='bbox 805 2461 849 2496; x_wconf 89' lang='lat' dir='ltr'><em>A.</em></span> <span class='ocrx_word' id='word_1_620' title='bbox 867 2459 893 2496; x_wconf 86' lang='grc' dir='ltr'><strong>Β</strong></span> <span class='ocrx_word' id='word_1_621' title='bbox 934 2460 964 2505; x_wconf 87' lang='lat' dir='ltr'><em>J.</em></span> <span class='ocrx_word' id='word_1_622' title='bbox 1095 2507 1102 2515; x_wconf 45' lang='lat'><strong>·</strong></span> <span class='ocrx_word' id='word_1_623' title='bbox 1152 2467 1159 2474; x_wconf 83' lang='lat'><strong><em>&#39;</em></strong></span> <span class='ocrx_word' id='word_1_624' title='bbox 1318 2464 1464 2509; x_wconf 86' lang='lat' dir='ltr'><em>luptates</em></span> <span class='ocrx_word' id='word_1_625' title='bbox 1482 2464 1619 2510; x_wconf 60' lang='lat' dir='ltr'><em>regionis</em></span> <span class='ocrx_word' id='word_1_626' title='bbox 1641 2477 1729 2513; x_wconf 80' lang='lat' dir='ltr'><em>quae</em></span> <span class='ocrx_word' id='word_1_627' title='bbox 1751 2464 2034 2504; x_wconf 87' lang='lat' dir='ltr'><em>habundantiam</em></span> <span class='ocrx_word' id='word_1_628' title='bbox 2055 2468 2214 2518; x_wconf 75' lang='lat' dir='ltr'><em>inoffinsa</em></span> <span class='ocrx_word' id='word_1_629' title='bbox 2235 2479 2354 2505; x_wconf 76' lang='lat' dir='ltr'><em>trans·</em></span> 
     </span>
     <span class='ocr_line' id='line_1_96' title="bbox 132 2509 1894 2559; baseline 0.005 -17"><span class='ocrx_word' id='word_1_630' title='bbox 132 2529 393 2542; x_wconf 62' lang='lat'><strong>——...-</strong></span> <span class='ocrx_word' id='word_1_631' title='bbox 422 2522 462 2547; x_wconf 86' lang='lat' dir='ltr'><em>ut</em></span> <span class='ocrx_word' id='word_1_632' title='bbox 480 2512 548 2554; x_wconf 88' lang='lat' dir='ltr'><em>mi,</em></span> <span class='ocrx_word' id='word_1_633' title='bbox 574 2519 632 2557; x_wconf 91' lang='lat' dir='ltr'><em>pro</em></span> <span class='ocrx_word' id='word_1_634' title='bbox 651 2511 744 2559; x_wconf 71' lang='lat' dir='ltr'><em>copia</em></span> <span class='ocrx_word' id='word_1_635' title='bbox 766 2509 981 2547; x_wconf 79' lang='lat' dir='ltr'><em>volubilitas)</em></span> <span class='ocrx_word' id='word_1_636' title='bbox 1009 2519 1048 2545; x_wconf 92' lang='lat' dir='ltr'><em>ut</em></span> <span class='ocrx_word' id='word_1_637' title='bbox 1073 2518 1136 2545; x_wconf 81' lang='lat' dir='ltr'><em>cito</em></span> <span class='ocrx_word' id='word_1_638' title='bbox 1163 2521 1214 2546; x_wconf 86' lang='lat' dir='ltr'><em>co·</em></span> <span class='ocrx_word' id='word_1_639' title='bbox 1317 2512 1469 2548; x_wconf 86' lang='lat' dir='ltr'><em>mitteres</em></span> <span class='ocrx_word' id='word_1_640' title='bbox 1488 2514 1533 2548; x_wconf 83' lang='lat' dir='ltr'><em>A.</em></span> <span class='ocrx_word' id='word_1_641' title='bbox 1884 2523 1894 2529; x_wconf 74' lang='grc'><strong><em>”</em></strong></span> 
     </span>
     <span class='ocr_line' id='line_1_97' title="bbox 178 2558 2193 2616; baseline 0.005 -21"><span class='ocrx_word' id='word_1_642' title='bbox 178 2559 236 2607; x_wconf 83' lang='lat' dir='ltr'><em>pia</em></span> <span class='ocrx_word' id='word_1_643' title='bbox 257 2558 416 2596; x_wconf 61' lang='lat' dir='ltr'><em>voltibus</em></span> <span class='ocrx_word' id='word_1_644' title='bbox 435 2560 471 2595; x_wconf 93' lang='lat' dir='ltr'><em>A</em></span> <span class='ocrx_word' id='word_1_645' title='bbox 509 2572 547 2596; x_wconf 85' lang='lat' dir='ltr'><em>ut</em></span> <span class='ocrx_word' id='word_1_646' title='bbox 568 2561 690 2609; x_wconf 85' lang='lat' dir='ltr'><em>Euripo</em></span> <span class='ocrx_word' id='word_1_647' title='bbox 710 2562 797 2609; x_wconf 83' lang='lat' dir='ltr'><em>topia</em></span> <span class='ocrx_word' id='word_1_648' title='bbox 820 2560 979 2597; x_wconf 75' lang='lat' dir='ltr'><em>volubilis</em></span> <span class='ocrx_word' id='word_1_649' title='bbox 1003 2558 1088 2607; x_wconf 86' lang='lat' dir='ltr'><strong>B.J.</strong></span> <span class='ocrx_word' id='word_1_650' title='bbox 1267 2562 1305 2600; x_wconf 90' lang='lat' dir='ltr'><em>P.</em></span> <span class='ocrx_word' id='word_1_651' title='bbox 1332 2573 1419 2611; x_wconf 63' lang='lat'><strong>403.</strong></span> <span class='ocrx_word' id='word_1_652' title='bbox 1447 2562 1468 2599; x_wconf 92' lang='lat' dir='ltr'><em>l.</em></span> <span class='ocrx_word' id='word_1_653' title='bbox 1496 2576 1528 2607; x_wconf 73' lang='lat'><em>4.</em></span> <span class='ocrx_word' id='word_1_654' title='bbox 1555 2563 1864 2611; x_wconf 61' lang='lat' dir='ltr'><em>imaginsromnia)</em></span> <span class='ocrx_word' id='word_1_655' title='bbox 1890 2565 2012 2605; x_wconf 60' lang='lat' dir='ltr'><em>delffnt</em></span> <span class='ocrx_word' id='word_1_656' title='bbox 2033 2568 2081 2610; x_wconf 76' lang='lat' dir='ltr'><em>A.</em></span> <span class='ocrx_word' id='word_1_657' title='bbox 2102 2567 2144 2606; x_wconf 86' lang='grc' dir='ltr'><em>Β.</em></span> <span class='ocrx_word' id='word_1_658' title='bbox 2159 2569 2193 2616; x_wconf 92' lang='lat' dir='ltr'><em>J.</em></span> 
     </span>
     <span class='ocr_line' id='line_1_98' title="bbox 350 2610 2041 2666; baseline 0.004 -20"><span class='ocrx_word' id='word_1_659' title='bbox 350 2611 409 2646; x_wconf 87' lang='lat' dir='ltr'><strong>ult.</strong></span> <span class='ocrx_word' id='word_1_660' title='bbox 427 2619 580 2658; x_wconf 49' lang='lat' dir='ltr'><em>tamffue,</em></span> <span class='ocrx_word' id='word_1_661' title='bbox 608 2611 657 2647; x_wconf 82' lang='lat' dir='ltr'><em>ita</em></span> <span class='ocrx_word' id='word_1_662' title='bbox 680 2610 761 2646; x_wconf 72' lang='grc' dir='ltr'><em>ΑΒ</em></span> <span class='ocrx_word' id='word_1_663' title='bbox 783 2612 816 2658; x_wconf 90' lang='grc' dir='ltr'><em>Ι.</em></span> <span class='ocrx_word' id='word_1_664' title='bbox 1265 2635 1291 2642; x_wconf 83' lang='lat'>-</span> <span class='ocrx_word' id='word_1_665' title='bbox 1485 2623 1518 2658; x_wconf 81' lang='lat'><em>5.</em></span> <span class='ocrx_word' id='word_1_666' title='bbox 1549 2617 1718 2662; x_wconf 83' lang='lat' dir='ltr'><em>maxime)</em></span> <span class='ocrx_word' id='word_1_667' title='bbox 1746 2616 1868 2653; x_wconf 78' lang='lat' dir='ltr'><em>delent</em></span> <span class='ocrx_word' id='word_1_668' title='bbox 1890 2618 1931 2655; x_wconf 87' lang='lat' dir='ltr'><em>A.</em></span> <span class='ocrx_word' id='word_1_669' title='bbox 1953 2617 1991 2655; x_wconf 84' lang='grc' dir='ltr'><em>Β.</em></span> <span class='ocrx_word' id='word_1_670' title='bbox 2008 2619 2041 2666; x_wconf 89' lang='lat' dir='ltr'><em>J.</em></span> 
     </span>
     <span class='ocr_line' id='line_1_99' title="bbox 334 2660 2350 2719; baseline 0.005 -24"><span class='ocrx_word' id='word_1_671' title='bbox 334 2683 389 2688; x_wconf 80' lang='lat'><em>--</em></span> <span class='ocrx_word' id='word_1_672' title='bbox 418 2661 564 2708; x_wconf 84' lang='lat' dir='ltr'><em>periodos</em></span> <span class='ocrx_word' id='word_1_673' title='bbox 605 2660 781 2708; x_wconf 74' lang='lat' dir='ltr'><em>peritiodos</em></span> <span class='ocrx_word' id='word_1_674' title='bbox 807 2660 854 2697; x_wconf 85' lang='lat' dir='ltr'><em>A.</em></span> <span class='ocrx_word' id='word_1_675' title='bbox 1263 2663 1303 2700; x_wconf 88' lang='lat' dir='ltr'><em>P.</em></span> <span class='ocrx_word' id='word_1_676' title='bbox 1324 2673 1397 2708; x_wconf 84' lang='grc'><em>404</em></span> <span class='ocrx_word' id='word_1_677' title='bbox 1432 2663 1451 2700; x_wconf 92' lang='lat' dir='ltr'><em>l.</em></span> <span class='ocrx_word' id='word_1_678' title='bbox 1479 2664 1613 2711; x_wconf 83' lang='lat' dir='ltr'><strong>penult.</strong></span> <span class='ocrx_word' id='word_1_679' title='bbox 1640 2666 1676 2702; x_wconf 75' lang='grc' dir='ltr'><em>ὃ(</em></span> <span class='ocrx_word' id='word_1_680' title='bbox 1719 2665 1980 2717; x_wconf 77' lang='lat' dir='ltr'><em>intempestiva)</em></span> <span class='ocrx_word' id='word_1_681' title='bbox 2028 2676 2066 2705; x_wconf 89' lang='lat' dir='ltr'><em>ut</em></span> <span class='ocrx_word' id='word_1_682' title='bbox 2114 2668 2350 2719; x_wconf 81' lang='lat' dir='ltr'><em>intempestiva</em></span> 
     </span>
    </p>
   </div>
   <div class='ocr_carea' id='block_1_56' title="bbox 130 2681 321 2692">
    <p class='ocr_par' dir='ltr' id='par_1_72' title="bbox 130 2681 321 2692">
     <span class='ocr_line' id='line_1_100' title="bbox 130 2681 321 2692; baseline 0 0"><span class='ocrx_word' id='word_1_683' title='bbox 130 2681 321 2692; x_wconf 95' lang='lat' dir='ltr'><em> </em></span> 
     </span>
    </p>
   </div>
   <div class='ocr_carea' id='block_1_57' title="bbox 125 2707 2346 2966">
    <p class='ocr_par' dir='ltr' id='par_1_73' title="bbox 125 2707 2346 2916">
     <span class='ocr_line' id='line_1_101' title="bbox 125 2707 1419 2761; baseline -0.001 -12"><span class='ocrx_word' id='word_1_684' title='bbox 125 2709 165 2750; x_wconf 88' lang='lat' dir='ltr'><em>P.</em></span> <span class='ocrx_word' id='word_1_685' title='bbox 194 2711 268 2761; x_wconf 78' lang='lat'><em>389</em></span> <span class='ocrx_word' id='word_1_686' title='bbox 305 2712 315 2749; x_wconf 95' lang='lat' dir='ltr'><em>l</em></span> <span class='ocrx_word' id='word_1_687' title='bbox 357 2720 373 2756; x_wconf 85' lang='lat'><strong>3</strong></span> <span class='ocrx_word' id='word_1_688' title='bbox 414 2711 541 2751; x_wconf 85' lang='lat' dir='ltr'><em>immo.</em></span> <span class='ocrx_word' id='word_1_689' title='bbox 566 2709 595 2758; x_wconf 85' lang='grc' dir='ltr'><em>[ἱ</em></span> <span class='ocrx_word' id='word_1_690' title='bbox 619 2707 740 2748; x_wconf 89' lang='lat' dir='ltr'><em>Marco</em></span> <span class='ocrx_word' id='word_1_691' title='bbox 769 2710 921 2747; x_wconf 89' lang='lat' dir='ltr'><em>Antonio</em></span> <span class='ocrx_word' id='word_1_692' title='bbox 944 2709 1127 2752; x_wconf 86' lang='lat' dir='ltr'><em>credimus,</em></span> <span class='ocrx_word' id='word_1_693' title='bbox 1157 2722 1214 2748; x_wconf 84' lang='lat' dir='ltr'><em>ne·</em></span> <span class='ocrx_word' id='word_1_694' title='bbox 1315 2713 1359 2751; x_wconf 78' lang='lat' dir='ltr'><strong>A,</strong></span> <span class='ocrx_word' id='word_1_695' title='bbox 1385 2714 1419 2760; x_wconf 89' lang='lat' dir='ltr'><em>J.</em></span> 
     </span>
     <span class='ocr_line' id='line_1_102' title="bbox 177 2760 2008 2817; baseline 0.002 -18"><span class='ocrx_word' id='word_1_696' title='bbox 177 2762 277 2799; x_wconf 61' lang='lat' dir='ltr'><em>mini*</em></span> <span class='ocrx_word' id='word_1_697' title='bbox 304 2762 408 2797; x_wconf 77' lang='lat' dir='ltr'><em>immo</em></span> <span class='ocrx_word' id='word_1_698' title='bbox 429 2760 590 2810; x_wconf 86' lang='lat' dir='ltr'><em>tamensi</em></span> <span class='ocrx_word' id='word_1_699' title='bbox 617 2766 662 2796; x_wconf 88' lang='lat' dir='ltr'><em>M</em></span> <span class='ocrx_word' id='word_1_700' title='bbox 700 2763 856 2798; x_wconf 89' lang='lat' dir='ltr'><em>Antonio</em></span> <span class='ocrx_word' id='word_1_701' title='bbox 883 2761 1054 2798; x_wconf 75' lang='lat' dir='ltr'><em>credemus</em></span> <span class='ocrx_word' id='word_1_702' title='bbox 1074 2760 1215 2805; x_wconf 80' lang='lat' dir='ltr'><em>nemini,</em></span> <span class='ocrx_word' id='word_1_703' title='bbox 1462 2787 1528 2792; x_wconf 91' lang='lat'><em>—-</em></span> <span class='ocrx_word' id='word_1_704' title='bbox 1557 2764 1595 2801; x_wconf 86' lang='lat'>&amp;</span> <span class='ocrx_word' id='word_1_705' title='bbox 1614 2765 1749 2815; x_wconf 78' lang='lat' dir='ltr'><em>praep]</em></span> <span class='ocrx_word' id='word_1_706' title='bbox 1779 2774 1818 2803; x_wconf 83' lang='lat' dir='ltr'><em>ut</em></span> <span class='ocrx_word' id='word_1_707' title='bbox 1842 2775 1953 2816; x_wconf 57' lang='lat' dir='ltr'><em>praes.</em></span> <span class='ocrx_word' id='word_1_708' title='bbox 1978 2768 2008 2817; x_wconf 91' lang='lat' dir='ltr'><em>J.</em></span> 
     </span>
     <span class='ocr_line' id='line_1_103' title="bbox 179 2810 2346 2867; baseline 0.003 -18"><span class='ocrx_word' id='word_1_709' title='bbox 179 2825 243 2849; x_wconf 85' lang='lat' dir='ltr'><em>non</em></span> <span class='ocrx_word' id='word_1_710' title='bbox 267 2823 385 2850; x_wconf 68' lang='lat' dir='ltr'><em>tamen</em></span> <span class='ocrx_word' id='word_1_711' title='bbox 405 2812 499 2849; x_wconf 89' lang='lat' dir='ltr'><em>omni</em></span> <span class='ocrx_word' id='word_1_712' title='bbox 517 2812 545 2848; x_wconf 87' lang='lat' dir='ltr'>B</span> <span class='ocrx_word' id='word_1_713' title='bbox 585 2810 681 2858; x_wconf 75' lang='lat' dir='ltr'><em>Jam</em></span> <span class='ocrx_word' id='word_1_714' title='bbox 699 2812 896 2861; x_wconf 86' lang='lat' dir='ltr'><em>nonsumus</em></span> <span class='ocrx_word' id='word_1_715' title='bbox 916 2812 1064 2849; x_wconf 84' lang='lat' dir='ltr'><em>Antonii</em></span> <span class='ocrx_word' id='word_1_716' title='bbox 1089 2821 1128 2847; x_wconf 86' lang='lat' dir='ltr'><em>ut</em></span> <span class='ocrx_word' id='word_1_717' title='bbox 1158 2812 1212 2849; x_wconf 86' lang='lat' dir='ltr'><em>de·</em></span> <span class='ocrx_word' id='word_1_718' title='bbox 1445 2838 1528 2844; x_wconf 83' lang='lat'><em>--—-</em></span> <span class='ocrx_word' id='word_1_719' title='bbox 1555 2817 1783 2867; x_wconf 63' lang='lat' dir='ltr'><em>curfitabant‘.</em></span> <span class='ocrx_word' id='word_1_720' title='bbox 1801 2818 2019 2867; x_wconf 74' lang='lat' dir='ltr'><em>cursitantem</em></span> <span class='ocrx_word' id='word_1_721' title='bbox 2032 2818 2077 2856; x_wconf 85' lang='lat' dir='ltr'><em>A.</em></span> <span class='ocrx_word' id='word_1_722' title='bbox 2104 2816 2346 2866; x_wconf 75' lang='lat' dir='ltr'><em>curfitamesJ.</em></span> 
     </span>
     <span class='ocr_line' id='line_1_104' title="bbox 179 2864 2043 2916; baseline 0.004 -17"><span class='ocrx_word' id='word_1_723' title='bbox 179 2876 254 2900; x_wconf 91' lang='lat' dir='ltr'><em>mus</em></span> <span class='ocrx_word' id='word_1_724' title='bbox 278 2864 418 2901; x_wconf 83' lang='lat' dir='ltr'><em>nemini.</em></span> <span class='ocrx_word' id='word_1_725' title='bbox 440 2864 472 2911; x_wconf 87' lang='lat' dir='ltr'><em>J.</em></span> <span class='ocrx_word' id='word_1_726' title='bbox 1264 2864 1303 2902; x_wconf 88' lang='lat' dir='ltr'><em>P.</em></span> <span class='ocrx_word' id='word_1_727' title='bbox 1331 2869 1417 2910; x_wconf 75' lang='lat'><strong>406.</strong></span> <span class='ocrx_word' id='word_1_728' title='bbox 1443 2864 1462 2901; x_wconf 88' lang='lat' dir='ltr'><em>l.</em></span> <span class='ocrx_word' id='word_1_729' title='bbox 1491 2877 1524 2904; x_wconf 83' lang='lat'><em>2.</em></span> <span class='ocrx_word' id='word_1_730' title='bbox 1548 2866 1779 2914; x_wconf 84' lang='lat' dir='ltr'><em>precabantur</em></span> <span class='ocrx_word' id='word_1_731' title='bbox 1821 2867 1868 2904; x_wconf 74' lang='lat' dir='ltr'><em>ira</em></span> <span class='ocrx_word' id='word_1_732' title='bbox 1888 2869 1934 2906; x_wconf 91' lang='lat' dir='ltr'><em>A.</em></span> <span class='ocrx_word' id='word_1_733' title='bbox 1953 2868 1990 2906; x_wconf 91' lang='lat' dir='ltr'><em>B.</em></span> <span class='ocrx_word' id='word_1_734' title='bbox 2010 2870 2043 2916; x_wconf 90' lang='lat' dir='ltr'><em>J.</em></span> 
     </span>
    </p>

    <p class='ocr_par' dir='ltr' id='par_1_74' title="bbox 1430 2917 1888 2966">
     <span class='ocr_line' id='line_1_105' title="bbox 1430 2917 1888 2966; baseline 0.002 -13"><span class='ocrx_word' id='word_1_735' title='bbox 1430 2938 1454 2945; x_wconf 75' lang='lat'><em>-</em></span> <span class='ocrx_word' id='word_1_736' title='bbox 1483 2926 1516 2962; x_wconf 86' lang='lat'><em>3.</em></span> <span class='ocrx_word' id='word_1_737' title='bbox 1542 2918 1627 2965; x_wconf 62' lang='lat' dir='ltr'><em>qussi</em></span> <span class='ocrx_word' id='word_1_738' title='bbox 1659 2918 1706 2953; x_wconf 65' lang='lat' dir='ltr'><em>ita</em></span> <span class='ocrx_word' id='word_1_739' title='bbox 1728 2919 1774 2955; x_wconf 87' lang='lat' dir='ltr'><em>A.</em></span> <span class='ocrx_word' id='word_1_740' title='bbox 1797 2917 1837 2954; x_wconf 87' lang='grc' dir='ltr'><em>Β.</em></span> <span class='ocrx_word' id='word_1_741' title='bbox 1855 2919 1888 2966; x_wconf 88' lang='lat' dir='ltr'><em>J.</em></span> 
     </span>
    </p>
   </div>
   <div class='ocr_carea' id='block_1_58' title="bbox 1267 2786 1456 2795">
    <p class='ocr_par' dir='ltr' id='par_1_75' title="bbox 1267 2786 1456 2795">
     <span class='ocr_line' id='line_1_106' title="bbox 1267 2786 1456 2795; baseline 0 891"><span class='ocrx_word' id='word_1_742' title='bbox 1267 2786 1456 2795; x_wconf 95' lang='lat' dir='ltr'><em> </em></span> 
     </span>
    </p>
   </div>
   <div class='ocr_carea' id='block_1_59' title="bbox 1267 2836 1443 2845">
    <p class='ocr_par' dir='ltr' id='par_1_76' title="bbox 1267 2836 1443 2845">
     <span class='ocr_line' id='line_1_107' title="bbox 1267 2836 1443 2845; baseline 0 0"><span class='ocrx_word' id='word_1_743' title='bbox 1267 2836 1443 2845; x_wconf 95' lang='lat' dir='ltr'><em> </em></span> 
     </span>
    </p>
   </div>
   <div class='ocr_carea' id='block_1_60' title="bbox 126 2929 314 2940">
    <p class='ocr_par' dir='ltr' id='par_1_77' title="bbox 126 2929 314 2940">
     <span class='ocr_line' id='line_1_108' title="bbox 126 2929 314 2940; baseline 0 746"><span class='ocrx_word' id='word_1_744' title='bbox 126 2929 314 2940; x_wconf 95' lang='lat' dir='ltr'><em> </em></span> 
     </span>
    </p>
   </div>
   <div class='ocr_carea' id='block_1_61' title="bbox 129 2913 2350 3257">
    <p class='ocr_par' dir='ltr' id='par_1_78' title="bbox 129 2913 2059 3018">
     <span class='ocr_line' id='line_1_109' title="bbox 337 2913 874 2960; baseline 0.002 -10"><span class='ocrx_word' id='word_1_745' title='bbox 337 2915 398 2952; x_wconf 77' lang='lat' dir='ltr'><strong>ult.</strong></span> <span class='ocrx_word' id='word_1_746' title='bbox 422 2913 604 2960; x_wconf 52' lang='lat' dir='ltr'><em>Homulusf*</em></span> <span class='ocrx_word' id='word_1_747' title='bbox 635 2913 818 2950; x_wconf 78' lang='lat' dir='ltr'><em>Homullus</em></span> <span class='ocrx_word' id='word_1_748' title='bbox 830 2913 874 2951; x_wconf 89' lang='lat' dir='ltr'><em>A.</em></span> 
     </span>
     <span class='ocr_line' id='line_1_110' title="bbox 129 2960 2059 3018; baseline 0.005 -20"><span class='ocrx_word' id='word_1_749' title='bbox 129 2960 169 2999; x_wconf 91' lang='lat' dir='ltr'><em>P.</em></span> <span class='ocrx_word' id='word_1_750' title='bbox 197 2972 280 3010; x_wconf 79' lang='lat'><strong>390.</strong></span> <span class='ocrx_word' id='word_1_751' title='bbox 304 2964 326 3002; x_wconf 88' lang='lat' dir='ltr'><em>l.</em></span> <span class='ocrx_word' id='word_1_752' title='bbox 353 2976 388 3010; x_wconf 91' lang='lat'><em>4.</em></span> <span class='ocrx_word' id='word_1_753' title='bbox 415 2964 548 3013; x_wconf 82' lang='lat' dir='ltr'><em>Priscus</em></span> <span class='ocrx_word' id='word_1_754' title='bbox 599 2964 1210 3016; x_wconf 59' lang='lat' dir='ltr'><em>ansulariseraccusatoribus,quae)</em></span> <span class='ocrx_word' id='word_1_755' title='bbox 1483 2980 1516 3014; x_wconf 78' lang='grc' dir='ltr'><em>ς.</em></span> <span class='ocrx_word' id='word_1_756' title='bbox 1541 2968 1729 3004; x_wconf 86' lang='lat' dir='ltr'><em>amicorum</em></span> <span class='ocrx_word' id='word_1_757' title='bbox 1750 2970 1806 3015; x_wconf 88' lang='lat' dir='ltr'><em>ut)</em></span> <span class='ocrx_word' id='word_1_758' title='bbox 1833 2969 1879 3005; x_wconf 76' lang='lat' dir='ltr'><em>ita</em></span> <span class='ocrx_word' id='word_1_759' title='bbox 1902 2969 1945 3007; x_wconf 91' lang='lat' dir='ltr'><em>A.</em></span> <span class='ocrx_word' id='word_1_760' title='bbox 1968 2968 2008 3006; x_wconf 87' lang='lat' dir='ltr'><em>B.</em></span> <span class='ocrx_word' id='word_1_761' title='bbox 2026 2970 2059 3018; x_wconf 91' lang='lat' dir='ltr'><em>J.</em></span> 
     </span>
    </p>

    <p class='ocr_par' dir='ltr' id='par_1_79' title="bbox 170 3013 2350 3257">
     <span class='ocr_line' id='line_1_111' title="bbox 182 3013 1990 3065; baseline 0.005 -18"><span class='ocrx_word' id='word_1_762' title='bbox 182 3013 310 3061; x_wconf 77' lang='lat' dir='ltr'><em>Priscus</em></span> <span class='ocrx_word' id='word_1_763' title='bbox 331 3015 508 3052; x_wconf 65' lang='lat' dir='ltr'><em>actoribus</em></span> <span class='ocrx_word' id='word_1_764' title='bbox 533 3028 615 3064; x_wconf 85' lang='lat' dir='ltr'><em>quae</em></span> <span class='ocrx_word' id='word_1_765' title='bbox 645 3024 680 3051; x_wconf 51' lang='grc' dir='ltr'><em>ἡ.</em></span> <span class='ocrx_word' id='word_1_766' title='bbox 697 3014 724 3051; x_wconf 91' lang='grc' dir='ltr'><strong>Β</strong></span> <span class='ocrx_word' id='word_1_767' title='bbox 744 3015 776 3061; x_wconf 90' lang='lat' dir='ltr'><em>J.</em></span> <span class='ocrx_word' id='word_1_768' title='bbox 1472 3027 1506 3063; x_wconf 95' lang='lat'><em>7.</em></span> <span class='ocrx_word' id='word_1_769' title='bbox 1532 3018 1717 3065; x_wconf 85' lang='lat' dir='ltr'><em>Fundano)</em></span> <span class='ocrx_word' id='word_1_770' title='bbox 1746 3018 1926 3056; x_wconf 83' lang='lat' dir='ltr'><em>Fundanio</em></span> <span class='ocrx_word' id='word_1_771' title='bbox 1947 3019 1990 3056; x_wconf 91' lang='lat' dir='ltr'><em>A.</em></span> 
     </span>
     <span class='ocr_line' id='line_1_112' title="bbox 347 3064 2165 3119; baseline 0.003 -18"><span class='ocrx_word' id='word_1_772' title='bbox 347 3078 365 3111; x_wconf 84' lang='grc' dir='ltr'><em>ς</em></span> <span class='ocrx_word' id='word_1_773' title='bbox 410 3077 468 3101; x_wconf 81' lang='lat' dir='ltr'><em>nec</em></span> <span class='ocrx_word' id='word_1_774' title='bbox 488 3066 568 3113; x_wconf 82' lang='lat' dir='ltr'><em>lege)</em></span> <span class='ocrx_word' id='word_1_775' title='bbox 598 3065 801 3114; x_wconf 72' lang='lat' dir='ltr'><em>negligenter</em></span> <span class='ocrx_word' id='word_1_776' title='bbox 824 3066 868 3102; x_wconf 90' lang='lat' dir='ltr'><em>A.</em></span> <span class='ocrx_word' id='word_1_777' title='bbox 886 3064 925 3103; x_wconf 92' lang='grc' dir='ltr'><em>Β.</em></span> <span class='ocrx_word' id='word_1_778' title='bbox 945 3067 978 3114; x_wconf 93' lang='lat' dir='ltr'><em>J.</em></span> <span class='ocrx_word' id='word_1_779' title='bbox 1259 3065 1299 3104; x_wconf 85' lang='lat' dir='ltr'><em>P.</em></span> <span class='ocrx_word' id='word_1_780' title='bbox 1324 3078 1408 3112; x_wconf 84' lang='lat'><strong>407.</strong></span> <span class='ocrx_word' id='word_1_781' title='bbox 1433 3068 1455 3105; x_wconf 83' lang='lat' dir='ltr'><em>J.</em></span> <span class='ocrx_word' id='word_1_782' title='bbox 1482 3079 1516 3105; x_wconf 88' lang='lat'><em>2.</em></span> <span class='ocrx_word' id='word_1_783' title='bbox 1542 3068 1697 3114; x_wconf 61' lang='lat' dir='ltr'><em>adficior)</em></span> <span class='ocrx_word' id='word_1_784' title='bbox 1726 3068 1860 3106; x_wconf 79' lang='lat' dir='ltr'><em>omiffo</em></span> <span class='ocrx_word' id='word_1_785' title='bbox 1885 3080 1989 3119; x_wconf 83' lang='lat' dir='ltr'><em>atque</em></span> <span class='ocrx_word' id='word_1_786' title='bbox 2005 3070 2050 3107; x_wconf 90' lang='lat' dir='ltr'><em>A.</em></span> <span class='ocrx_word' id='word_1_787' title='bbox 2073 3067 2112 3105; x_wconf 90' lang='lat' dir='ltr'><em>B.</em></span> <span class='ocrx_word' id='word_1_788' title='bbox 2131 3070 2165 3117; x_wconf 91' lang='lat' dir='ltr'><em>J.</em></span> 
     </span>
     <span class='ocr_line' id='line_1_113' title="bbox 343 3115 1977 3167; baseline 0.002 -15"><span class='ocrx_word' id='word_1_789' title='bbox 343 3115 379 3149; x_wconf 90' lang='lat'><em>6.</em></span> <span class='ocrx_word' id='word_1_790' title='bbox 404 3115 484 3158; x_wconf 58' lang='lat' dir='ltr'><em>fietis</em></span> <span class='ocrx_word' id='word_1_791' title='bbox 500 3117 679 3161; x_wconf 74' lang='lat' dir='ltr'><em>usitatam,</em></span> <span class='ocrx_word' id='word_1_792' title='bbox 694 3117 822 3164; x_wconf 75' lang='lat' dir='ltr'><em>sullam</em></span> <span class='ocrx_word' id='word_1_793' title='bbox 832 3126 962 3153; x_wconf 72' lang='lat' dir='ltr'><em>tamen.</em></span> <span class='ocrx_word' id='word_1_794' title='bbox 1013 3118 1135 3165; x_wconf 56' lang='lat' dir='ltr'><em>{Quare</em></span> <span class='ocrx_word' id='word_1_795' title='bbox 1153 3119 1209 3164; x_wconf 78' lang='lat' dir='ltr'><em>ju·</em></span> <span class='ocrx_word' id='word_1_796' title='bbox 1482 3129 1517 3167; x_wconf 85' lang='lat'><em>3.</em></span> <span class='ocrx_word' id='word_1_797' title='bbox 1542 3123 1638 3154; x_wconf 90' lang='lat' dir='ltr'><em>Nam</em></span> <span class='ocrx_word' id='word_1_798' title='bbox 1682 3120 1804 3157; x_wconf 75' lang='lat' dir='ltr'><em>delent</em></span> <span class='ocrx_word' id='word_1_799' title='bbox 1831 3122 1875 3159; x_wconf 94' lang='lat' dir='ltr'><em>A.</em></span> <span class='ocrx_word' id='word_1_800' title='bbox 1898 3119 1932 3156; x_wconf 88' lang='grc' dir='ltr'><em>Β.</em></span> <span class='ocrx_word' id='word_1_801' title='bbox 1946 3121 1977 3166; x_wconf 87' lang='grc' dir='ltr'><em>Ι.</em></span> 
     </span>
     <span class='ocr_line' id='line_1_114' title="bbox 170 3161 2348 3219; baseline 0.001 -18"><span class='ocrx_word' id='word_1_802' title='bbox 170 3161 266 3210; x_wconf 78' lang='lat' dir='ltr'><em>stam</em></span> <span class='ocrx_word' id='word_1_803' title='bbox 283 3173 349 3201; x_wconf 79' lang='lat' dir='ltr'><em>uon</em></span> <span class='ocrx_word' id='word_1_804' title='bbox 360 3164 589 3217; x_wconf 30' lang='lat' dir='ltr'><em>sumvepifiola</em></span> <span class='ocrx_word' id='word_1_805' title='bbox 608 3168 724 3218; x_wconf 76' lang='lat' dir='ltr'><strong>exsec.)</strong></span> <span class='ocrx_word' id='word_1_806' title='bbox 743 3167 915 3218; x_wconf 71' lang='lat' dir='ltr'><em>satissatis</em></span> <span class='ocrx_word' id='word_1_807' title='bbox 934 3169 1208 3219; x_wconf 66' lang='lat' dir='ltr'><em>tantamstiflam</em></span> <span class='ocrx_word' id='word_1_808' title='bbox 1261 3185 1452 3199; x_wconf 79' lang='lat'><em>——-</em></span> <span class='ocrx_word' id='word_1_809' title='bbox 1479 3180 1515 3218; x_wconf 89' lang='lat'><em>9.</em></span> <span class='ocrx_word' id='word_1_810' title='bbox 1541 3169 1826 3217; x_wconf 59' lang='lat' dir='ltr'><em>§lumililianum</em></span> <span class='ocrx_word' id='word_1_811' title='bbox 1855 3180 1897 3210; x_wconf 65' lang='grc' dir='ltr'><em>ω·</em></span> <span class='ocrx_word' id='word_1_812' title='bbox 1928 3170 2109 3219; x_wconf 77' lang='lat' dir='ltr'><em>Niseiem)</em></span> <span class='ocrx_word' id='word_1_813' title='bbox 2138 3167 2348 3218; x_wconf 66' lang='lat' dir='ltr'><em>Qinflilin-</em></span> 
     </span>
     <span class='ocr_line' id='line_1_115' title="bbox 2265 3230 2350 3257; baseline 0.024 -2"><span class='ocrx_word' id='word_1_814' title='bbox 2265 3230 2350 3257; x_wconf 83' lang='lat' dir='ltr'><em>num</em></span> 
     </span>
    </p>
   </div>
   <div class='ocr_carea' id='block_1_62' title="bbox 1264 2937 1428 2946">
    <p class='ocr_par' dir='ltr' id='par_1_80' title="bbox 1264 2937 1428 2946">
     <span class='ocr_line' id='line_1_116' title="bbox 1264 2937 1428 2946; baseline 0 740"><span class='ocrx_word' id='word_1_815' title='bbox 1264 2937 1428 2946; x_wconf 95' lang='lat' dir='ltr'><em> </em></span> 
     </span>
    </p>
   </div>
   <div class='ocr_carea' id='block_1_63' title="bbox 1263 2986 1453 2996">
    <p class='ocr_par' dir='ltr' id='par_1_81' title="bbox 1263 2986 1453 2996">
     <span class='ocr_line' id='line_1_117' title="bbox 1263 2986 1453 2996; baseline 0 0"><span class='ocrx_word' id='word_1_816' title='bbox 1263 2986 1453 2996; x_wconf 95' lang='lat' dir='ltr'><em> </em></span> 
     </span>
    </p>
   </div>
   <div class='ocr_carea' id='block_1_64' title="bbox 1262 3038 1452 3046">
    <p class='ocr_par' dir='ltr' id='par_1_82' title="bbox 1262 3038 1452 3046">
     <span class='ocr_line' id='line_1_118' title="bbox 1262 3038 1452 3046; baseline 0 640"><span class='ocrx_word' id='word_1_817' title='bbox 1262 3038 1452 3046; x_wconf 95' lang='lat' dir='ltr'><em> </em></span> 
     </span>
    </p>
   </div>
   <div class='ocr_carea' id='block_1_65' title="bbox 131 3082 320 3093">
    <p class='ocr_par' dir='ltr' id='par_1_83' title="bbox 131 3082 320 3093">
     <span class='ocr_line' id='line_1_119' title="bbox 131 3082 320 3093; baseline 0 593"><span class='ocrx_word' id='word_1_818' title='bbox 131 3082 320 3093; x_wconf 95' lang='lat' dir='ltr'><em> </em></span> 
     </span>
    </p>
   </div>
   <div class='ocr_carea' id='block_1_66' title="bbox 129 3132 318 3144">
    <p class='ocr_par' dir='ltr' id='par_1_84' title="bbox 129 3132 318 3144">
     <span class='ocr_line' id='line_1_120' title="bbox 129 3132 318 3144; baseline 0 0"><span class='ocrx_word' id='word_1_819' title='bbox 129 3132 318 3144; x_wconf 95' lang='lat' dir='ltr'><em> </em></span> 
     </span>
    </p>
   </div>
   <div class='ocr_carea' id='block_1_67' title="bbox 1262 3139 1452 3148">
    <p class='ocr_par' dir='ltr' id='par_1_85' title="bbox 1262 3139 1452 3148">
     <span class='ocr_line' id='line_1_121' title="bbox 1262 3139 1452 3148; baseline 0 538"><span class='ocrx_word' id='word_1_820' title='bbox 1262 3139 1452 3148; x_wconf 95' lang='lat' dir='ltr'><em> </em></span> 
     </span>
    </p>
   </div>
  </div>
 </body>
</html>
