2616 3686
612 189 958 251 LIBER
1025 191 1094 242 X.
1160 192 1728 246 EPISTOLA
1796 198 1985 253 LXIV.
2251 228 2354 282 777

223 288 282 342 in
314 287 635 356 perpetuum
685 273 908 346 relegati
932 310 949 336 ‚
1001 287 1105 325 nec
1127 269 1394 333 restituti,
1432 273 1488 326 in
1528 277 1807 345 provisscia
1849 279 2348 354 deprehenduntur,

223 359 366 417 Nam
386 356 518 410 haec
536 366 761 425 quoque
785 350 986 421 species
1010 345 1201 402 incidit
1224 346 1289 401 in¹
1304 346 1900 417 cognitionemmeam.
1977 354 2068 410 Est
2090 361 2229 415 enim
2254 364 2394 419 ad.4

221 431 411 488 dubius
435 428 502 483 ad
530 444 618 482 me
642 428 697 480 in
725 438 1051 496 perpetuum
1083 421 1349 492 relegatus
1397 427 1413 452 ¹
1439 420 1587 492 Julio
1616 441 1714 496 pro
1744 426 1980 484 consule.
2036 429 2159 501 Ego
2179 471 2196 496 ,
2220 439 2344 506 quia

221 505 452 563 sciebam
476 501 587 557 affice.
611 498 751 556 ssaffi
778 497 1044 561 reseiffa‚²
1072 495 1369 567 datumque
1394 514 1422 550 a
1445 497 1631 553 senatu
1651 499 1735 571 jus
1761 503 2038 565 omnibus,
2057 504 2127 560 de
2151 510 2341 578 quibus

221 583 310 636 ille
335 579 533 652 aIIquid
561 572 909 631 constituiffet
936 611 953 636 ,
1006 589 1076 626 ex
1111 573 1327 642 integro
1362 572 1559 643 agendi
1600 575 1862 630 duntaxat
1904 596 2001 649 per
2039 578 2343 645 biennium,

224 656 551 726 interrogavi
572 651 919 722 hunc‚quem
943 648 1302 719 relegaverat,
1319 653 1334 681 ³
1361 664 1425 700 an
1452 647 1688 713 adiisset,
1718 651 2088 726 docuissetque
2111 671 2348 725 procon-

221 731 402 787 sulem.
440 728 671 798 negavit.
722 724 824 778 Per
851 725 1002 796 quod
1023 720 1276 776 effestum
1304 720 1412 785 est,
1438 736 1495 776 ut
1523 736 1576 776 te
1604 726 1968 797 consulerem,
1997 727 2340 785 reddendum
2357 742 2390 790 5

225 818 352 862 eum
376 810 395 840 ⁴
416 818 622 874 poenae
644 799 766 858 suae
790 837 806 863 ,
855 816 922 853 an
949 799 1159 871 gravius
1185 796 1383 869 aliquid
1407 835 1424 860 ‚
1476 797 1530 850 &
1561 800 1692 870 quid
1724 802 2057 872 potiffirnum
2080 842 2097 866 ,
2151 805 2348 861 consti·-

2163 908 2181 920 ⁶
2195 894 2350 937 tuen-

1314 991 1421 1038 plaria
1436 989 1593 1036 habent,
1620 990 1745 1029 datum
1768 994 1823 1041 jus
1845 994 2023 1041 omnibus,
2043 996 2080 1035 id
2100 997 2171 1041 est,
2200 997 2339 1036 conces
2341 1019 2352 1026 -

223 991 286 1032 hiis
303 993 365 1033 seu
389 992 443 1032 his
463 993 501 1032 δε
529 991 581 1030 iis.
608 989 652 1028 In
675 984 779 1028 Voff.
804 991 936 1028 omiffis
970 993 1011 1031 de
1035 992 1076 1031 iis
1100 993 1248 1042 legitur:

1314 1041 1393 1078 sum
1414 1041 1591 1080 damnatis
1617 1070 1628 1087 ,
1664 1041 1765 1092 posse
1786 1045 1834 1081 uti
1848 1045 1932 1092 jure
1951 1046 2015 1084 suo
2035 1075 2045 1090 ‚
2082 1048 2230 1095 perinde
2261 1059 2301 1085 ac
2321 1047 2348 1087 fi

225 1058 334 1095 quam
357 1046 398 1083 de
419 1044 472 1082 his
492 1058 504 1088 ;
533 1044 571 1081 ὅ(
592 1040 638 1079 fic
659 1042 766 1079 etiam
790 1042 954 1090 expreffit
973 1044 1031 1091 Jo.
1050 1043 1095 1082 de
1125 1043 1247 1082 Tridi-

223 1108 289 1133 no.
312 1095 483 1146 Ejusdem
504 1093 696 1131 commatis
727 1092 776 1129 est
795 1120 805 1137 ,
843 1103 928 1130 cum
951 1095 1069 1141 paullo
1089 1103 1172 1133 ante
1195 1095 1250 1132 illa

222 1157 351 1195 margo
373 1145 576 1184 Casauboni
594 1145 632 1181 &
651 1143 789 1181 Minois
817 1144 1111 1192 repraesentent:
1148 1145 1248 1196 quod

220 1197 404 1248 observare
425 1209 478 1234 me
499 1195 604 1233 velles
626 1221 637 1238 ‚
665 1205 731 1242 pro
752 1204 829 1242 quo
848 1195 974 1243 reliqui
999 1210 1008 1234 ε
1037 1196 1124 1245 quid
1142 1197 1250 1245 obser-

225 1260 313 1285 vare
333 1261 386 1284 me
407 1247 522 1285 velles.
550 1247 676 1293 Quam
696 1245 799 1282 saeue
819 1245 903 1294 quid
920 1246 958 1283 ὅ(
979 1249 1070 1297 quod
1088 1249 1127 1286 in
1147 1255 1253 1285 Vem-
1283 1273 1285 1320 l
1312 1295 1349 1332 O
1381 1295 1469 1334 'd’us
1490 1296 1526 1333 V
1565 1295 1642 1334 Fast
1796 1308 1813 1344 7

1355 1308 1391 1334 vr
1419 1309 1427 1333 ι
1530 1325 1539 1335 .
1646 1325 1654 1335 .
1673 1309 1725 1336 VS.
1747 1310 1791 1344 14
1820 1326 1830 1337 ·

223 1297 279 1336 stis
300 1297 391 1336 libris
411 1295 629 1335 commutari
641 1323 650 1340 ‚
661 1296 740 1345 quis
760 1295 897 1334 nescit?
931 1297 998 1335 Lo
1014 1312 1036 1336 Ν
1050 1309 1077 1335 G
1090 1312 1112 1335 o
1128 1311 1146 1334 ι
1160 1311 1176 1336 1
1187 1310 1210 1335 u
1224 1310 1252 1336 s.

280 1361 312 1387 1.
339 1347 441 1394 §Julio
469 1360 528 1394 pro
559 1346 724 1397 consula]
763 1346 869 1385 Haec
897 1347 945 1384 est
977 1359 1107 1387 manus
1125 1348 1252 1394 Plinii,

224 1410 337 1449 quam
359 1399 532 1437 debemus
564 1395 668 1435 Voff.
702 1398 748 1435 Et
779 1398 827 1435 ita
855 1399 964 1436 etiam
996 1401 1105 1438 refert
1125 1400 1183 1447 Jo.
1206 1399 1251 1438 de

225 1449 575 1499 Tridino.corrupte
587 1459 718 1486 omnes
740 1449 913 1497 reliquia
935 1450 1037 1495 Julio
1052 1450 1253 1501 proconsule.

225 1500 289 1539 Illa
307 1500 416 1538 lecuo
436 1501 512 1538 satis
543 1499 746 1536 defenditur
775 1500 851 1537 Lib.
873 1501 919 1537 II.
945 1501 1052 1549 Epist.
1072 1502 1138 1540 XI.
1156 1515 1192 1540 n.
1214 1513 1251 1541 2.

226 1551 368 1588 Marius
390 1550 523 1599 Priscus
543 1548 780 1599 accusantibus
805 1551 910 1596 Afris
924 1551 1063 1600 ,quibus
1082 1564 1149 1600 pro
1161 1564 1252 1590 con·

224 1602 297 1640 sule
326 1603 476 1650 praefuit
497 1630 508 1647 ,
546 1609 613 1638 cet.
652 1600 732 1638 Lib.
753 1599 839 1637 VII.
879 1602 987 1650 Epist.
1020 1602 1122 1640 XVI.
1158 1615 1193 1640 n.
1221 1614 1254 1652 3.

226 1654 293 1690 Hic
315 1665 405 1689 num
427 1663 494 1700 pro
515 1651 662 1689 consule
680 1651 892 1697 provinciam
921 1653 1096 1690 Baeticam
1115 1663 1174 1703 per
1193 1655 1251 1691 Ti-

229 1704 341 1741 cinum
362 1702 404 1750 est
423 1703 601 1751 petiturus.
627 1710 667 1739 ut
689 1701 735 1739 est
755 1703 790 1739 in
821 1703 964 1750 optimis
984 1731 994 1747 ‚
1031 1704 1249 1752 quibuscum

228 1754 356 1792 sentire
385 1765 499 1791 unum
534 1752 700 1790 codicem
731 1753 967 1790 bibliothecae
1003 1754 1114 1802 Reg³s
1147 1756 1252 1792 Chri-

226 1804 419 1843 stianiflimi
436 1803 555 1852 postea
576 1803 763 1841 didicimus
789 1815 833 1840 ex
856 1803 1038 1852 Excerptis
1057 1805 1252 1844 Bramme-

227 1857 342 1895 rianIS.
379 1855 420 1892 Et
442 1856 515 1892 hoc
547 1854 636 1891 libro
675 1853 780 1901 Epist.
801 1854 924 1891 LVII.
949 1867 985 1891 n.
1009 1867 1040 1892 1.
1068 1869 1117 1893 eos
1141 1885 1152 1901 ‚
1192 1857 1252 1906 qui

232 1916 299 1954 pro
317 1904 516 1942 consulibus
539 1905 629 1940 hanc
641 1904 856 1953 provinciam
883 1904 1122 1950 obtinuerunt,
1149 1905 1252 1956 absti-

234 1955 336 2004 nuiffi:
356 1964 423 1994 cet.
452 1955 533 1991 Iiv.
562 1955 641 1992 Lib.
669 1956 737 1993 IV.
770 1966 846 2003 cap.
874 1956 1013 1994 XLIII.
1049 1963 1171 1994 Patres
1187 1969 1250 2007 pa-

233 2007 348 2044 tiendo
383 2006 538 2043 tribunos
570 2005 724 2042 militum
758 2016 824 2053 pro
860 2007 1058 2044 consulibus
1086 2009 1174 2057 fieri.
1212 2009 1251 2045 &

232 2057 315 2095 Lib.
336 2056 442 2093 VIII.
476 2067 550 2103 cap.
581 2055 720 2094 XXIII.
755 2066 794 2093 ut
824 2069 900 2093 cum
946 2056 1116 2094 Publilius
1152 2058 1253 2096 Philo

235 2108 414 2157 consulatu
434 2106 589 2156 abiisset,
615 2117 682 2156 pro
701 2106 844 2145 consule
865 2120 935 2144 rem
953 2119 1092 2157 gereret.
1117 2109 1177 2146 ubi
1197 2109 1254 2147 alii

234 2157 408 2196 mendose
428 2156 600 2207 proconsul
619 2185 630 2201 ‚
668 2156 725 2194 sed
741 2157 802 2194 isso
824 2158 941 2195 modo
958 2161 1175 2197 invenerunt
1201 2160 1250 2197 Si—

233 2210 363 2257 gonius
383 2207 420 2246 in
452 2208 518 2245 suis
541 2235 554 2253 ,
588 2207 803 2245 Gebhardus
831 2209 869 2246 in
899 2210 1010 2247 tribus
1033 2210 1193 2248 I'alatinis
1214 2212 1249 2247 δε

232 2272 301 2298 nos
317 2263 356 2298 in
389 2258 576 2297 Senatorio
606 2259 644 2295 ὃς
674 2258 945 2299 Gaertneriano.
981 2260 1116 2297 Nostro
1148 2261 1252 2308 plane

233 2312 412 2358 genuinus
433 2309 534 2346 Iocus
564 2308 611 2345 est
643 2308 846 2358 Tranquilli
867 2310 966 2348 Caes.
991 2322 1067 2359 cap.
1089 2311 1191 2348 LIV.
1216 2313 1252 2349 in

236 2362 404 2411 Hispania
434 2370 501 2408 pro
532 2359 676 2396 consule
702 2370 744 2397 (a
775 2371 798 2394 a
823 2360 918 2407 fhciis
945 2362 1101 2410 pecunias
1120 2363 1256 2409 accepit.

233 2420 276 2449 ut
295 2413 429 2450 exstare
449 2411 484 2447 in
506 2410 650 2457 optimis
664 2408 835 2446 testantur
854 2412 1079 2449 casaubonus
1091 2414 1127 2448 ὅ(
1141 2413 1255 2450 Grae-

234 2464 315 2501 vius
336 2491 347 2507 ‚
373 2461 500 2511 quibus
518 2459 749 2507 suffragantur
766 2470 894 2497 eorum
912 2463 1019 2511 aliqui
1039 2491 1051 2506 ‚
1075 2474 1168 2511 quos
1189 2475 1255 2501 nos

236 2513 466 2551 consulimus.
491 2511 616 2558 vulgus
635 2512 681 2548 ibi
702 2521 850 2559 quoque
873 2538 884 2555 ,
911 2519 951 2549 ut
976 2514 1012 2550 in
1034 2513 1148 2551 Plinio
1174 2541 1184 2557 ,
1207 2515 1257 2551 Ie-

235 2565 340 2613 git:a
356 2573 414 2613 pro
436 2561 577 2609 consule.
602 2561 653 2598 lbi
675 2561 913 2609 congestimus
931 2563 1005 2600 alia.
1035 2563 1142 2601 Adde
1163 2564 1253 2601 Gro-

239 2626 327 2652 nov.
347 2614 393 2652 ad
421 2613 492 2650 Liv
531 2612 607 2649 Lib,
628 2612 845 2650 XXXVIII.
871 2613 1135 2660 cap.XXXVI.
1162 2614 1256 2651 Cor-

238 2666 328 2703 tium
350 2665 395 2702 ad
421 2662 552 2701 Sallust.
577 2662 647 2699 Cat
685 2674 763 2711 cap.
793 2662 893 2699 XIX.
923 2674 960 2700 n.
995 2673 1027 2700 1.
1063 2663 1144 2713 Jug.
1174 2676 1255 2714 cap.

240 2713 432 2755 XXXVII.
459 2726 496 2752 n.
519 2724 552 2762 3.
579 2713 908 2750 Louoomus.

291 2777 328 2805 2.
362 2763 689 2814 Dif'tumquejus.]
721 2763 918 2801 Redditum
940 2764 1005 2812 jus.
1029 2764 1258 2812 Tranquillus

247 2812 371 2854 Claud.
403 2827 481 2863 cap.
509 2814 628 2852 XXV.
665 2814 909 2863 advocatisque
946 2827 1058 2851 eorum
1096 2817 1259 2864 negavit,

242 2874 279 2911 je
305 2867 470 2915 adversus
495 2864 629 2903 libertos
659 2863 804 2914 ipsorum
831 2867 888 2914 jus
919 2864 1111 2902 dicfiurum.
1147 2866 1261 2903 Hunc

1315 1091 1435 1132 Bassus
1468 1093 1546 1130 illos
1583 1105 1660 1130 non
1694 1090 1978 1134 condemnasset.
2016 1098 2208 1135 Cum.
2247 1098 2349 1136 Prio-
2411 1095 2419 1100 ‘

1283 1153 1393 1180 irem
1434 1143 1604 1181 Catanaei
1639 1144 1836 1183 lectionem
1875 1146 2040 1185 suffinent
2078 1148 2179 1185 Voss.
2217 1149 2255 1186 &t
2280 1149 2349 1190 Ed.

1314 1194 1401 1232 Vet.
1423 1193 1552 1232 sedilia
1571 1194 1746 1244 posterior
1767 1207 1850 1234 vera
1869 1197 1942 1240 est,
1970 1210 2078 1246 quam
2101 1199 2343 1246 comprobant

1313 1243 1408 1283 Edd.
1427 1256 1555 1284 omnes
1575 1273 1586 1289 ‚
1625 1257 1784 1296 veraque
1814 1246 1862 1285 est
1889 1249 2137 1298 interpretatio
2160 1249 2344 1289 Catanaei.

1366 1419 1435 1428 --
1465 1421 1530 1427 --
1563 1397 1738 1447 Augustus
1759 1398 1879 1448 mensis
1899 1400 1987 1439 mihi
2006 1403 2169 1443 carminis
2187 1405 2291 1455 hujus

1365 1447 1426 1494 Jus
1450 1447 1557 1487 dabit.

1314 1548 1415 1586 Silius
1442 1547 1523 1589 Lib.
1540 1548 1643 1587 XIII.
1670 1561 1720 1588 vs.
1745 1562 1827 1599 154.

1365 1655 1465 1688 Dum
1486 1649 1587 1688 daret
1607 1651 1793 1700 auspicium
1808 1652 1931 1704 jusque
1955 1655 1991 1692 in
2011 1656 2201 1694 certamina
2213 1656 2343 1696 duffor.

1282 1767 1286 1800 g
1314 1750 1513 1801 quomodo
1533 1751 1618 1788 dare
1635 1751 1777 1789 veniam
1800 1782 1810 1799 ‚
1837 1754 2059 1805 defenstonem
2079 1784 2092 1802 ,
2122 1759 2342 1808 petitionem,

1315 1806 1354 1840 ὄζ
1375 1801 1411 1840 id
1430 1812 1544 1849 genus
1562 1802 1640 1839 alia.

1365 1864 1399 1901 3.
1426 1857 1491 1889 An
1513 1852 1646 1901 adiiffiet
1665 1852 1886 1904 docuissetque
1907 1857 2175 1908 proconsulem]
2215 1864 2341 1896 Docere

1312 1903 1362 1940 est
1386 1931 1396 1948 ,
1435 1902 1537 1951 quod
1565 1903 1675 1951 vulgo
1706 1904 1849 1942 barbate
1879 1907 2066 1954 informare
2098 1910 2234 1947 dicunt.
2285 1910 2343 1947 Sic

1313 1954 1478 2001 litigaturi
1498 1956 1671 1990 Patronos
1698 1954 1908 1996 Advocatos
1927 1959 2039 1995 docere
2051 1960 2217 1997 dicuntur
2230 1988 2240 2003 ‚
2255 1971 2339 1997 cum

1313 2013 1433 2043 totum
1458 2006 1647 2052 negotium
1666 2004 1727 2041 seu
1746 2008 1886 2045 causam
1908 2037 1918 2052 ‚
1956 2021 2066 2058 quam
2089 2011 2340 2060 susceperunt,

1315 2057 1354 2092 ὅ(
1373 2055 1544 2105 quicquid
1565 2067 1613 2094 eo
1645 2057 1799 2103 pertinet
1822 2085 1832 2102 ,
1867 2059 1908 2095 iis
1937 2071 2128 2109 exponunt
2156 2073 2197 2099 ac
2227 2062 2342 2110 expli-

1313 2115 1407 2145 cant.
1459 2105 1593 2143 Noster
1622 2105 1723 2155 supra
1753 2109 1833 2146 Lib.
1866 2109 1930 2148 ΙΙΙ.
1969 2111 2074 2159 Epist.
2109 2113 2171 2149 IX.
2207 2124 2243 2150 n.
2277 2125 2339 2149 21.

1317 2157 1422 2194 Modo
1450 2162 1591 2206 Legatos
1616 2157 1869 2208 interrogabam
1889 2187 1900 2204 ,
1928 2160 2171 2200 docuissentne
2198 2176 2251 2199 me
2272 2163 2339 2199 ali-

1315 2209 1421 2258 quid,
1449 2209 1540 2258 quod
1558 2207 1731 2258 reprobare¹
1755 2210 1836 2259 poſje
1863 2212 2079 2259 confiderent.
2110 2213 2159 2250 Et
2190 2213 2268 2250 Lib.
2289 2214 2338 2252 V.

1314 2259 1422 2307 Epist.
1452 2260 1518 2297 IV.
1555 2271 1590 2296 n.
1614 2271 1648 2296 2.
1693 2263 1898 2308 Interrogati
1927 2275 1949 2297 a
1986 2271 2111 2311 Nepote
2141 2269 2302 2300 Praetore
2325 2292 2335 2307 ‚

1315 2312 1350 2356 Q
1368 2310 1503 2346 UEM
1551 2310 1970 2350 DOCUISSf-„NT
2003 2340 2014 2356 ,
2060 2315 2304 2362 responderunt
2323 2342 2335 2357 ‚

1315 2359 1504 2408 QUEM
1532 2359 1723 2398 PRIUS.
1749 2360 2009 2400 Rucuma.
2071 2364 2167 2402 Vide
2189 2365 2232 2402 ad
2255 2364 2337 2402 Lib.

1318 2410 1383 2447 III.
1410 2410 1517 2458 Epist.
1542 2409 1593 2447 IX
1632 2422 1669 2447 n.
1691 2421 1748 2459 35.
1778 2413 1816 2449 δε
1845 2413 1924 2451 Lib.
1947 2414 1993 2450 V.
2021 2413 2115 2462 Epist
2149 2415 2218 2452 IV.
2247 2425 2284 2452 n.
2308 2427 2339 2451 1.

1311 2462 1402 2498 item
1424 2472 1514 2498 mox
1544 2461 1649 2508 Epist.
1670 2461 1811 2499 LXVI.
1837 2475 1905 2513 n.3
1947 2464 2004 2502 ille
2026 2466 2114 2503 nihil
2129 2465 2335 2513 profluebat,

1317 2524 1379 2562 quo
1395 2513 1429 2558 se
1442 2510 1642 2558 *restitutum
1662 2511 1821 2551 doceret.
1846 2515 1996 2563 Egregie
2016 2517 2087 2554 huc
2107 2516 2186 2554 facit
2206 2516 2339 2553 Cicero

1316 2574 1383 2611 pro
1404 2562 1576 2600 Cluenti0
1597 2563 1820 2610 cap.XXIII.
1841 2567 1938 2614 plura
1959 2567 2045 2604 olim
2068 2566 2161 2603 dabo
2185 2567 2227 2602 ad
2251 2565 2339 2602 Sue·

1316 2622 1395 2651 ton.
1417 2613 1517 2651 Caes.
1536 2624 1612 2662 cap.
1630 2613 1754 2651 XVII.
1771 2626 1847 2653 cum
1865 2616 2043 2666 implorato
2063 2617 2229 2653 Ciceronis
2246 2616 2336 2660 testi-

1319 2664 1431 2701 monio
1451 2689 1461 2706 .
1498 2664 1670 2714 quaedam
1694 2664 1733 2712 se
1761 2666 1801 2702 de
1830 2668 2060 2715 conjuratione
2080 2667 2169 2702 ultro
2187 2667 2236 2702 ad
2257 2679 2334 2703 eum

1317 2715 1465 2763 detulisse
1487 2711 1770 2752 docuiffet.mox
1788 2728 1864 2755 non
1891 2716 2056 2754 visiturIn
2070 2715 2170 2754 Vofl'.
2181 2718 2337 2766 negavit,

1317 2764 1637 2813 quemadmodum
1657 2765 1749 2802 abest
1770 2767 1806 2802 in
1829 2767 1921 2805 Edd.
1946 2767 1980 2803 V
1985 2774 2045 2804 ett.
2062 2767 2138 2805 fere
2159 2768 2338 2806 omnibus.

1318 2816 1349 2852 L
1361 2829 1384 2851 o
1399 2828 1422 2852 Ν
1439 2826 1463 2852 G
1480 2827 1503 2851 o
1517 2828 1535 2851 1.
1551 2827 1563 2850 1
1577 2826 1600 2852 u
1611 2825 1637 2851 s.

1370 2877 1407 2910 4.
1446 2872 1575 2902 Poenae
1596 2864 1718 2920 suaa]
1759 2865 1903 2903 Exsilio.
1940 2867 2108 2905 Claudius
2141 2869 2335 2917 imperator

251 2912 370 2951 Iocum
392 2917 427 2953 in
446 2916 668 2965 Panegyrico
687 2917 818 2963 tangit,
847 2914 904 2953 sed
923 2916 1121 2959 obscurius,
1150 2928 1259 2964 quam
1283 2912 1287 2969 ξ
1320 2915 1500 2953 constituit
1523 2942 1534 2957 ‚
1572 2924 1611 2951 ut
1629 2925 1691 2962 qul
1712 2925 1730 2950 a
1754 2918 1936 2962 provincia
1958 2917 2016 2956 sua
2035 2920 2208 2967 relegatus
2226 2918 2312 2957 esset
2325 2945 2338 2964 ,

256 2971 295 2999 ut
315 2964 424 3002 statim
448 2966 677 3014 intelligatur:
709 2980 726 3002 o
747 2978 845 3009 vere,
871 2968 1011 3014 inquit,
1037 2967 1192 3014 principis
1209 2967 1287 3002 iti-¹
1322 2968 1413 3002 urbe
1441 2975 1591 3014 quoque
1623 2967 1660 3002 ὃς
1689 2963 1787 3002 Italia
1827 2970 2112 3006 submoveretur.
2160 2969 2337 3007 Germ.

257 3013 676 3063 tercederejniquitatibus
693 3017 958 3067 magistratuum
979 3045 990 3061 ,
1014 3016 1176 3063 infestum
1194 3017 1290 3067 red-3
1324 3016 1472 3052 Reddere
1495 3023 1618 3064 poenae
1644 3015 1732 3053 dixit
1758 3018 1864 3055 etiam
1907 3018 2013 3068 Epist.
2043 3020 2122 3058 XI...
2158 3031 2195 3058 n.
2227 3031 2261 3068 3.
2297 3022 2334 3055 ὃς·

258 3063 336 3100 dere
355 3089 366 3107 ,
402 3064 562 3114 quidquid
573 3068 651 3116 fieri
668 3080 735 3105 non
760 3068 950 3117 oportuerit.
984 3067 1117 3117 Aliqua
1144 3073 1292 3115 exem-t
1322 3065 1428 3114 Epist.
1447 3065 1588 3105 LXVI.
1612 3077 1648 3103 n.
1673 3077 1705 3102 ι.
1732 3067 1832 3106 Ante
1849 3069 2061 3109 reddendum
2079 3072 2238 3120 vulgatae
2262 3070 2336 3116 poi'c

1686 3115 1820 3156 Fffff
1843 3132 1862 3158 2
2232 3119 2338 3155 Cata-
