2616 3686
537 177 879 236 LIBER
943 176 1878 242 III.EPISTOLAV11.'
2145 200 2237 248 ’τοι

156 253 644 349 *quantum‘verus
681 266 834 320 color
867 260 1097 324 indicat,
1146 275 1298 318 vetus
1338 265 1394 319 δε
1430 267 1728 337 antiquum.
1810 273 1964 327 Talia
1999 274 2233 349 denique

158 331 361 407 onmia,
397 354 456 398 ut
481 339 678 413 poffint
705 341 721 359 ²
755 335 1018 391 artificum
1054 335 1241 390 oculos
1279 349 1491 399 tenere,
1541 339 1805 395 deleRare
1840 345 2232 413 imperitorum,

155 414 320 488 Quod
346 431 462 476 me,
500 426 801 482 quanquam
827 406 1178 469 tirunculum,
1216 406 1512 463 sollicitavit
1537 411 1603 465 ad
1621 412 1929 468 emendum.
2005 417 2232 476 Emiau..

150 501 287 548 tem,
325 501 436 541 non
459 497 519 538 ut
542 483 789 543 haberem
813 478 963 532 domi
992 480 1194 549 (neque
1231 481 1374 533 enim
1420 480 1434 506 ³
1469 483 1637 538 ullum
1671 484 1847 539 adhuc
1883 486 2232 548 00¹·inthium

149 557 302 612 domi
326 556 520 623 habeo)
554 569 738 608 verum
761 562 818 605 ut
851 551 904 602 in
929 551 1095 620 patria
1118 549 1291 604 nostra
1320 552 1516 607 celebri
1555 555 1678 608 loco
1714 572 1972 626 ponerem
1992 596 2008 622 ,
2047 577 2106 612 ac
2133 578 2230 631 po-

147 629 403 684 tissimum
437 629 490 681 in
518 624 665 695 Jovis
699 622 920 692 templo·
998 621 1232 676 Videtur
1277 625 1417 677 enim
1459 625 1683 695 dignum
1723 630 1926 698 templo
1950 669 1966 693 ‚
2007 631 2229 702 dignum

150 699 274 754 Deo
300 699 519 753 donum.
592 695 686 749 Tu
713 709 871 763 ergo,
911 704 969 746 ut
997 692 1128 746 soles
1153 697 1330 748 omnia
1353 713 1492 766 quae
1516 716 1543 751 a
1584 715 1669 751 me
1714 699 1807 753 tibi
1846 701 2222 774 injunguntur,

149 771 342 841 suscipe
364 771 494 823 hanc
517 783 724 828 curam,
763 764 946 832 &jam
974 782 1115 819 nunc
1137 765 1263 834 jube
1290 767 1446 820 basim
1486 767 1631 832 fieri,
1672 787 1739 824 ex
1767 788 1878 841 quo
1908 777 2051 829 voles
2088 792 2227 832 mar-
2307 805 2310 808 ,

149 858 323 902 more,
359 856 492 911 quae
513 842 530 866 ⁴
556 853 755 892 nomen
781 852 963 890 meum
981 874 995 896 ‚
1035 837 1372 910 honoresque
1397 842 1600 910 capiat,
1640 843 1674 895 fi
1701 843 1796 896 hos
1819 861 2037 917 quoque
2076 863 2227 917 puta-

145 911 220 966 bis
239 910 527 965 addendos.
603 907 725 979 Ego
749 907 951 978 signum
977 908 1176 979 ipsum,
1213 925 1271 964 ut
1294 911 1529 982 primum
1555 913 1811 967 invenero
1835 917 2091 987 aliquem,
2133 923 2226 993 qui

141 999 249 1037 non
275 995 552 1052 gravetur,
589 982 798 1035 mittam
826 979 948 1032 tibi:
988 981 1072 1034 vel
1097 981 1233 1050 ipse,
1275 983 1462 1051 ⁵quod
1489 986 1686 1047 maij,
1723 985 1959 1041 adferam
1992 1007 2224 1048 mecum.
2272 1038 2274 1041 v

140 1052 361 1109 Destino
387 1054 557 1117 enim,
595 1053 630 1106 fi
655 1065 832 1107 tamen
847 1049 1013 1104 officii
1044 1053 1181 1105 ratio
1206 1054 1533 1122 permiserit,
1571 1073 1859 1112 excurrere
1885 1060 1998 1114 isto,
2075 1062 2226 1118 Gau-

138 1125 260 1186 des,
296 1124 446 1198 quod
475 1141 560 1179 me
585 1136 870 1179 venturum
897 1121 1000 1176 effe
1025 1124 1313 1193 polliceor,
1352 1125 1441 1178 sed
1477 1128 1761 1182 contrahes
1796 1128 2057 1196 frontem,
2098 1152 2226 1190 cum

138 1195 408 1264 adjecem,
451 1195 518 1250 ad
547 1213 739 1267 paucos
765 1193 908 1248 dies:
940 1211 1119 1265 neque
1147 1198 1292 1250 enim
1316 1197 1516 1254 diutius
1541 1194 1740 1254 ⁶abess'e
1764 1217 1851 1256 me
1868 1204 2226 1266 eademliaec,

135 1283 268 1340 quae
293 1269 536 1323 nondum
562 1271 709 1324 exire
735 1267 1023 1339 patiuntur.
1061 1267 1213 1321 Vale.

347 1428 462 1487 VII.
537 1429 1108 1486 C.PL1N1US
1182 1429 1635 1488 CAN1N10
1710 1434 1890 1490 Suo
1964 1438 2017 1493 S.

132 1564 262 1618 Silii
291 1565 479 1617 Italici
509 1575 721 1616 mortem
759 1562 977 1615 Caninio
1017 1563 1155 1632 Rufo
1181 1564 1486 1636 figmficans
1523 1568 1585 1621 de
1623 1569 1894 1624 brevitate
1923 1572 2076 1627 vitae
2111 1592 2227 1628 con-

203 1637 446 1708 queritur
474 1653 485 1687 :
526 1634 642 1688 inde
661 1633 869 1702 fitmpta
893 1635 1162 1700 occastone,
1200 1654 1312 1688 cum
1336 1656 1422 1691 res
1447 1637 1700 1692 humanae
1722 1642 2075 1712 fittilesstnt,
2112 1663 2225 1701 eum

202 1708 478 1770 hortatur,
515 1717 574 1759 ut
599 1707 769 1777 aliquo
780 1704 1071 1775 studiorum
1097 1718 1245 1777 opere
1247 1710 1485 1779 perfetio
1510 1713 1893 1766 mortalitatem
1905 1717 2111 1789 silgiat.

129 1805 411 1941 MOdo
483 1884 757 1938 nunciatus
814 1880 886 1937 est
947 1880 964 1907 ⁷
1023 1882 1178 1938 Silius
1245 1882 1453 1944 Italicus
1510 1891 1565 1945 in
1621 1884 1638 1911 ⁸
1696 1893 2055 1966 Neapolitano
2123 1897 2219 1954 suo

2054 1975 2067 1996 ¹
2104 1969 2220 2026 ine-

129 2082 219 2120 Non
244 2085 368 2126 sufficit
387 2089 549 2136 censere,
576 2092 638 2131 nili
663 2091 827 2131 &caussa
840 2092 1015 2132 reddatur.
1044 2092 1133 2131 Hoc
1207 2095 1344 2146 aliquid
1365 2097 1553 2146 dicabant,
1590 2104 1743 2142 nomina
1767 2104 1805 2142 δε
1835 2105 1958 2143 titulos
1991 2105 2072 2147 suos
2091 2109 2218 2150 adscri-

129 2133 213 2170 dicit
237 2147 243 2169 :
274 2148 292 2172 a
325 2146 424 2187 tergo
460 2141 585 2180 eadem
610 2142 703 2192 figna
724 2144 836 2182 senilis
857 2145 979 2182 aetatis
1005 2143 1131 2188 fussffc,
1206 2145 1361 2194 bebant,
1400 2151 1502 2199 quod
1523 2165 1567 2190 ex
1591 2154 1749 2202 Nepotis
1780 2154 1928 2193 Pausan.
1957 2168 2034 2205 cap.
2058 2159 2084 2195 Ι.
2111 2158 2231 2199 notat'

128 2182 186 2219 sed
209 2186 287 2223 talia
312 2215 322 2231 ,
359 2190 473 2238 qualia
495 2203 514 2228 a
536 2201 638 2241 tergo
660 2193 730 2231 effe
751 2192 896 2243 possunt
919 2223 930 2239 ‚
966 2195 1026 2231 ubi
1048 2195 1130 2232 sane
1207 2197 1262 2232 vir
1283 2197 1421 2237 dodim.
1451 2201 1554 2249 Lege
1576 2205 1687 2240 etiam
1711 2205 1860 2241 Sueton.
1876 2206 1969 2254 Aug.
1984 2217 2058 2254 cap.
2073 2208 2214 2246 XXXI.

125 2238 182 2268 tot
204 2246 360 2274 numero
381 2242 496 2279 notari
518 2243 555 2280 &
576 2244 729 2291 exprimi
746 2254 944 2293 nequeunt.
1206 2245 1427 2286 Domitiano
1448 2261 1523 2299 cap.
1546 2254 1593 2288 V.
1623 2253 1827 2291 Herodian.
1865 2255 1945 2292 Lib.
1971 2256 1998 2292 Ι.
2027 2268 2103 2305 cap.
2126 2259 2214 2296 XV.

178 2296 191 2319 1
223 2288 410 2332 Qamum
435 2305 558 2335 verus,
585 2292 685 2341 cyna]
719 2293 935 2341 Legendum
956 2294 1128 2331 arbitror:
1204 2304 1292 2332 extr.
1317 2299 1445 2336 Oxon.
1464 2302 1592 2350 Suscipe
1614 2301 1706 2337 hanc
1727 2315 1851 2340 curam
1873 2305 1982 2342 etiam
2005 2317 2112 2343 nunc.
2131 2308 2212 2346 Iube

124 2343 299 2379 quantum
324 2339 442 2376 viridis
466 2341 552 2378 color
572 2343 705 2380 indicat
730 2361 738 2379 :
770 2343 883 2380 Hunc
906 2345 1003 2380 enim
1027 2345 1128 2380 colo·
1191 2342 1299 2392 'bafin
1321 2355 1387 2385 cet.

121 2390 199 2418 rem
222 2396 302 2422 acra
326 2402 370 2425 cx
395 2391 566 2429 vetustate
589 2391 724 2430 ducunt
748 2421 758 2437 ‚
807 2393 1012 2429 Rucuma.
1069 2394 1128 2430 De
1250 2406 1267 2440 ς
1297 2398 1402 2443 Qod
1422 2399 1580 2448 mavis]
1610 2401 1780 2448 Bongars.
1802 2403 1894 2451 quod
1914 2404 2052 2449 maium
2078 2407 2211 2446 Helm-

120 2442 202 2468 τινα
223 2436 327 2474 colore
350 2441 462 2477 inulta
486 2441 716 2479 Cusaubonus
740 2445 777 2480 ὃς
801 2443 938 2479 Salmas.
961 2443 1004 2480 ad
1034 2442 1129 2480 Tre·
1195 2440 1279 2479 stad.
1305 2448 1396 2494 quod
1419 2449 1532 2485 maius
1552 2449 1605 2495 est.

119 2477 195 2518 bell.
218 2484 304 2523 Poll.
327 2489 452 2527 Claud.
475 2501 551 2539 cap.
573 2492 696 2528 XVII.
719 2503 831 2540 quem
853 2500 978 2529 tamen
993 2493 1050 2530 hic
1063 2504 1128 2541 pro
1244 2493 1266 2528 6
1294 2495 1414 2544 Abesse
1426 2512 1478 2534 me
1501 2497 1620 2536 sinunt
1653 2501 1776 2538 eadem
1805 2501 1929 2553 hasa]
1985 2505 2210 2553 Mediceus}

120 2527 257 2570 sincero
271 2564 280 2580 ,
309 2536 456 2586 simplici
478 2552 518 2577 ac
539 2543 712 2587 naturali,
739 2551 777 2579 ut
799 2542 880 2580 alibi
903 2543 1121 2580 vocabulum
1195 2542 1361 2591 Bongars.
1379 2546 1833 2589 VoffiOxon.Helmstad.
1848 2553 1960 2590 Arnz.
1988 2555 2106 2594 &Ed
2120 2558 2207 2595 Vct.

124 2590 245 2619 verum
271 2589 454 2626 Secundus
478 2601 615 2637 ponere
638 2592 725 2629 solet
749 2620 759 2635 ,
787 2594 937 2641 accipio.
991 2593 1122 2631 Saltem
1193 2596 1369 2632 omittunt
1394 2598 1546 2634 verbum
1560 2598 1700 2648 sinunt.
1744 2612 1822 2638 non
1846 2604 1940 2641 male
1955 2632 1965 2648 ,
1988 2614 2030 2642 ut
2049 2606 2089 2643 sit
2111 2608 2209 2645 Zeu-

126 2632 385 2674 correffionem
410 2640 590 2678 Buchncri
611 2643 646 2678 in
670 2642 793 2679 viridis
818 2644 972 2680 minime
995 2642 1122 2700 prnobo.
1191 2652 1276 2689 gina
1292 2645 1405 2683 Verbi
1422 2649 1630 2695 patiuntur.
1658 2650 1764 2688 Idem
1787 2654 1955 2700 expressit
1977 2656 2103 2694 Aldus.

167 2689 193 2730 '2
219 2687 409 2735 Artificum
442 2690 549 2726 oculos
582 2702 702 2728 tencre.
802 2692 902 2730 Alii:
941 2694 1119 2740 artificum
1241 2705 1257 2738 7
1290 2695 1392 2732 §isius
1440 2697 1629 2748 Italicus.]
1671 2701 1745 2738 Hic
1767 2713 1892 2739 orator
1917 2706 1954 2742 &
1975 2710 2086 2752 po'e'ta
2115 2706 2211 2754 fuit,'

130 2731 233 2785 marn
255 2737 360 2774 oculos
393 2749 528 2784 tenere,
566 2741 668 2790 quod
698 2754 716 2778 a
747 2742 989 2780 dimmentum
1014 2743 1118 2781 MSS.
1190 2745 1250 2791 qui
1275 2744 1473 2783 secundum
1499 2749 1636 2786 bellum
1659 2751 1837 2788 Punicum
1852 2761 1971 2790 metro
1983 2756 2207 2804 complexus.

131 2774 256 2823 ῃΟῆἣ,
283 2796 416 2833 praeter
439 2802 553 2828 unum
573 2819 582 2833 ,
612 2802 742 2830 omnes
766 2792 962 2830 climinant.
1188 2794 1355 2830 Italicum
1381 2805 1504 2834 aurem
1530 2799 1698 2837 existimo
1723 2803 2027 2848 cognominatum
2051 2817 2128 2842 non
2159 2808 2206 2845 ab

161 2832 202 2873 ,3
229 2831 339 2872 Ullum
360 2837 474 2876 adhuc
494 2840 761 2890 Corinthium]
795 2844 981 2891 Gryphius
994 2844 1118 2891 vulga·
1186 2842 1283 2881 lixum
1300 2873 1309 2888 ‚
1341 2857 1461 2895 neque
1481 2848 1524 2884 ab
1548 2849 1667 2887 Italica
1692 2852 1836 2888 colonia
1857 2853 1892 2888 in
1916 2853 2087 2900 Hispania
2102 2883 2113 2899 ,
2142 2867 2206 2895 cu-
2228 2859 2232 2862 '

132 2875 204 2951 ἐξ·
232 2878 337 2933 ullum
359 2898 415 2926 aes
436 2890 551 2926 adhuc
571 2891 823 2935 Corinthium,
862 2904 987 2930 comi-a
1011 2895 1115 2932 MSS,
1179 2893 1237 2940 jus
1261 2896 1395 2942 gentile
1421 2897 1619 2935 secundum
1644 2900 1865 2948 Stephanum
1898 2902 2091 2942 Italicensis
2124 2906 2172 2944 est
2198 2920 2206 2945 :

133 2962 146 2999 Ι
181 2927 340 2999 ῐξηκῑῐῑιιῑη
361 2938 553 2986 impressos.
606 2943 661 2980 Sic
693 2942 853 2980 absolute
875 2942 976 2992 supra
1009 2944 1116 2993 Epist.
1183 2944 1240 2981 scd
1275 2956 1292 2980 a
1329 2945 1498 2984 Corfinio
1536 2949 1774 2996 Pelignorum
1813 2954 2010 3000 metropoli
2033 2983 2043 2998 ,
2092 2966 2208 3004 quam

151 2991 158 2998 ·
183 3033 186 3036 ἢ
207 2994 213 3000 ·
234 2987 268 3023 9.
292 2984 374 3020 sunt
393 2986 427 3023 in
456 2990 518 3039 usu
539 3002 580 3031 <9-
603 2993 802 3030 Corinthia.
1184 2994 1361 3032 Samnites
1393 3008 1638 3036 communem
1674 3000 1849 3038 universis
1887 3002 1984 3040 Italis
2022 3006 2211 3044 civitatem

177 3023 198 3055 4
228 3028 359 3066 Nmm
380 3040 713 3096 mcumnhonoresque
735 3043 894 3096 capiat.]
949 3045 1026 3094 Qui
1049 3043 1114 3084 diis
1180 3044 1491 3096 demonstrantes,
1521 3060 1683 3139 eamqige
1715 3050 1886 3091 transsato
1919 3055 2073 3093 nomine
2107 3056 2210 3093 Itali-

1696 3111 1716 3138 c
2129 3115 2206 3141 cam
