2616 3686
316 211 430 277 548

564 204 625 255 c,
691 190 1082 253 1112]er
1151 179 1662 239 cAEc·1·L11
1732 177 2265 235 SECUNDL

318 285 703 361 ingeniorum,
758 275 985 337 maximi
1008 274 1088 332 &¹
1134 271 1345 329 minimi
1372 311 1409 335 „
1445 281 1536 326 aut
1564 265 1750 324 causae
1781 262 2492 342 diffimilitudopatereturi.

329 363 476 426 Vale.

479 508 697 569 XXXI.
775 507 847 562 C.
925 504 1367 559 P1.1N.1us

1443 497 1944 554 Connuro
2020 492 2206 550 S'uo
2282 492 2336 550 S.

332 662 623 722 Tertullum
646 659 920 717 hortatur,
968 650 1245 704 Claudium
1270 646 1541 702 Pollionem
1563 649 1616 699 in
1638 646 1915 700 amicitiam
1927 645 2084 719 suam
2104 644 2384 710 admittat,
2411 644 2476 706 ό»

411 754 522 794 eum
547 734 856 791 commendat
882 726 944 781 ab
979 728 1278 800 integritate
1310 727 1456 777 vitae
1476 761 1503 786 ‚-
1537 723 1714 776 deinde
1743 721 1806 774 ab
1841 726 1995 777 ammi
2023 721 2225 793 robore,
2240 720 2501 796 postremo,

411 834 443 868 a
459 811 561 885 fide
584 814 639 865 in
657 811 837 862 amicos
856 802 1127 878 etiampost
1143 810 1370 856 mortem.

480 955 1120 1021 Laudiusvpollioamari
1141 971 1169 1007 a
1198 965 1253 1006 te
1279 950 1446 1022 cupit.
1525 945 1771 1018 Dignum
1795 922 1905 999 hoc‘
1929 947 2075 1020 ipso,
2114 948 2269 1021 quod
2296 950 2446 1025 cupit
2463 970 2499 1007 3.

465 1038 681 1096 deinde
702 1077 718 1102 ,
770 1033 923 1108 quod
964 1032 1073 1104 ipse
1107 1043 1162 1083 te
1190 1027 1382 1098 diligit.

1423 1025 1639 1095 (neque
1671 1021 1818 1075 enirn
1851 1019 1964 1076 fere
1995 1023 2274 1095 quisquam
2312 1029 2494 1100 exigit,

336 1119 475 1174 istud
493 1113 614 1182 ,nifi
627 1113 721 1188 qui
735 1111 898 1179 facit)
933 1110 1010 1163 vir
1033 1100 1421 1177 alioquireeius
1435 1100 1674 1170 ‚integer
1693 1139 1709 1165 ,
1723 1097 1957 1170 quietu3‚
1971 1115 2033 1150 ac
2049 1114 2188 1169 pene
2210 1099 2349 1157 ultra
2364 1121 2500 1159 mo---

291 1213 324 1246 2
343 1195 476 1250 dum
494 1191 565 1264 (fi
587 1191 704 1263 quis
721 1202 902 1242 tamen
914 1185 1054 1239 ultra
1068 1179 1323 1248 modum)
1353 1176 1706 1230 verecundus,
1726 1171 1900 1228 Hunc
1917 1169 2049 1227 cum'
2062 1171 2493 1232 fimulsmilitare-

340 1287 459 1325 mus
477 1308 493 1333 ,
534 1284 647 1323 non
669 1264 842 1320 solum
868 1274 928 1315 ut
961 1255 1268 1315 commilito
1295 1251 1536 1325 inspexi..
1592 1249 1846 1305 Praeerat
1870 1249 1982 1303 alae
2004 1244 2509 1325 ’‘'milliariaezEgo

342 1344 502 1414 iufl‘us
526 1362 555 1397 a
578 1342 794 1412 Legato
821 1334 1107 1392 Consulari
1137 1337 1152 1365 ³
1177 1331 1410 1384 rationes
1438 1327 1640 1382 alarum
1669 1325 1723 1380 &
1748 1324 2060 1379 cohortium
2086 1340 2349 1382 excutere
2373 1366 2389 1392 ,
2427 1339 2502 1384 ut.

343 1434 597 1491 magnam
633 1411 986 1489 quorundam
1021 1406 1352 1479 foedamque
1393 1403 1666 1457 avaritiam
1697 1444 1712 1468 ,
1763 1398 1815 1453 δὲ
1859 1400 2241 1473 negligentiam
2276 1420 2460 1475 parem
2474 1439 2516 1468 ,ς

303 1521 339 1574 32

346 1497 418 1551 ita
442 1492 596 1564 hujus
624 1491 887 1547 summam
923 1485 1323 1557 integritatem,
1356 1478 1622 1534 solicitam
1654 1475 1989 1546 diligentiam
2024 1478 2221 1534 inveni.
2300 1478 2505 1535 Postea*

343 1578 675 1646 fpromotus
697 1565 766 1621 ad
794 1561 1130 1638 amplissimas
1156 1555 1568 1631 procurationes
1597 1591 1614 1619 ,
1672 1552 1819 1608 nulla
1861 1549 2145 1608 occasione
2167 1569 2513 1629 (τοττιῑρῑιιε,Ι

345 1777 369 1797 ’·
405 1782 438 1809 1.
465 1767 648 1818 Mazi-mi]
684 1767 784 1804 Mei.
827 1762 1044 1803 Similitudo
1066 1790 1075 1806 ,
1116 1760 1203 1808 quia
1232 1767 1391 1808 uterque

348 1822 471 1863 ulcisci
482 1822 650 1866 injuriam
664 1817 896 1862 intendebat,
908 1812 1104 1853 Demosth.
1119 1812 1217 1849 suam
1230 1838 1241 1856 ,
1252 1810 1394 1848 Secun-
1425 1802 1429 1820 ¹

353 1875 418 1913 dus
444 1874 550 1910 amici
578 1871 628 1909 sui
659 1868 838 1908 Helvidii.
892 1868 1034 1905 Verum
1048 1864 1162 1903 multa
1181 1863 1219 1900 in
1237 1870 1393 1910 utraque

352 1924 457 1965 causa
485 1923 633 1962 fuerant
656 1921 810 1960 diversa.
839 1919 1027 1957 CATAN.
1283 1938 1287 1941 ·

405 1987 442 2014 2.
470 1973 639 2012 Militari.
659 1971 674 2023 ]
703 1970 866 2024 Quidam
880 1971 1009 2020 legunt
1027 1965 1196 2005 miliarina
1218 1976 1239 2003 a
1258 1974 1394 2002 nume-

354 2040 398 2066 ro
421 2025 522 2064 mille
535 2051 546 2069 ‚
573 2025 663 2063 ficut
679 2024 801 2060 Varro
823 2022 986 2060 miliarias
1005 2029 1135 2069 greges
1155 2025 1280 2055 vocat.
1308 2015 1395 2051 Nec

355 2082 490 2129 ignoro
510 2076 676 2112 miliarias
697 2085 784 2111 aves
812 2075 856 2110 ab
878 2072 1015 2111 eodem
1036 2068 1195 2108 attestari
1217 2068 1303 2104 alias
1323 2064 1394 2103 esse

355 2142 377 2168 a
396 2127 648 2167 coturnicibus
671 2154 681 2170 ,
718 2124 754 2163 ὅς
770 2137 794 2162 a
813 2125 906 2162 Plin.
936 2124 1079 2160 seniore
1101 2119 1282 2156 miliariam
1308 2118 1395 2153 her„

354 2182 441 2219 bam
466 2179 570 2217 milio
593 2178 780 2215 inimicam
797 2202 808 2219 ,
835 2175 1018 2213 miliarium
1037 2179 1161 2209 autem
1184 2168 1255 2206 effe
1277 2177 1393 2217 genus

355 2232 459 2270 vasis.
498 2228 572 2266 Sed
595 2229 682 2277 quia
700 2227 871 2265 nondum
893 2226 967 2275 legi
991 2224 1084 2262 alam
1105 2219 1270 2259 habuisse
1295 2219 1396 2267 equi-

359 2292 416 2322 tes
432 2281 554 2324 mille,
583 2281 700 2329 magis
718 2280 844 2328 placet
862 2286 901 2315 ut
920 2278 1061 2325 legatur
1078 2271 1221 2310 militari
1235 2286 1246 2308 .·
1276 2269 1397 2308 &hoc

359 2334 527 2372 additum
539 2332 580 2369 fit
591 2330 636 2368 ad
649 2330 856 2369 tollendam
869 2326 1237 2377 aequivocationem.
1251 2323 1269 2360 I
1281 2332 1308 2358 D
1319 2333 1341 2358 E
1351 2332 1395 2358 M.

361 2387 424 2423 Ala
443 2384 560 2422 modo
581 2383 898 2432 quadrIngcntos,
924 2378 1042 2418 modo
1067 2377 1317 2425 quingentos,
1344 2374 1397 2410 in—

364 2437 510 2475 terdum
540 2434 576 2473 &
607 2434 693 2472 mille
725 2434 897 2471 homines
928 2430 1109 2469 habeba&
1166 2425 1264 2463 Vide
1302 2424 1399 2473 Lips.
1431 2454 1433 2471 ,

363 2489 446 2526 Lib.
472 2489 517 2525 II.
548 2486 593 2524 de
614 2486 696 2523 Mil.
718 2485 765 2522 R.
787 2484 886 2521 Dial.
909 2482 993 2520 VII.
1014 2489 1106 2518 extr.
1135 2478 1229 2516 Alae
1249 2478 1402 2525 quinge-
1431 2477 1434 2495 ³

360 2541 488 2578 nariae
509 2539 729 2576 veterrimae
750 2549 760 2579 ;
798 2535 862 2573 sed
886 2534 1050 2572 Romani
1082 2538 1143 2569 aut
1166 2530 1333 2566 Graecos
1353 2528 1403 2565 se-

369 2593 441 2629 cuti
463 2620 472 2635 ,
503 2599 564 2627 aut
585 2590 742 2637 antiquo
763 2588 853 2635 reip.
877 2587 958 2624 suae
980 2583 1147 2623 instituto
1175 2610 1184 2626 ,
1214 2592 1291 2629 quo
1314 2579 1403 2617 socii

368 2643 555 2691 duplicem
576 2652 772 2678 numerum
793 2639 961 2686 equitum
984 2637 1146 2678 dabant,
1175 2631 1403 2675 insistentes,

369 2695 552 2732 milliarias
587 2693 766 2730 fecerunt.
801 2692 901 2739 Lege
935 2688 1055 2726 Schel.
1088 2687 1126 2723 in
1150 2684 1291 2732 Hygin.
1316 2694 1400 2730 pag.

373 2757 480 2791 1079.
510 2746 621 2782 Toni.
642 2745 688 2781 X.
710 2743 798 2780 Ant.
822 2743 934 2780 Rom.
955 2739 1118 2778 Graevii.
1146 2734 1403 2773 Nihilominus

373 2796 473 2832 Vols.
496 2797 530 2834 ἀ
550 2795 704 2833 IIelmst.
730 2806 813 2832 cum
834 2794 1026 2831 Catanaeo
1046 2790 1117 2827 alac
1138 2785 1304 2828 militm-u
1333 2782 1402 2823 Ed.

375 2845 462 2882 Vet.
484 2848 552 2883 alac
569 2847 737 2891 inimare,
766 2845 877 2883 Arnz.
901 2845 970 2882 alac
988 2839 1169 2881 valam-iac
1192 2849 1200 2879 ;
1227 2836 1404 2886 Optimus

377 2895 444 2931 alac
465 2897 588 2932 mili-ari
614 2924 624 2939 ,
652 2898 752 2944 quod
775 2895 920 2934 sortasse
949 2894 1151 2943 genuinum
1193 2887 1254 2927 est.
1295 2889 1406 2925 Certe

378 2945 561 3000 Analogia
582 2955 652 2982 tam
685 2947 838 2984 milliaris
861 2974 872 2990 ,
911 2959 1019 2994 quam
1047 2940 1227 2981 milam-ius
1248 2940 1406 2988 patitur,

377 2993 412 3032 &
437 2995 693 3040 Inscriptioncs
714 3025 722 3038 ,
754 3010 847 3044 quae
864 3000 991 3033 haruin
1015 2997 1151 3033 alarum
1173 2992 1408 3029 mentionem

2427 1629 2494 1685 ab

1426 1786 1428 1797 i
1453 1752 1784 1806 posterum-dubius
1804 1755 1974 1800 erit-gant
1998 1753 2121 1794 saxum
2137 1754 2292 1796 milliare.
2319 1755 2518 1806 Hyginus³

1461 1816 1588 1846 tamen
1602 1815 1642 1844 ut
1651 1806 1738 1843 alam
1747 1805 1941 1843 milliarium
1952 1806 2132 1855 agnoscit,
2148 1807 2195 1845 fic
2207 1807 2319 1847 etiam
2333 1807 2496 1847 cohortem
2511 1832 2514 1838 ›

1464 1859 1658 1897 milliarium
1673 1886 1683 1903 ‚
1744 1868 1825 1895 non
1846 1857 2042 1903 namnum,
2074 1858 2190 1903 dixit,
2218 1857 2255 1897 ἀ
2274 1859 2372 1910 apud
2390 1859 2517 1909 Agri-—

1461 1910 1649 1949 mensores
1673 1908 1829 1946 milliarii
1850 1909 2104 1954 ter-minimon
2119 1910 2516 1960 milliares‚1eguntur.-

1456 1961 1593 2019 Codex
1607 1961 1718 1998 etiam
1729 1971 1795 2008 per
1807 1960 2033 2010 subsequens
2055 1961 2088 1999 E
2110 1963 2428 2001 interminatione
2444 1961 2491 2000 fa·

1459 2015 1530 2052 cile
1553 2012 1739 2060 corrumpi
1768 2013 1905 2059 potuit.
1936 2012 2120 2061 Vulgatae
2141 2013 2324 2061 quaedam
2347 2012 2490 2051 :Nam

1428 2107 1431 2118 Ἃ
1453 2072 1613 2115 praeerat
1629 2063 1701 2100 alac
1722 2091 1732 2107 ,
1773 2070 1845 2099 cet.
1894 2062 1969 2100 Sed
1998 2063 2036 2100 in
2056 2064 2194 2112 scriptis
2224 2064 2488 2103 &melioribus
2509 2086 2511 2088 -

1460 2115 1638 2165 impr-estis
1667 2113 1850 2151 Particula
1882 2114 1946 2151 illa
1967 2125 2046 2151 uon
2066 2125 2272 2163 comparet.
2313 2117 2509 2155 Corne„

1511 2177 1544 2213 3.
1574 2166 1778 2204 Rationem
1811 2164 1941 2202 alarum
1971 2164 2019 2203 83³
2042 2164 2265 2218 cohortium]
2294 2168 2352 2206 Ita
2376 2165 2489 2214 vulga·

1458 2227 1517 2256 tae
1539 2248 1549 2264 ‚
1592 2230 1634 2256 ac
1657 2217 1782 2254 secure
1806 2217 2029 2265 interpretes
2060 2218 2321 2266 neglexerunt.
2341 2249 2346 2252 .
2365 2213 2487 2264 Scripti

1461 2281 1595 2308 omnes
1618 2267 1654 2306 δι
1674 2268 1742 2306 Ed.
1762 2267 1849 2305 Vet.
1881 2268 2048 2306 rationes
2075 2269 2204 2307 alarum
2223 2284 2248 2309 e.
2271 2282 2298 2308 c.
2317 2266 2414 2320 quod
2437 2276 2490 2304 rc·
2512 2286 2515 2287 ν

1462 2321 1592 2370 scripsi.
1611 2319 1739 2376 §upra
1755 2318 1869 2368 Epist.
1893 2319 1958 2356 VI.
1982 2331 2018 2357 n.
2045 2329 2078 2356 2.
2097 2321 2281 2370 postulabat
2302 2349 2312 2367 ‚
2338 2327 2373 2357 ut
2391 2317 2494 2355 Vare-

1460 2386 1518 2410 nus
1541 2370 1696 2411 exhibere
1717 2372 1884 2409 rationes
1901 2378 2071 2420 cogeretur
2093 2399 2105 2418 ‚
2147 2371 2182 2410 &
2201 2372 2248 2412 fic
2267 2370 2388 2421 paffim
2407 2368 2494 2406 scri-
2515 2392 2519 2394 ἡ

1461 2432 1591 2474 ptores
1612 2452 1622 2468 ,
1664 2422 1768 2472 quod
1795 2423 1938 2460 nemini
1968 2423 2139 2471 ignotum
2158 2423 2220 2462 est.
2249 2423 2332 2460 Nec
2355 2418 2497 2458 obstare

1464 2476 1580 2513 debet
1596 2474 1678 2513 Lib.
1707 2474 1754 2512 X.
1783 2473 1895 2522 Epist.
1914 2473 2085 2512 XLVIII.
2112 2486 2148 2512 n.
2172 2486 2204 2511 1.
2230 2485 2328 2522 neque
2344 2470 2427 2508 enim
2441 2477 2496 2503 ra-

1463 2528 1518 2565 tio
1537 2528 1612 2577 plus
1635 2525 1780 2563 excuffa
1800 2525 1869 2574 cst,
1895 2533 1936 2563 ut
1957 2524 2063 2573 quod
2083 2525 2152 2562 alia
2174 2524 2220 2561 de
2242 2520 2355 2559 cauffa
2375 2520 2423 2553 ita
2441 2514 2492 2552 di-

1465 2580 1559 2617 citur
1578 2605 1591 2623 ‚
1629 2586 1670 2615 ut
1697 2576 1732 2615 &
1761 2576 1850 2615 illud
1877 2576 2041 2622 ejusdem
2069 2576 2149 2613 Lib.
2187 2570 2295 2619 Epist.
2322 2564 2491 2604 XXVIII.

1466 2638 1560 2668 extr.
1581 2630 1636 2665 Ita
1653 2637 1738 2666 certe
1753 2627 1919 2678 prospicio
1937 2640 1979 2665 cx
1996 2627 2141 2664 ratione
2158 2617 2383 2667 Prusensium,
2395 2628 2493 2664 quam

1464 2694 1535 2719 cum
1555 2680 1698 2719 maxime
1727 2682 1847 2717 tractio·
1878 2679 1945 2715 Co
1959 2687 2061 2714 RTE.
2082 2702 2086 2706 .

1516 2744 1550 2779 4.
1579 2729 1790 2780 Promotus]
1818 2721 2198 2769 P1·0du‹ftus,subla'tus.
2213 2717 2310 2754 Na’m
2322 2727 2495 2766 promove-

1463 2798 1499 2823 re
1512 2783 1559 2822 eli
1575 2783 1736 2832 aliquem
1747 2780 1795 2818 ad
1805 2780 1962 2824 majores
1977 2773 2168 2828 dignitates
2183 2768 2376 2812 extollere,
2396 2770 2497 2818 quasi

1467 2836 1562 2874 ultra
1584 2844 1749 2872 movere,
1778 2831 1880 2867 Hinc
1898 2832 2109 2876 promotwncs
2120 2820 2368 2856 Hammonius
2386 2822 2495 2860 inter-

1437 2876 1439 2913 }
1468 2894 1635 2936 pretam„
1654 2880 1937 2932 progl-Cffiones,
1965 2870 2195 2919 Lampridius
2220 2872 2254 2907 in
2269 2871 2518 2921 Heliogaba-⁷

1467 2939 1508 2975 lo
1528 2965 1538 2980 ‚
1575 2935 1696 2973 voluit
1717 2932 1753 2968 ἀ
1773 2940 1841 2978 per
1866 2924 2017 2970 singulas
2039 2923 2148 2959 urbes
2173 2922 2330 2959 lenones
2355 2923 2498 2971 praefe-

1470 2989 1547 3022 etos
1569 2985 1668 3021 urbis
1690 2983 1830 3020 facere,
1845 2975 1879 3011 ὅτ.
1897 2982 1935 3010 ut
1957 2973 2070 3010 essent
2090 2974 2124 3010 in
2149 2974 2239 3010 urle
2260 2973 2360 3010 XIV.
2391 2974 2428 3013 ἃ,
2445 2974 2497 3013 fe-

377 3045 516 3082 faciunt
539 3073 546 3086 ‚
588 3047 859 3081 extremitatem
895 3058 969 3081 non
1014 3046 1224 3091 exprimunt
1246 3067 1260 3085 ‚
1306 3053 1341 3078 v.
1372 3051 1405 3088 g.
1469 3033 1608 3072 ciffctfi
1630 3029 1799 3068 vixisset.-
1836 3035 2074 3074 promoturus
2100 3036 2229 3062 omnes
2254 3024 2522 3073 turpissimos„

379 3096 460 3136 AL·
494 3095 714 3135 MlL1-AR·
751 3095 786 3134 ὅε
813 3096 858 3148 [ις
891 3106 1016 3146 neque
1046 3095 1156 3142 Lapis
1185 3091 1340 3134 milliaris
1366 3090 1405 3128 in
1468 3084 1503 3125 δι
1528 3083 1679 3124 ultimae
1698 3076 1932 3129 profeffionis
1952 3078 2139 3119 homines,
2170 3076 2386 3118 CATAN..

2380 3137 2413 3167 1.
2437 3122 2508 3166 Lim·
