2616 3686
370 188 470 257 580

609 195 670 243 C.
733 187 1126 242 PLINII
1193 188 1704 243 CAECILII
1773 190 2297 247 SECUNDr

334 278 530 320 amum
560 264 865 336 periculum
896 262 1141 321 addut0ta.
1218 265 1383 338 Igitur
1419 277 1479 322 ut
1518 267 1726 323 necesse
1763 267 1839 322 est
1864 312 1878 332 ,
1926 276 1940 301 ¹
1980 274 2211 342 graviter
2241 273 2504 346 accipias,

377 336 711 395 seneclutem
747 354 894 396 tuam
925 340 1067 414 quast
1109 345 1129 370 ²
1159 343 1350 412 paratis
1384 341 1605 413 posteris
1637 340 1946 400 destitutam
1975 368 1989 408 ;
2043 346 2112 401 fic
2142 347 2305 404 debes
2342 368 2505 422 agere
2610 384 2611 424 i

377 411 497 469 Diis
521 416 764 487 gratiass
782 415 934 486 quod
955 415 1029 470 ita
1056 415 1150 470 tibi
1173 418 1224 470 in
1250 418 1894 490 praeientiapronepotes
1918 438 2279 492 negaverunt,
2318 429 2483 481 uti'er

379 502 569 544 vatent
601 503 823 561 neptem
844 529 860 554 ‚
914 490 1031 544 illos
1074 489 1380 546 reddituri:
1434 509 1669 563 quorum
1705 492 1859 547 nobis
1882 494 2028 567 spem
2054 500 2343 555 certiorem
2369 500 2500 558 haec

346 561 523 633 3ipsa‚
547 581 854 634 quanquam
880 580 1076 645 parurn
1108 563 1364 635 prospere
1401 567 1704 636 explorata,
1732 568 2071 625 foecunditas
2095 571 2240 629 facit.
2315 574 2510 634 lisdem
2569 611 2574 614 >

383 654 529 690 nunc
559 656 662 708 ego
687 652 741 691 te
767 675 784 699 ‚
840 636 1034 707 quibus
1064 636 1234 706 ipsum
1271 654 1360 692 me
1396 637 1588 694 hortor
1614 680 1630 704 ,
1666 659 1869 697 moneo
1896 684 1911 708 ‚
1951 646 2236 703 confirmo,

2313 647 2510 723 Neque

380 713 526 765 enim
550 712 822 765 ardentius
852 728 911 763 tu
935 724 1267 780 pronepotes
1283 749 1301 774 ‚
1342 729 1506 782 quam
1532 732 1635 786 ego
1658 717 1855 771 liberos
1879 722 2066 789 cupio:
2108 723 2298 794 quibus
2321 725 2512 784 videor

378 789 394 852 .³
427 802 455 837 a
478 802 602 839 ineo
630 799 837 857 tuoque
860 786 1027 838 latere
1051 801 1289 854 pronum
1310 785 1378 840 ad
1401 785 1636 842 honores
1657 792 1758 844 iter
1782 831 1797 853 ‚
1839 793 1889 846 δε
1913 800 1933 828 ⁴
1954 795 2134 848 audita
2163 798 2315 851 latius
2344 801 2515 856 nomi-

376 874 446 913 na
472 901 486 920 ,
538 860 592 912 dc
627 876 741 914 non
766 865 780 893 ⁵
806 858 1003 914 subitas
1038 860 1298 932 imagines
1331 859 1630 917 reliciurus,

1706 864 2002 923 Nascantur
2035 870 2205 924 modo
2227 914 2241 934 ‚
2285 873 2338 925 δέ
2365 872 2509 935 hunc

378 932 624 989 nostrum
650 933 904 991 dolorem
933 932 1132 1006 gaudio
1157 948 1384 990 mutent.
1428 934 1580 992 Vale..

365 1130 519 1172 factura.
552 1132 745 1172 (ΞΑ-ΜΝ.
799 1131 922 1174 Etiam
949 1135 988 1174 in
1020 1134 1197 1175 Mediceo
1227 1136 1278 1175 est
1303 1136 1405 1175 docu-

366 1184 515 1228 mentis,
539 1192 651 1234 atque
667 1185 714 1222 ita
733 1183 843 1224 edidit
862 1185 979 1224 Aldus
999 1198 1009 1224 :
1049 1198 1121 1226 nec
1141 1187 1327 1236 vulgatum
1347 1189 1407 1226 de-

368 1235 545 1272 trimentis
565 1236 809 1274 commodum
847 1237 989 1275 sensum
1035 1238 1202 1276 admittit.
1254 1241 1306 1277 At
1343 1240 1404 1277 do-

364 1287 534 1323 cumentis
569 1286 729 1336 expiatur
765 1299 859 1325 error
881 1314 893 1332 ,
919 1287 953 1335 2fi
988 1287 1025 1325 in
1064 1288 1265 1337 periculum
1285 1288 1401 1328 addu-

369 1334 428 1374 eta
465 1336 578 1374 talem
613 1336 648 1374 se
683 1337 804 1386 gerit,
844 1350 884 1376 ea
912 1338 1086 1378 custodite
1131 1340 1203 1388 agit
1235 1350 1278 1379 ac
1312 1341 1403 1390 pati-

2401 1026 2503 1086 XI.

1483 1141 1572 1174 tem.
1599 1134 1862 1178 B‘UanssR.
1912 1137 2061 1178 AlduS:
2098 1141 2220 1191 quibus
2250 1145 2362 1186 video
2391 1163 2415 1190 a
2435 1165 2524 1191 meo*

1478 1197 1602 1274 {unqe-te
1618 1188 1747 1235 latere,
1775 1198 1955 1240 corrupte.
2003 1189 2176 1230 Alterum
2197 1193 2318 1235 vifitur
2334 1211 2372 1238 ιιι
2389 1213 2510 1250 mem-⁴

1502 1248 1604 1278 ranis.

1524 1302 1559 1334 4.
1587 1291 1731 1329 Audita
1753 1291 1861 1332 latius
1881 1290 2072 1379 nomina}
2097 1290 2232 1342 Longa
2255 1296 2415 1339 virorum
2433 1302 2514 1343 illu.

1471 1337 1594 1379 strium
1614 1343 1806 1381 stemmata
1826 1344 1864 1381 in
1884 1343 2018 1381 familia
2074 1343 2255 1392 alpurniae
2283 1349 2319 1386 ὃς
2342 1350 2511 1400 Caecilii,

362 1391 422 1423 tur
443 1413 455 1431 ,
493 1395 530 1423 ut
547 1387 673 1435 sperari
694 1389 780 1426 inde
800 1395 931 1437 queat,
958 1388 1109 1428 fimilem
1131 1401 1215 1429 eam
1236 1401 1399 1431 errorem
1471 1392 1561 1439 quin
1576 1394 1684 1431 etiam
1696 1394 1785 1432 Plin.
1816 1396 1913 1432 tx‘am
1937 1396 2141 1431 multorum
2177 1395 2373 1437 i'liniorum
2395 1403 2509 1451 epita·

363 1446 569 1485 numquam
608 1436 849 1477 admill'uram.
900 1439 1052 1478 Tacitus
1089 1441 1208 1489 Agric.
1239 1452 1317 1491 cap.
1351 1442 1400 1484 11.

361 1487 536 1526 Dedimus
561 1490 706 1537 proseffto
736 1489 870 1537 grande
889 1490 1081 1538 patientiae
1112 1491 1396 1535 documentum.

361 1535 460 1576 vide
480 1537 525 1576 ad
545 1538 678 1576 Sallust.
700 1539 781 1578 Cat.
800 1551 878 1588 cap.
898 1540 961 1579 IX.
988 1552 1025 1578 n.
1036 1554 1072 1588 4.
1092 1542 1267 1597 Qarum
1276 1557 1391 1583 rerum

358 1600 414 1638 qo
432 1590 590 1627 maxima
608 1589 833 1629 documenta
852 1589 934 1630 haec
952 1591 1070 1631 habeo.
1095 1599 1163 1630 bo
1178 1605 1202 1632 R
1214 1606 1286 1634 ‘rr-:-

414 1650 443 1677 1.
473 1641 644 1679 Graviter
672 1642 817 1685 accipias
836 1643 1046 1692 senectutem
1075 1646 1225 1696 tuam.].
1254 1645 1296 1684 Id
1317 1645 1389 1692 est,

357 1690 455 1728 male
476 1691 607 1730 habeas
626 1719 637 1735 ,
664 1691 799 1742 affligas
817 1704 863 1730 ex
885 1693 1031 1732 infelice
1053 1695 1250 1735 nuntio-de
1270 1698 1390 1746 neptis

353 1739 495 1780 abortu.
547 1741 704 1780 Tractus
724 1755 745 1781 a
762 1743 940 1783 conviviis
955 1744 1076 1784 sermo
1097 1757 1106 1783 ε
1147 1745 1205 1785 ubi
1234 1746 1390 1797 hospites

354 1788 471 1837 bene,
498 1793 598 1832 male
613 1794 724 1842 accipi
744 1793 922 1833 dicuntur.
952 1794 1096 1833 Plautus
1115 1796 1215 1834 Persa
1234 1798 1317 1836 Act.
1338 1799 1389 1838 V.

353 1839 411 1880 Sc.
436 1843 464 1880 I.
503 1848 553 1881 Ite
570 1845 674 1890 foras
695 1859 707 1882 .·
743 1844 799 1883 hic
829 1844 905 1884 volo
925 1856 1007 1883 ante
1035 1845 1155 1893 ostium
1176 1858 1219 1887 (θ’
1229 1848 1387 1896 januam

355 1903 445 1930 meos
459 1894 640 1944 participes
649 1894 743 1932 bene
753 1897 924 1941 accipere.
945 1896 1085 1935 Seneca
1103 1896 1210 1946 Epist.
1223 1899 1325 1940 XXI.
1344 1901 1389 1940 de

352 1941 499 1991 Epicuri
531 1944 670 1983 horto:
710 1946 776 1982 Hic
807 1946 917 1996 hospes
948 1958 980 1985 te
994 1948 1132 1996 polenta
1151 1947 1311 1997 excipiet,
1339 1965 1385 1993 ω’

350 1993 726 2044 dicetAECQUlD
750 1995 915 2035 BENE
937 1998 1284 2038 ACCEPTUS
1311 1999 1423 2048 ES?³

351 2042 623 2083 BucHNER.
676 2045 950 2103 Haec-quidem
972 2047 1070 2087 reete
1091 2050 1144 2087 vir
1166 2048 1391 2096 doetus,sed
1421 2082 1423 2096 ⁴

351 2095 473 2131 minus
493 2094 669 2144 adpofite.
693 2097 816 2144 Jungit
841 2099 939 2136 enirn
964 2111 973 2136 z
997 2099 1156 2147 graviter
1177 2102 1322 2150 accipias
1335 2104 1392 2152 se·

349 2147 521 2182 neelutem
539 2156 641 2184 tuam
667 2172 678 2190 ,
705 2158 790 2184 cum
811 2149 930 2197 potius
958 2149 1036 2196 post
1054 2149 1193 2236 acsclipias
1214 2150 1256 2188 sit
1271 2151 1391 2191 dissin-
1423 2199 1424 2202 Ἴ

348 2195 538 2242 guendum
563 2224 574 2240 ,
609 2196 683 2234 hoc
706 2197 805 2235 sensu
827 2212 835 2237 :
871 2200 982 2236 Sicuti
1003 2210 1092 2237 nece
1122 2213 1142 2237 e
1163 2200 1212 2238 est
1234 2203 1389 2250 graviter

346 2245 438 2284 feras
461 2273 471 2289 ,
499 2245 701 2285 destitutam
728 2247 790 2297 effe
808 2248 1033 2287 senectutem
1057 2257 1157 2288 tuam
1180 2252 1279 2300 quasi
1308 2253 1386 2301 jam

346 2295 475 2343 paratis
497 2295 644 2344 posteris
662 2311 674 2340 ;
713 2296 760 2334 fic
777 2298 886 2336 debes
900 2326 911 2343 ,
938 2308 1008 2337 cet.
1060 2301 1115 2338 Sic
1135 2303 1282 2350 asperius
1304 2306 1390 2342 acci·
1423 2340 1426 2351 ,

339 2354 418 2396 pere
441 2375 451 2392 ,
480 2348 603 2386 durius
625 2374 635 2392 ,
661 2349 836 2387 moderate
863 2350 1005 2400 accipere
1027 2351 1122 2399 apud
1142 2353 1306 2391 Tullium
1328 2356 1391 2393 ali·
1423 2353 1426 2380 '¹

345 2399 511 2445 quoties,
531 2399 594 2447 qui
615 2399 653 2435 ὅ(
675 2398 721 2437 ΙΙ.
741 2399 788 2437 de
800 2401 948 2438 Orator.
961 2401 1129 2448 cap.LIl.
1152 2403 1283 2451 Singuli
1295 2406 1390 2453 casus

345 2446 589 2485 humanarum
610 2449 831 2498 mifiriarum
859 2452 1012 2499 graviter
1035 2453 1268 2501 accipiuntur.
1298 2455 1387 2494 Hoc

344 2508 441 2546 pene
468 2500 672 2547 vulgatum.
700 2500 850 2539 Tacitus
868 2501 956 2540 XIII
996 2501 1097 2540 Anu.
1118 2504 1387 2552 cmxxxvi.
1419 2497 1422 2556 ξ
2396 2562 2402 2568 ,

1418 2583 1420 2606 2
1456 2558 1651 2598 istiusmodi
1672 2559 1905 2608 praefuiffent
1917 2590 1927 2606 ,
1939 2574 1985 2601 eo
2004 2565 2118 2608 plures
2137 2563 2285 2600 habebat
2299 2564 2483 2608 imagines,

1417 2610 1420 2622 “
1459 2609 1498 2646 &
1522 2621 1569 2647 eo
1598 2610 1752 2649 nobi-lior
1773 2622 1926 2662 quoque
1960 2613 2174 2650 censebatur.
2223 2609 2322 2648 Vide
2339 2609 2364 2647 st
2381 2610 2481 2651 lubet

342 2549 451 2597 Qod
473 2550 629 2597 graviter
655 2550 803 2588 Corbulo
826 2553 972 2600 accepit.
1025 2552 1086 2591 De
1107 2553 1217 2591 altera
1241 2555 1381 2602 forma,

345 2609 457 2646 quam
478 2599 686 2638 Buchnerus
713 2601 875 2647 illustrat,
903 2603 1056 2642 diximus
1070 2603 1114 2642 ad
1125 2605 1201 2644 Cic.
1229 2605 1386 2647 Lib.XI.

345 2648 448 2690 Fam.
476 2649 582 2699 Epist.
604 2650 704 2689 XIII.
733 2663 769 2689 n.
793 2664 826 2700 3.

390 2711 426 2737 2.
453 2700 634 2751 paratis]
669 2700 750 2747 Jam
783 2704 966 2753 conceptis
988 2731 999 2749 ,
1043 2703 1104 2743 sed
1131 2704 1385 2756 intempestive

343 2750 492 2789 enectis.
517 2753 707 2791 Canu.
736 2752 901 2792 Similiter
927 2754 1008 2793 Lib.
1024 2754 1112 2794 V11.
1132 2754 1241 2806 Epist.
1261 2759 1385 2800 XXV.

341 2808 378 2835 n.
399 2811 432 2837 2.
460 2802 573 2850 recipit
594 2801 632 2851 se
660 2803 697 2840 in
716 2816 814 2852 agros
829 2806 904 2852 suos
925 2832 936 2850 ‚
971 2807 1165 2856 paratisque
1193 2807 1377 2849 honoribus

339 2850 660 2940 ἱιέηὲιὶὶὶζίψιὲικω
683 2855 793 2941 ἵξκζη
808 2855 991 2904 praetulit.
1012 2857 1071 2895 ubi
1094 2856 1186 2896 vide.
1215 2858 1275 2898 De
1300 2872 1382 2900 ver-

440 2912 454 2934 e
484 2912 549 2936 lul
581 2913 603 2937 U
632 2913 667 2939 ra
715 2916 859 2943 IleUS·

392 2957 428 2994 3.
456 2951 493 2982 A
518 2961 588 2986 meo
607 2913 730 3000 ξιιοφιε
750 2954 894 3004 latere.]
924 2954 1104 3003 Significat
1123 2984 1135 3001 ‚
1168 2957 1286 2999 libetis
1316 2959 1385 3000 suis

1469 1441 1553 1489 phia
1570 1443 1805 1492 superioribus
1834 1446 1946 1482 annie-
1964 1446 2002 1483 in
2029 1454 2117 1493 agro
2137 1445 2175 1483 ὃ(
2198 1450 2397 1499 municipio
2424 1453 2509 1493 No.

1469 1502 1636 1531 vocomo
1655 1505 1718 1542 per
1736 1494 1978 1532 Benedictum
1997 1494 2148 1540 jovium
2169 1505 2268 1536 eruta
2286 1499 2363 1538 sunt
2386 1514 2397 1539 ε
2424 1505 2508 1554 qui»

1467 1541 1531 1580 bus
1550 1544 1725 1593 colligitur
1746 1555 1825 1582 non
1844 1545 1964 1583 modo
1987 1544 2128 1583 duobus
2156 1547 2246 1586 Plin.
2264 1551 2325 1589 sed
2346 1552 2519 1601 pluribus.

1467 1604 1552 1632 eam
1580 1595 1754 1632 familiam
1787 1594 1965 1634 celebrem
1997 1593 2111 1634 fuiffe.
2137 1597 2273 1637 Cara
2289 1615 2326 1640 Ν.
2377 1603 2501 1645 Medi.

1465 1654 1574 1682 ceus:
1601 1656 1644 1684 θ’
1667 1646 1792 1683 audita
1816 1645 1923 1685 latius
1943 1647 2070 1684 omnia.
2098 1658 2175 1686 non
2195 1649 2324 1699 placet.
2362 1658 2497 1694 Nomen

1463 1703 1641 1743 quantum
1663 1696 1708 1733 ad
1726 1696 1892 1735 honores
1916 1699 2023 1747 poffit
2045 1726 2057 1743 ,
2095 1700 2219 1746 passim
2243 1703 2377 1742 Cicero
2397 1706 2498 1745 teste·

1461 1752 1534 1785 tur.
1563 1746 1737 1785 Lucanus
1767 1748 1849 1786 Lib.
1869 1749 1979 1788 VIII.
2008 1760 2059 1788 vs.
2081 1751 2170 1796 276.

1565 1852 1614 1886 Et
1641 1860 1810 1895 nomen,
1837 1851 1927 1901 quod
1953 1854 2105 1893 mundus
2130 1867 2247 1895 amar-¹

1513 1962 1554 2000 ς,
1575 1950 1749 2002 Subita5.]
1783 1953 1933 1999 Novas,
1962 1965 2153 2002 recentes,
2181 1964 2222 1995 ut
2237 1957 2493 2007 objectum-eft

1460 2000 1586 2041 Mario
1611 2030 1622 2047 ,
1650 2004 1687 2040 ὅτ
1709 2004 1878 2042 Ciceroni
1900 2033 1910 2049 ,
1938 2006 1976 2043 ὅτ
1997 2009 2050 2056 Q.
2071 2009 2241 2046 Curtium
2265 2010 2404 2050 Rufum
2431 2014 2498 2052 ob·

1461 2050 1565 2089 scuris
1586 2053 1788 2101 parentibus
1806 2054 1942 2092 <licebit
1966 2057 2134 2097 Tiberius
2148 2087 2158 2102 ,
2186 2070 2270 2097 cum
2287 2073 2372 2099 eum
2388 2064 2489 2102 Prae·

1460 2108 1579 2139 torem
1605 2105 1856 2149 renunciaret,
1885 2106 1998 2144 videri
2021 2121 2061 2145 ex
2074 2109 2114 2157 se
2134 2120 2271 2148 natum.
2301 2113 2440 2152 CATn
2453 2127 2489 2153 κ.

1466 2157 1547 2189 Non
1561 2153 1698 2202 subitas
1717 2154 1918 2206 imagines.]
1957 2157 1997 2194 ld
2017 2158 2065 2195 est
2087 2188 2097 2204 ‚
2134 2172 2210 2198 non
2233 2172 2418 2201 recentem
2444 2175 2487 2201 ac

1462 2205 1640 2242 novitiam
1674 2206 1899 2243 nobilitavem
1923 2235 1933 2250 ,
1962 2207 2020 2246 sed
2043 2210 2213 2249 vetustam
2243 2226 2255 2255 ;
2291 2225 2359 2252 nec
2377 2214 2485 2253 semei

1424 2254 1426 2294 ἒ
1460 2264 1501 2292 :tc
1519 2254 1632 2292 subito
1646 2282 1656 2298 ,
1669 2255 1727 2293 sed
1746 2257 1858 2304 longo
1879 2264 2046 2306 tempore
2062 2264 2486 2313 atqueperpluresima-

1459 2304 1562 2353 gines
1579 2306 1617 2344 in
1637 2316 1787 2353 gentem
1812 2319 1931 2345 meam
1955 2310 2101 2350 illatam.
2144 2312 2398 2354 Aestimabatur
2416 2325 2487 2350 no-

1460 2354 1571 2393 bilitas
1588 2358 1709 2395 omnis
1735 2358 1993 2398 Romanorum
2014 2373 2059 2399 ex
2080 2361 2291 2412 imaginibus
2313 2377 2323 2401 ε
2359 2364 2487 2411 imagi·

1461 2416 1525 2444 nes
1543 2414 1667 2445 autem
1689 2419 1733 2446 ex
1752 2408 2006 2457 magistratibus
2023 2413 2125 2461 gestis
2154 2415 2342 2452 veniebant
2360 2425 2369 2451 ε
2404 2425 2484 2452 non

1460 2457 1631 2495 omni-bus
1644 2480 1659 2503 ,
1681 2458 1739 2496 sed
1760 2460 1939 2499 curulibus
1956 2470 2110 2503 tantum.
2161 2465 2252 2511 Quo
2270 2464 2387 2512 plures
2408 2465 2486 2512 quis

1458 2507 1563 2555 igitur
1583 2510 1619 2546 in
1641 2517 1751 2557 gente
1769 2509 1826 2547 sua
1855 2514 2070 2551 numerabat
2091 2541 2102 2559 ,
2139 2516 2200 2561 qui
2231 2513 2480 2561 magistratibus

1457 2659 1625 2709 Lipfium
1655 2661 1738 2700 Lib.
1757 2661 1788 2700 l.-
1812 2662 1969 2700 Elector.
1994 2659 2209 2708 cap.X·XIX.
2237 2659 2298 2707 qui
2316 2660 2412 2708 plura
2432 2662 2480 2700 de

1451 2710 1666 2758 imaginibus
1689 2711 1757 2750 istis
1776 2711 1823 2750 ibi
1843 2711 1985 2757 collegit
2006 2710 2132 2746 utiliter
2152 2710 2191 2745 &
2214 2708 2352 2749 erudite
2364 2711 2483 2750 obser-

1456 2762 1566 2800 vavit.
1591 2761 1618 2799 B
1629 2773 1689 2800 uc
1701 2773 1727 2800 H
1740 2771 1768 2800 N
1777 2771 1799 2798 ε
1812 2771 1847 2798 n.
1875 2764 1954 2796 Non
1966 2757 2102 2808 subitas
2111 2759 2274 2806 imagines
2286 2787 2296 2804 ,
2323 2760 2395 2798 hoc
2407 2762 2455 2800 est
2469 2790 2481 2807 ,

1456 2821 1535 2850 non
1557 2820 1743 2850 recentem
1763 2820 1806 2848 ac
1829 2809 2006 2847 novitiam
2023 2808 2262 2847 nobilitatem.
2302 2811 2457 2851 Ovidius
2466 2826 2484 2851 ·:

1509 2916 1590 2950 Non
1612 2910 1710 2949 modo
1721 2909 1890 2956 fortunae
1909 2908 2178 2953 muneresab‘lus
2198 2923 2306 2961 equex.

337 2995 553 3045 expeditum
590 2998 636 3036 ad
667 3001 826 3039 honores
857 3004 895 3040 ὅ(
921 3007 1041 3044 officia
1071 3007 1211 3055 publica
1241 3010 1380 3049 aditum
1453 3009 1527 3048 Adi
1559 3008 1747 3046 Budaeum
1779 3005 1824 3044 ad
1855 3003 2027 3044 Pande&-
2061 3018 2140 3059 P28·
2163 3010 2245 3059 ¹48.
2292 3012 2483 3059 aarum

336 3046 418 3086 §ore
433 3057 498 3096 per
516 3047 658 3095 paterni
675 3049 775 3095 iuxta
795 3052 832 3089 ὅ(
866 3057 1018 3095 materni
1049 3059 1188 3104 generis
1215 3060 1380 3101 nobilita·

1452 3059 1549 3100 Vide
1578 3059 1660 3098 Lib.
1680 3058 1744 3098 111.
1772 3053 1969 3104 Epist.1n.
1993 3067 2032 3098 a.
2054 3067 2089 3105 7.

2327 3126 2361 3158 tt.
2388 3118 2482 3156 Mus-
