2616 3686
514 156 856 238 LrssER
924 184 1018 232 IX.
1086 163 1659 243 EPISTOLA
1730 189 1926 242 xxvi.
2217 207 2314 266 677

184 283 200 310 ¹
225 274 370 330 dabis
391 274 615 343 pennas,
657 265 690 318 fi
723 278 902 316 tamen
935 262 987 314 c&
1019 259 1113 315 fibi
1136 262 1190 315 δε
1220 263 1317 315 tibi
1343 264 1656 334 placebunt:
1685 263 1723 318 si
1750 280 1958 324 tantum
1986 271 2100 338 sibi,
2140 281 2160 304 ²
2183 293 2311 331 con-

184 347 433 407 tinendos
462 359 622 396 cavea
642 383 658 408 ,
696 338 898 392 nidove
921 336 1147 392 curabis,
1192 333 1332 393 Vale.
2142 340 2156 345 ··

325 492 539 550 XXVI.
615 488 682 544 C.
759 485 1186 542 Pennus
1268 486 1752 549 LUPERco
1828 492 2006 547 Suo
2084 494 2137 548 S.

182 646 353 701 Genus
378 639 571 696 dicendi
589 642 642 693 c‘n
663 649 859 692 oratore
888 634 1068 710 probat
1089 637 1291 710 grande
1319 638 1384 698 ὢν
1415 640 1604 694 elatum
1632 681 1648 705 ,
1703 662 1760 697 uc
1799 661 2156 716 nonnunquam
2178 657 2308 700 utte-

255 731 467 774 nuatum
485 760 498 778 ,
540 733 626 789 quc
652 725 782 767 certo
793 713 991 785 semper
1016 714 1231 785 quodam
1255 716 1434 770 itinere
1447 717 1669 790 procedet
1691 757 1706 782 ,
1742 722 1820 772 itu
1843 731 1899 773 nt
1921 738 2073 792 neque
2092 720 2306 774 extolla-

249 807 368 857 tur,
407 809 560 865 neque
577 792 923 862 deprimatur,
961 798 1020 841 ut
1043 806 1126 842 res
1146 801 1331 863 angat,
1373 809 1467 845 non
1487 793 1624 848 recs‘c'e
1647 794 1806 848 dicere
1832 799 2079 869 opinatur.

326 941 403 997 lxi
430 941 500 996 de
529 939 771 1014 quodam
795 952 1014 996 oratore
1037 940 1198 996 seculi
1224 938 1428 1005 nostri,
1470 947 1484 975 ³
1507 940 1658 998 recto
1684 945 1905 1017 quidem
1933 947 1987 1001 δε
2020 944 2172 1011 san0,
2209 948 2301 1003 sed

328 1034 513 1090 parum
541 1015 731 1089 grandi
759 1015 811 1068 δέ
841 1032 1035 1072 ornato
1065 1055 1081 1080 ‚
1122 1029 1181 1070 ut
1207 1016 1410 1087 opinor
1432 1056 1447 1080 ‚
1501 1032 1656 1090 apte:
1708 1026 1727 1054 ⁴
1760 1018 1914 1075 Nchc'l
1947 1033 2110 1094 peccat
2145 1062 2158 1085 ‚
2183 1086 2187 1090 Β
2211 1024 2311 1093 nfi

177 1096 308 1167 quod
329 1090 458 1147 nthzl
479 1102 660 1164 peccat.
734 1095 747 1125 ⁵
775 1090 955 1145 Debet
980 1092 1122 1146 enim
1147 1105 1336 1145 orator
1365 1092 1495 1163 erigi
1525 1132 1542 1157 ‚
1595 1095 1796 1162 attolli,
1834 1097 2108 1151 interdum
2136 1097 2295 1154 etiam
2316 1128 2344 1161 2„

178 1167 524 1223 effervescere
551 1192 565 1230 3
619 1168 637 1195 ⁶
658 1162 873 1229 efferri,
930 1185 991 1220 ac
1021 1167 1175 1237 saepe
1196 1166 1460 1221 accedere
1489 1168 1556 1222 ad
1583 1186 1855 1241 praecepS.
1908 1172 2046 1226 Nam
2070 1172 2303 1241 plerum-

173 1259 281 1315 que
304 1244 420 1297 altis
449 1242 503 1296 δε
527 1239 742 1297 excellis
767 1239 1012 1310 adjacent
1040 1241 1264 1311 abrupta
1290 1259 1301 1294 :
1345 1248 1362 1278 ⁷
1382 1243 1547 1298 tutius
1574 1261 1669 1315 per
1695 1246 1848 1316 plana
1874 1286 1889 1310 ‚
1930 1246 2022 1301 sed
2050 1246 2302 1303 humilius

174 1319 228 1372 &
261 1315 550 1389 depreffius
577 1320 677 1371 iter
704 1333 716 1369 ε
757 1314 1094 1390 frequentior
1118 1315 1459 1372 currentibus
1483 1357 1499 1380 ‚
1552 1336 1714 1391 quam
1740 1321 2072 1392 reptantibus
2100 1323 2294 1391 lapsus:

169 1391 263 1447 sed
297 1393 374 1448 his
412 1410 524 1448 non
559 1389 858 1446 labentibus
893 1392 1035 1446 nulla
1056 1430 1074 1456 ‚
1127 1393 1144 1421 ⁸
1179 1391 1276 1446 illis
1310 1393 1567 1449 nonnulla
1595 1395 1705 1449 laus
1729 1435 1744 1460 ,
1799 1395 2004 1451 etiarnsi
2035 1397 2297 1454 labantur.

2157 1474 2299 1529 Nam

223 1552 255 1580 x.
283 1540 576 1590 Dahispennas.]
614 1539 726 1578 Dabis
756 1539 899 1588 copiam
923 1540 1192 1588 innotescendi,

168 1592 209 1630 δε
235 1591 477 1642 consequendi
498 1592 632 1629 famam
658 1590 876 1638 divulgando
887 1593 1195 1631 commilitonibus

170 1644 249 1682 tuis.
273 1643 301 1680 B
316 1656 338 1680 υ
351 1654 374 1679 c
387 1654 411 1679 H
426 1655 448 1679 Ν
465 1655 482 1679 t:
497 1656 532 1680 a.
560 1641 770 1680 Mediceus:
798 1643 888 1678 inter
908 1643 1043 1692 aquilas
1064 1644 1196 1681 nostras

164 1692 214 1732 de
232 1694 340 1731 alibus
358 1703 495 1739 pennas.
520 1692 621 1742 quod
639 1705 714 1730 non
729 1693 900 1739 intelligo.
930 1694 1039 1730 Arnz.
1055 1695 1196 1743 pinnas,

167 1755 276 1782 more
296 1745 488 1782 Veterum.
517 1746 609 1781 Mox
632 1741 733 1780 Voff.
757 1745 793 1780 ὃ(
816 1742 1060 1791 Mediceus:fi
1076 1755 1195 1782 tamen

160 1794 229 1842 fibi
248 1806 289 1833 ω’
309 1793 372 1832 tibi
383 1804 416 1844 p.
442 1794 493 1832 At
503 1794 656 1834 Helmst.
668 1795 780 1832 Arnz.
798 1793 1012 1832 &Ed.Vet.
1022 1794 1058 1844 st
1077 1806 1195 1833 tamen

166 1854 209 1883 (9·
219 1844 288 1893 fibi
302 1846 496 1894 placebunt.

216 1906 253 1933 2.
278 1895 531 1933 continendos
557 1895 704 1945 κνοω]
733 1895 1192 1942 Primariuszcontinend‘as,

164 1952 206 1982 ut
224 1946 394 1995 proximo
413 1947 588 1995 aptaverit
611 1947 761 1984 Nomen
782 1956 983 1985 commune
997 1976 1006 1991 ‚
1030 1959 1193 1996 quomo-

162 1995 213 2033 do
245 1996 374 2033 Sallust.
403 1996 430 2034 l.
459 1996 550 2035 Hist.
571 2006 687 2035 metus
714 2009 736 2033 a
768 1998 952 2047 Tarquaenio
984 2010 1025 2037 ca·
1056 1998 1191 2037 bellum

156 2060 266 2096 grave
286 2046 451 2098 politum.
481 2049 649 2086 Lucanus
679 2047 758 2087 Lib.
779 2047 866 2086 VII.
892 2059 946 2087 vs.
967 2061 1052 2095 44²·

209 2148 330 2186 Felices
351 2147 506 2194 Arabes,
532 2148 721 2198 Medique,
749 2149 1018 2199 Foaquetellus‚

208 2200 332 2247 Quam
344 2199 410 2249 sub
427 2199 588 2250 perpetuis
606 2210 788 2238 tenuerunt
799 2203 886 2248 fata
906 2199 1079 2250 tyrannis·

157 2298 213 2338 Sic
234 2299 290 2337 ille
311 2300 510 2349 aliquoties.

208 2361 242 2401 3.
270 2351 402 2399 Restm]
435 2351 532 2399 Quia
559 2361 679 2399 aequo
699 2349 775 2388 stilo
796 2351 960 2399 procedit
984 2379 995 2395 ‚
1038 2363 1106 2390 nec
1128 2352 1181 2391 di-

158 2401 262 2439 vertit
275 2401 318 2438 ab
336 2401 488 2439 instituta
508 2401 576 2439 via.
606 2401 637 2437 C
655 2415 673 2437 A
685 2411 711 2438 T
725 2414 744 2437 Α
760 2414 796 2438 N.
825 2405 965 2439 Reflum
976 2402 1045 2440 dici
1057 2404 1177 2452 ‚quod

159 2450 201 2489 fit
211 2451 248 2489 in
267 2452 331 2489 suo
351 2463 483 2499 genere
505 2451 703 2500 perfeetum
719 2479 730 2496 ,
755 2451 933 2499 producto
950 2453 1024 2490 hoc
1041 2454 1177 2492 multis—

158 2514 229 2552 que
258 2503 328 2540 aliis
357 2504 443 2540 locis
465 2530 474 2546 ,
510 2502 707 2540 observavit
742 2502 950 2540 Gronovius
982 2502 1026 2540 ad
1049 2503 1176 2543 Senec.

157 2553 264 2602 Epist.
287 2554 329 2590 C.
356 2553 435 2590 Nos
456 2553 632 2602 quaedam
658 2552 702 2590 ad
731 2552 810 2590 Lib.
832 2553 856 2590 l.
884 2551 992 2602 Epist.
1013 2553 1077 2591 IX.
1095 2567 1127 2591 n.
1142 2556 1178 2594 6,

157 2604 308 2642 Restant
324 2604 558 2655 sincerumque
581 2603 697 2640 vitam
717 2608 732 2638 !
775 2602 850 2640 Lib.
871 2605 918 2642 ΙΙ.
954 2602 1062 2651 Epist.
1078 2604 1176 2644 XIX.

160 2665 195 2692 n.
216 2655 250 2693 6.
284 2659 331 2691 Et
356 2660 440 2701 sane
466 2654 726 2704 quotusquisque
756 2665 831 2690 tam
861 2654 976 2691 rectus
1006 2653 1144 2692 auditor
1166 2683 1176 2700 ,

163 2717 257 2752 quem
289 2718 355 2742 non
380 2708 489 2748 totius
512 2705 628 2742 dulcia
650 2703 730 2741 haec
754 2732 765 2748 ‚
801 2717 907 2754 quam
937 2702 1069 2751 austera
1091 2705 1178 2743 dele-

162 2755 248 2791 Hent
264 2755 284 2792 Ρ

213 2816 246 2848 4.
274 2805 371 2843 Nihil
385 2816 499 2857 peccat
524 2834 534 2848 ‚
571 2805 636 2854 nist
663 2806 753 2855 quod
777 2805 866 2843 nihil
891 2803 1042 2854 peccat.]
1076 2805 1177 2853 Lege

162 2851 371 2901 interpretes
390 2870 405 2893 a
423 2858 431 2892 l
450 2857 656 2903 Longinum
680 2872 757 2900 περι
782 2856 877 2901 ὕφες
906 2856 1179 2894 Ξεέῖ.ΧΧΧΙΙΙ.

217 2915 249 2951 ς.
277 2904 378 2943 Debet
396 2910 482 2945 enim
504 2918 617 2944 orator
633 2906 750 2956 erigi]
788 2907 844 2945 M.
879 2907 930 2943 T.
955 2919 1039 2945 curn
1067 2908 1179 2946 multa

165 2952 211 2990 de
231 2962 368 2992 oratore
385 2957 493 2996 subtili
515 2959 550 2994 ὅ(
574 2959 765 2995 moderato
792 2956 998 2996 differuiss'et
1023 2987 1033 3003 ‚
1069 2956 1116 2995 fic
1135 2957 1179 2995 de

163 3004 261 3051 gravi
277 3005 453 3044 concludit
475 3021 483 3045 z
523 3008 626 3047 Illum
657 3022 737 3046 vere
767 3008 836 3046 dici·
847 3010 928 3058 poffe
950 3010 1154 3060 eloquentem
1169 3037 1180 3054 ,

164 3054 223 3106 qni
242 3053 383 3094 humilia
400 3056 559 3097 subtiliter
583 3087 596 3107 ‚
633 3069 673 3100 (7
689 3071 818 3111 magna
837 3060 989 3110 graviter
1013 3088 1024 3108 ,
1050 3070 1092 3102 ω’
1111 3072 1182 3100 me-

1267 1540 1394 1579 diocria
1426 1551 1627 1593 temperate
1650 1545 1752 1595 potest
1781 1547 1898 1584 dicere.
1960 1547 2059 1584 Nam
2094 1546 2296 1586 secundum

1266 1592 1414 1631 Fabium
1429 1596 1694 1639 ‚admirabilem
1715 1599 1918 1635 orationem
1939 1609 2015 1635 non
2034 1597 2084 1635 fic
2101 1598 2297 1647 quomodo

1264 1642 1425 1693 prodigia
1446 1648 1627 1684 miramur.
1655 1649 1687 1684 (j
1703 1659 1724 1683 A
1737 1661 1755 1683 τ
1775 1660 1796 1683 A
1811 1661 1849 1684 n.

1316 1696 1354 1733 6.
1382 1696 1539 1745 Efferri.]
1570 1696 1757 1735 Mediceus
1785 1709 1794 1735 :
1819 1697 1973 1742 hecferri.
1999 1699 2160 1738 Scribere
2181 1700 2299 1739 voluit

1264 1745 1380 1791 ecferri
1402 1773 1412 1790 ,
1449 1755 1488 1784 ut
1507 1746 1668 1785 solebant
1683 1748 1820 1797 antiqui
1849 1776 1858 1791 ,
1895 1750 1997 1799 quod
2019 1751 2171 1800 pluribus
2189 1762 2294 1788 com-

1264 1797 1498 1843 probavimus
1525 1797 1570 1835 ad
1610 1799 1690 1835 Lib.
1720 1798 1771 1836 V.
1805 1799 1916 1848 Epist.
1945 1801 2014 1840 VI.
2049 1813 2085 1839 n.
2110 1812 2168 1851 34.
2206 1802 2291 1840 Inde

1263 1847 1369 1884 etiam
1391 1848 1481 1897 rosas
1507 1847 1631 1887 ecfert.

1314 1908 1347 1945 7.
1377 1899 1497 1936 Tutius
1525 1927 1534 1936 .
1561 1927 1572 1938 .
1598 1927 1605 1936 .
1633 1900 1735 1950 item]
1767 1900 1938 1949 Optimus
1961 1914 1969 1938 :
1997 1901 2105 1938 titius.
2134 1902 2288 1942 Helmst.

1260 1947 1329 1986 Ed.
1364 1949 1451 1987 Vet.
1484 1950 1521 1987 Sc
1553 1950 1668 1988 Aldus
1687 1953 1753 1988 iter
1776 1960 1918 1988 mutant
1942 1953 1978 1989 in
1996 1952 2076 1988 item
2096 1980 2106 1996 ‚
2146 1954 2183 1990 ἃ
2202 1965 2288 1992 cum

1258 1998 1483 2049 sequentibus
1499 2001 1680 2050 jungunt:
1716 2002 1805 2040 item
1827 2003 2044 2053 frequentior
2066 2005 2292 2044 currentibus.

1258 2060 1462 2100 perperam.

1310 2101 1343 2139 8.
1370 2103 1444 2140 Illis
1459 2099 1625 2140 nonnulla
1647 2101 1725 2140 laus
1741 2102 1874 2154 etiamsi
1892 2102 2097 2156 labanum]
2129 2105 2226 2145 Nam
2249 2108 2286 2145 in

1257 2154 1394 2201 magnis
1414 2154 1506 2199 labi,
1531 2153 1745 2203 generosum
1769 2164 1955 2203 peccatum
1974 2155 2022 2193 est

1304 2256 1486 2299 Μεγάλως
1507 2255 1764 2292 ἀπολισθαίνειν
1779 2283 1790 2299 ,
1815 2256 1991 2303 ἁμάρτημ’
2009 2256 2152 2300 εὐγενές.

1254 2355 1340 2400 Qua
1363 2355 1398 2393 se
1418 2355 1591 2394 sententia
1621 2354 1810 2403 Longinus
1831 2355 1931 2394 solari
1955 2355 2035 2394 illos
2067 2357 2149 2396 dicit
2169 2385 2179 2401 ‚
2215 2360 2278 2407 qui

1250 2404 1486 2452 granditatem
1509 2405 1641 2443 secuti.
1658 2407 1696 2442 in
1716 2406 1854 2443 aridum
1878 2414 1987 2456 atque
2007 2407 2132 2446 inbelle
2153 2408 2278 2447 dicen-

1251 2454 1286 2493 di
1306 2468 1442 2504 genus,
1469 2457 1556 2494 dum
1580 2484 1592 2500 ,
1625 2464 1666 2493 ut
1688 2457 1854 2494 vitiosum
1879 2485 1890 2502 ,
1927 2459 2088 2497 maxime
2110 2459 2277 2506 fugiunt,

1248 2506 1420 2546 incidunt.
1475 2507 1640 2545 Similiter
1683 2505 1884 2546 Phaetonta
1933 2508 2087 2548 Ovidius
2134 2511 2279 2549 excusat

1248 2557 1441 2608 Epitaphio
1460 2560 1554 2607 ejus:

1302 2659 1365 2697 Hic
1377 2660 1465 2707 fitus
1485 2659 1528 2705 est
1551 2658 1704 2698 phaeton
1718 2688 1728 2704 ‚
1757 2672 1876 2697 currus
1895 2660 2017 2709 auriga
2034 2662 2170 2710 paterni
2183 2679 2194 2698 .-

1306 2710 1419 2757 Θέωνα
1429 2710 1464 2758 sc‘
1480 2723 1546 2747 non
1566 2712 1698 2755 tenuit,
1712 2713 1848 2759 magnis
1867 2722 1984 2748 tamen
2003 2713 2131 2749 excidit
2149 2711 2249 2751 aufis.

1251 2808 1393 2846 Laudat
1417 2811 1454 2847 ὅ(
1475 2810 1560 2848 illud
1579 2811 1730 2858 Vagellii
1749 2811 1883 2847 Seneca
1911 2811 1989 2848 Lib.
2010 2811 2043 2848 V
2049 2811 2076 2849 l.
2111 2812 2273 2852 Natural.

1250 2860 1397 2905 Quaest.
1423 2872 1499 2908 cap.
1521 2861 1568 2898 ΙΙ.
1591 2862 1625 2898 si
1647 2862 1839 2898 cadendum
1859 2860 1902 2905 esi
1922 2861 2009 2898 mihi
2032 2890 2043 2905 ‚
2067 2863 2173 2901 coelo
2193 2865 2274 2903 ceci-

1251 2908 1329 2958 diffe
1348 2910 1450 2946 velim
1469 2927 1479 2947 .·
1521 2910 1622 2960 quod
1643 2913 1680 2948 δε
1698 2911 1809 2960 ipsum
1827 2913 1897 2950 huc
1925 2913 2076 2961 pertinet
2118 2914 2142 2950 Β
2157 2929 2178 2951 n
2196 2927 2272 2952 cn-

1254 2973 1275 2996 Ν
1290 2973 1313 2997 Ε
1327 2973 1363 2997 n.
1390 2960 1514 3008 Vulgo
1534 2961 1661 2999 dabant
1679 2974 1688 2999 ι
1721 2962 1778 3007 sed
1799 2962 1851 2999 his
1871 2976 1936 3000 non
1958 2961 2148 3001 labentibus
2168 2966 2272 3002 nulla.

1250 3010 1323 3048 laus
1338 3038 1348 3055 ,
1374 3010 1439 3048 illis
1459 3011 1627 3049 nonnulla
1644 3013 1717 3050 laus
1739 3040 1749 3056 ,
1776 3014 1905 3064 etiamst
1926 3013 2103 3053 labantur.
2131 3016 2243 3053 Aldus
2262 3031 2270 3054 :

1256 3074 1320 3102 non
1338 3060 1528 3103 labentibus
1547 3063 1649 3102 nulla
1680 3063 1755 3100 laus
1774 3091 1784 3108 ,
1819 3063 1888 3105 illis
1908 3064 2074 3104 nonnulla
2092 3093 2105 3114 ,
2140 3066 2275 3116 etiams}¹

1606 3115 1645 3167 ‚Q
1659 3124 1755 3166 sqq
1782 3126 1803 3166 3
2152 3116 2275 3162 raca-..22
