2616 3686
476 210 820 278 LissER
885 208 952 258 x.
1020 182 1589 259 E'P1s'r0LA
1656 213 1768 264 cn.
1815 217 1950 271 (3111.

600 360 713 417 CII.

2168 233 2267 292 δι’
2324 276 2334 288 ..

787 358 1333 426 TRAJANus
1412 358 1814 433 Fumo.

342 513 651 588 Significat,
683 509 777 567 fibi
797 504 1096 581 jucundam
1124 505 1276 563 fuiss'e
1309 523 1412 580 pro
1439 507 1492 563 se
1516 520 1776 567 votorum
1799 527 2078 590 nuncupa-

876 583 1086 637 tionem
1106 583 1160 638 &
1184 582 1531 640 solutionem.

246 737 439 808 Olviffi
474 746 601 791 vota
638 731 759 786 Diis
796 728 1193 796 immortalibus,
1233 740 1282 784 te
1308 743 1604 804 praeeunte,
1648 748 1743 808 pro
1775 753 1887 791 mea
1926 738 2271 798 incolumitate

252 811 594 868 commilitones
626 825 737 862 cum
762 805 1165 881 provincialibus
1200 803 1453 874 laetiſjimo
1483 810 1706 883 consensu
1732 854 1749 880 ‚
1790 817 1805 842 ¹
1839 805 1994 872 &sin
2010 814 2268 891 futurum

150 886 468 963 nnncupaffe:
509 884 745 947 libenter,
783 885 852 936 mi
873 881 1092 937 Secunde
1109 879 1384 952 camffirm,
1420 888 1632 956 cognovi
1657 885 1820 942 literis
1842 891 1963 947 tuis.

599 1028 733 1088 CIII.
806 1028 1242 1086 PL1N1us
1319 1029 1822 1104 TRAJANO.

930 1177 1022 1234 Ob
1062 1177 1208 1233 diem
1248 1177 1482 1252 Imperii.

267 1333 530 1395 Nuntiat,
563 1327 691 1384 diem
733 1345 827 1403 qno
850 1324 1137 1478 snsclepcffiat
1171 1330 1432 1457 ι’ῗκῖενίκηι
1470 1329 1763 1403 Trajanus,
1799 1327 2146 1405 religiofiffime

985 1420 1034 1455 m
1079 1422 1101 1458 e
1140 1420 1188 1457 ce
1211 1422 1232 1458 e
1265 1415 1459 1459 ratum.

160 1567 177 1588 ²
387 1551 580 1616 IEM,
620 1553 673 1606 in
699 1567 865 1622 quem
901 1552 1068 1606 tutela
1106 1553 1313 1622 generis
1353 1551 1572 1607 humani
1605 1551 1903 1608 feliciffima
1942 1554 2277 1617 succeffione·

393 1626 638 1682 transsata
672 1626 779 1686 est,
832 1625 1010 1679 debita
1046 1627 1306 1697 religione
1354 1626 1777 1692 celebravimuS,
1828 1633 2276 1692 commendantes

154 1703 251 1758 diis
271 1704 480 1775 imperii
502 1701 582 1756 tui
611 1698 910 1755 auffiloribus
941 1699 994 1753 &
1022 1715 1150 1755 vota
1175 1700 1415 1773 publica,
1457 1702 1512 1755 &
1539 1701 1750 1773 gaudia.

212 1959 245 1988 x.
268 1948 317 1987 Et
338 1947 374 1986 in
389 1948 557 1995 futurum
575 1945 812 1998 nuncupasse]
841 1944 956 1984 Aliter
985 1947 1102 1986 nullus
1119 1956 1186 1986 ve-

1899 1803 2046 1864 CIV.
2087 1808 2148 1865 T
2162 1831 2198 1866 R
2218 1835 2277 1870 Λ-

1216 1951 1220 2007 l
1251 1948 1291 1987 in
1320 1955 1357 1987 te
1390 1950 1500 1989 tutela
1529 1956 1597 1988 cet.
1621 1957 1683 1988 aut
1712 1948 1808 1990 forte
1832 1951 1951 1991 adhuc
1979 1955 2128 1994 melium
2155 1959 2256 1999 Diem
2267 1968 2284 2007 ‚1

160 2006 281 2038 terum
300 1997 498 2042 librorum,
523 2009 572 2036 ne
592 1998 738 2047 quidem
760 1995 860 2035 Voff.
888 1998 988 2045 cujus
1005 1999 1090 2036 loco
1114 1999 1184 2046 pri·
1218 2014 1220 2047 l
1254 2011 1325 2048 qua
1345 2001 1454 2038 tutela
1472 2001 1601 2049 generis
1614 2001 1762 2038 humani
1763 2003 1950 2052 feliciffima
1952 2003 2146 2056 succeffione
2159 2020 2281 2050 trans.

160 2058 243 2087 mus
269 2049 451 2098 Gryphius
481 2049 520 2086 ὅτ
547 2050 624 2097 post
654 2060 738 2087 eum
766 2058 898 2085 omnes
916 2048 1185 2087 substituerunt:
1218 2059 1219 2093 j
1253 2049 1330 2086 lata
1353 2051 1416 2088 est.
1480 2051 1580 2089 Nam
1603 2062 1666 2100 per
1696 2051 1731 2089 se
1759 2062 1881 2101 patet,
1908 2053 1954 2093 de
1985 2058 2134 2095 nemine
2151 2060 2283 2101 intelli-

158 2100 450 2148 institutumque
473 2099 682 2148 nuncupaffe.
707 2098 811 2137 Haec
829 2097 961 2143 lenio,
988 2100 1050 2137 etsi
1069 2110 1184 2136 nemo
1217 2096 1220 2148 l
1252 2100 1440 2147 gendum,
1464 2102 1614 2140 tutelam
1646 2105 1786 2150 generis
1821 2104 1974 2143 humani
2011 2106 2072 2144 illo
2110 2116 2281 2161 tempore

159 2151 338 2189 rationem
370 2151 446 2199 ejus
469 2149 659 2188 reddiderit
678 2177 690 2195 ,
722 2150 757 2187 se
781 2149 950 2187 omnibus
977 2148 1072 2187 adeo
1098 2160 1182 2197 pro·
1217 2154 1220 2195 l
1252 2151 1455 2190 transsatam
1480 2153 1517 2190 in
1535 2163 1620 2190 eum
1642 2151 1744 2190 fuiffe
1766 2165 1878 2203 quam
1897 2156 1934 2192 in
1955 2155 2184 2205 Trajanum;
2213 2160 2285 2201 Vi-

160 2199 279 2244 bavit,
306 2207 346 2238 ut
382 2202 489 2240 etiam
519 2200 748 2237 Casaubonus
776 2201 814 2236 ὅ(
843 2200 967 2236 Minos
985 2211 1062 2237 non
1084 2200 1184 2238 dubi-

159 2251 336 2293 taverint,
365 2260 447 2288 eam
466 2250 504 2287 in
526 2257 665 2287 textum
692 2251 850 2298 recipere
865 2277 874 2293 ,
912 2250 949 2287 in
969 2250 1040 2288 hoc
1060 2258 1186 2288 tamen

158 2352 195 2388 in
215 2351 376 2398 margine
395 2349 622 2387 servaverint.
673 2350 777 2387 Leve
799 2350 869 2393 est,
904 2349 985 2397 post
1009 2351 1184 2388 eumdem

159 2400 366 2457 Gryphium
395 2400 551 2448 plurimis
582 2399 675 2437 Edd.
706 2400 836 2455 ‘paullo
875 2398 975 2447 supra
1014 2401 1187 2438 intrusum

161 2600 197 2638 L
207 2615 230 2638 o
247 2614 271 2639 N
287 2614 312 2639 G
329 2613 352 2638 o
365 2614 385 2638 1.
398 2614 411 2638 1
426 2613 448 2638 u
463 2612 489 2639 s.

208 2662 245 2688 2.
273 2653 401 2695 Diem,
427 2651 463 2688 in
494 2663 592 2700 quem
624 2649 756 2692 tutela,
783 2649 879 2699 wc]
916 2649 1072 2687 Videtur
1101 2650 1185 2689 scri*-

165 2698 283 2746 psiffe:
311 2702 436 2742 Diem,
466 2714 530 2750 quo
556 2700 592 2737 in
619 2710 651 2736 te
669 2700 776 2737 tutela
797 2700 924 2748 generis
943 2699 1091 2738 humani
1102 2702 1187 2747 feli·

168 2749 284 2794 ciffzma
308 2753 402 2799 succe
426 2765 497 2789 zone
533 2752 704 2800 translata
740 2749 794 2797 est.
822 2750 1048 2787 GRoNov.
1100 2752 1182 2788 Nec

169 2807 238 2844 ego
257 2799 430 2845 diffiteor,
454 2802 544 2839 haec
559 2828 568 2844 ‚
605 2809 644 2837 ut
672 2801 709 2837 in
733 2799 825 2837 libris
855 2800 1177 2844 circumferuntur,

165 2844 261 2884 haud
280 2851 475 2889 commode
494 2850 687 2888 cohaerere
699 2877 708 2892 ,
723 2851 894 2887 remotius
911 2857 1032 2886 tamen
1054 2861 1073 2886 a
1093 2851 1185 2888 libris

166 2895 253 2933 nihil
273 2898 320 2934 est
352 2901 586 2939 Gronoviana
615 2899 897 2941 emendatione,
923 2908 963 2936 ut
992 2900 1132 2948 petius,
1159 2899 1183 2936 fi
1219 2896 1222 2954 ’ᾗ

168 2954 242 3000 qna
270 2944 350 2986 licet
382 2950 576 3000 refingere‚
603 2952 784 2988 veriorem
828 2949 985 2987 indicent
1017 2949 1118 2985 Vofl‘.
1148 2950 1184 2986 δί

166 3004 329 3042 princeps
357 2997 421 3035 Ed.
449 3001 499 3038 lta
528 3001 623 3038 enim
658 3000 704 3038 ibi
727 3000 876 3048 legitur:
906 3000 1006 3036 Diem
1026 3010 1121 3047 quae
1147 3000 1183 3036 in

167 3044 281 3093 tutela
299 3053 368 3084 cet..
388 3047 432 3085 ad
453 3061 543 3099 quae
574 3052 740 3100 proxime
764 3050 902 3091 accedit
922 3063 931 3089 ε
962 3049 1085 3096 Diem,
1112 3060 1184 3099 <ll-1²
1220 3048 1227 3096 l

1218 2220 1219 2246 1
1254 2201 1321 2246 de,
1347 2202 1373 2238 fi
1400 2203 1536 2250 placet,
1563 2203 1671 2251 Epist.
1698 2204 1726 2240 Ι.
1751 2204 1857 2252 hujus
1885 2205 1973 2243 libri.
1999 2206 2157 2257 ideoque
2185 2212 2284 2250 Gro-

1218 2252 1220 2298 ξ
1253 2253 1354 2291 novii
1374 2252 1622 2291 additamento
1642 2254 1679 2292 in
1701 2264 1733 2291 te
1754 2255 1839 2292 nihil
1857 2266 1948 2303 opus
1971 2256 2032 2293 est.
2083 2258 2207 2299 Potuit
2227 2270 2281 2301 ta-

158 2311 245 2349 prae
276 2300 400 2337 ceteris
428 2299 618 2343 laudandi,
644 2298 745 2348 quod
774 2300 958 2348 antiquam
985 2300 1183 2339 lechonem
1218 2303 1220 2312 ⁴

1255 2313 1342 2340 men
1362 2304 1470 2341 etiam
1491 2304 1631 2353 vulgata
1650 2303 1757 2342 leffio
1779 2316 1799 2342 a
1820 2305 1938 2343 Plinio
1958 2304 2030 2344 effe
2049 2318 2112 2356 per
2130 2309 2281 2359 figuram

1253 2353 1505 2398 ἀνακόλουθον,
1531 2366 1551 2391 a
1582 2365 1653 2403 qua
1678 2354 1780 2392 illum
1811 2365 1888 2392 non
1915 2356 2019 2404 plane
2040 2358 2281 2408 abhorruiffe,

159 2450 264 2488 fuiffe
295 2462 362 2495 ω’,
389 2462 525 2498 nempe
555 2449 809 2491 incolumitate,
849 2449 887 2486 ὅ(
923 2449 1188 2495 commilitones,
1218 2427 1220 2476 ἒ
1255 2409 1352 2450 patet
1377 2414 1424 2440 ex
1459 2402 1570 2452 Eplst’
1596 2404 1773 2443 XXXIV·
1797 2415 1834 2442 n·
1865 2416 1896 2442 L
1925 2406 2004 2454 Ego
2036 2417 2154 2448 mmm
2182 2413 2282 2459 aestz-

159 2501 263 2550 quod
291 2501 365 2538 fine
393 2500 503 2538 dubio
536 2511 581 2537 ex
610 2499 795 2548 posteriori
810 2500 922 2537 littera
943 2500 1189 2539 antecedentis
1219 2506 1221 2534 l

159 2552 262 2589 vocis
282 2560 404 2589 ortum
428 2550 475 2588 est
491 2578 502 2595 ‚
526 2551 650 2599 qualia
668 2551 780 2587 multa
809 2550 933 2599 passim
967 2552 1188 2589 notavimus.
1219 2564 1221 2587 l

1256 2465 1358 2489 mans
1400 2466 1530 2490 novum
1552 2454 1625 2502 fieri
1656 2454 1775 2491 debere
1795 2483 1804 2497 ‚
1834 2455 1964 2493 videris
1989 2458 2078 2496 mihi
2115 2462 2280 2512 desiderio

1257 2516 1370 2539 eorum
1409 2504 1582 2552 indulgere
1609 2503 1701 2552 poffit.
1736 2504 1797 2542 ubi
1827 2505 1922 2543 vide.
1958 2505 2028 2545 Sed
2052 2508 2281 2557 diffic11e‚in

1255 2553 1328 2590 hoc
1346 2555 1496 2602 negotio
1517 2555 1644 2592 certius
1672 2554 1759 2603 quid
1787 2556 2016 2595 constituere.
2043 2559 2206 2599 Verbum
2229 2575 2282 2600 ce-

1256 2602 1406 2649 lebrare,
1433 2605 1534 2651 quod
1564 2616 1652 2642 mox
1684 2605 1842 2654 sequitur
1865 2633 1875 2650 ,
1912 2607 2066 2645 excitato
2098 2611 2180 2649 loco
2207 2613 2281 2651 hoe

1256 2655 1396 2701 optime
1436 2655 1617 2693 illustravit
1660 2654 1859 2694 Broukhus.
1893 2657 1938 2694 ad
1973 2657 2107 2696 Tibull.
2145 2662 2223 2699 Lib.
2249 2664 2281 2702 I.

1255 2704 1356 2751 Eleg.
1382 2703 1449 2742 III.
1466 2717 1517 2744 vs.
1533 2705 1699 2753 33.Vide
1718 2707 1805 2743 item
1827 2707 1916 2743 infra
1935 2706 1979 2743 ad
1997 2707 2101 2756 Epist
2118 2711 2287 2754 CXVII.-

1256 2764 1292 2789 n.
1331 2765 1362 2791 1.
1401 2755 1480 2793 Lib.
1518 2755 1584 2792 IX.
1611 2754 1719 2802 Epist.
1747 2755 1906 2792 XXVII.
1933 2764 2019 2793 extr.
2051 2759 2147 2797 Vides
2173 2775 2285 2801 auam

1257 2815 1324 2839 non
1347 2802 1494 2841 delicata
1513 2818 1565 2842 me
1583 2805 1694 2852 caussa
1711 2805 1810 2842 obire
1825 2805 1976 2853 primum
1997 2800 2209 2850 Consulatiis
2230 2817 2283 2853 tui

1220 2886 1221 2891 ,
1256 2853 1353 2890 diem
1375 2866 1440 2890 non
1453 2854 1575 2909 sinat,
1604 2867 1703 2902 quem
1723 2865 1840 2891 tamen
1862 2853 1917 2892 hic
1947 2869 2075 2907 quoque
2089 2888 2098 2902 ,
2123 2871 2162 2896 ut
2177 2871 2286 2911 prae--⁴

1246 2903 1346 2950 sens,
1376 2904 1500 2945 vobis,
1535 2902 1692 2949 gaudio,
1711 2905 1950 2951 gratulatione
1975 2909 2171 2947 celebrabo.
2200 2914 2281 2954 Lib.

1256 2953 1301 3008 X.
1329 2952 1435 2999 Epist.
1464 2948 1641 2991 XXVIII.
1664 2964 1701 2989 n.
1725 2965 1760 2990 2.
1787 2955 1942 2994 natalem
1965 2965 2069 2998 tuum
2092 2960 2128 2999 in
2144 2964 2286 3011 provin-

1256 3013 1310 3040 cm
1335 3002 1523 3044 celebrare.
1552 3003 1586 3041 L
1601 3016 1623 3041 0
1637 3015 1661 3040 N
1676 3013 1700 3041 o
1716 3017 1740 3041 ο
1752 3015 1772 3041 ι.
1786 3017 1800 3043 1
1811 3016 1834 3043 u
1848 3016 1882 3045 s.-

2111 3119 2142 3149 ἕ.
2172 3117 2200 3148 C
2204 3122 2273 3148 cm*-
