2616 3686
561 199 897 254 LIBER
965 195 1080 243 111.
1149 189 1717 240 EP18TOLA
1783 192 1885 240 IX.

639 317 654 341 ‚
691 273 838 346 quod
877 269 1032 325 initio
1071 263 1440 324 dubitabatur,
1475 279 1541 315 an
1577 263 1800 315 omnino
1840 263 2044 316 crimen
2094 265 2240 320 effet.

697 347 710 367 ¹
749 345 996 400 Clavium
1034 338 1265 394 Fuscum
1290 373 1307 398 ‚
1344 332 1558 388 Claffici
1598 348 1857 401 generum
1882 370 1899 394 ,
1937 334 1991 385 &
2028 340 2044 356 ²
2082 335 2238 388 Stilo-
2292 335 2345 381 18

823 412 1099 469 Tribunus
1139 407 1380 465 cohortis
1419 404 1511 459 sub
1551 401 1782 457 Classico
1822 402 1993 455 fuerat
2018 442 2033 465 ‚
2085 422 2253 459 acen--

999 480 1181 538 Prisco
1231 482 1288 534 in
1323 477 1600 532 biennium
1640 481 1655 505 ⁴
1696 474 1833 528 ltalia
1870 474 2240 530 inter-diflum:

881 557 1111 611 Aetione
1161 544 1861 607 tertia'commodiflimum
1915 547 2242 615 putavimuS,
2297 558 2355 597 19

796 647 864 686 ne
911 629 945 682 fi
985 627 1193 697 longius
1227 623 1363 677 effet
1396 619 1628 676 extracta
1669 618 1910 688 cognitio
1934 653 1949 678 ‚
2006 617 2242 672 satietate

156 305 316 364 grave
351 285 514 342 visum
552 278 626 333 est

157 362 284 420 Post·
315 371 508 430 paucos
547 350 660 406 dies

156 437 302 491 nium
343 426 606 485 Priscum,
644 421 736 492 qui
773 434 787 460 ³

155 505 376 562 favimus
410 539 424 561 ‚
475 494 662 565 dispari
711 500 921 545 eventu.

156 576 422 631 absolutus
471 567 545 624 est
595 564 804 620 Fuscus,

157 649 333 719 plures
382 651 746 711 congregare:

2151 209 2238 258 2¹3

160 720 217 773 &
256 713 439 771 taedio
470 709 700 783 quodam
733 701 929 774 justitia
965 696 1410 771 cognoscentium
1449 691 1808 760 severitasque
1848 689 2240 758 languesceret:

159 789 390 859 alioquin
438 783 738 852 supererant
791 776 1024 829 minores
1073 771 1195 831 rei,

159 861 263 916 vati
279 858 339 912 :-⁵
379 865 600 924 excepta
638 863 813 904 tamen

1234 767 1355 821 data
1394 781 1555 836 opera
1591 763 1732 816 hunc
1770 762 1824 815 in
1860 761 2037 814 locum
2077 761 2246 816 reser-

853 843 1068 902 Claffici
1103 856 1304 902 uxore,
1340 853 1476 907 quae
1513 836 1643 889 ficut
1693 833 1943 903 implicita
1994 832 2246 902 suspicio-

159 932 309 987 nibus
323 967 340 993 ,
378 929 450 982 ita
483 941 590 979 non
622 921 745 976 satis
783 918 1036 973 convinci
1073 909 1476 987 probationibus
1527 905 1632 960 visa
1681 903 1769 958 est.
1844 905 1981 959 Nam
2033 904 2248 960 Claflici

158 1003 293 1064 filia,
332 1016 468 1070 quae
506 996 561 1048 δε
598 993 702 1064 ipsa
741 992 884 1046 inter-
920 1004 1040 1043 reos
1077 997 1190 1040 erat
1215 1023 1231 1047 ‚
1261 1000 1353 1053 xne
1391 976 1768 1050 suspicionibus
1807 975 2031 1058 quidem
2067 973 2086 996 ⁶
2124 977 2248 1032 hae-

156 1073 313 1130 rebat.
389 1071 568 1140 Itaque
618 1081 741 1119 cum
790 1063 858 1117 ad
906 1076 1109 1116 nomen
1157 1057 1267 1127 ejus
1317 1055 1372 1108 in
1422 1063 1663 1106 extrema
1729 1049 1935 1102 achone
1997 1048 2249 1105 venissem

157 1148 360 1216 (neque
410 1144 550 1197 enim
600 1150 657 1192 ut
705 1136 859 1190 initio
887 1172 914 1196 ‚-

956 1132 1024 1186 sic
1064 1132 1224 1185 etiam
1263 1129 1316 1181 in
1354 1125 1460 1180 fine
1499 1120 1798 1176 verendum
1839 1131 1950 1173 erat
1975 1157 1990 1181 ‚
2048 1135 2116 1172 ne
2154 1137 2249 1188 per

152 1217 254 1271 hoc
294 1215 469 1277 totius
493 1208 837 1267 accusationis
860 1202 1142 1259 austoritas
1167 1198 1536 1262 minueretur)
1579 1189 2001 1247 honestiflimum
2040 1192 2254 1246 credidi

154 1286 324 1343 ⁷non
372 1304 405 1358 p

409 1300 616 1341 remere
663 1282 1083 1335 immerentem:
1124 1273 1292 1343 idque
1330 1270 1499 1340 ipsum
1536 1265 1650 1320 dixi
1690 1263 1744 1318 δε
1785 1263 1957 1318 libere
1997 1262 2051 1315 &
2091 1263 2250 1318 varie.

2297 917 2358 951 20

150 1360 297 1415 Nam.
325 1360 494 1414 modo
532 1357 733 1426 legatos
770 1346 1201 1420 interrogabam,
1239 1342 1576 1409 docuiffentne
1626 1354 1707 1391 me
1757 1334 2005 1407 aliquid,
2052 1340 2069 1367 ⁸
2120 1334 2258 1408 quod
2299 1357 2354 1393 21

225 1582 241 1607 1
281 1568 452 1605 Clavium
495 1566 650 1613 Fuscum.
682 1560 700 1608 ]
752 1559 919 1605 Bongars.
967 1557 1162 1596 Lindenbr.

149 1616 304 1657 Helmst.
340 1618 464 1654 Oxon.
505 1617 542 1653 &
577 1613 642 1650 Ed.
680 1610 768 1647 vet.
804 1616 939 1645 vocant
965 1608 1159 1646 Claudium

151 1671 310 1719 Fuscum.

201 1732 222 1756 2
251 1718 436 1755 Stilonium
469 1711 674 1764 Priscum]
716 1708 788 1746 Alii
806 1708 932 1756 legunt
955 1707 1130 1746 Tilom‘um
1147 1737 1157 1753 ,

149 1770 316 1807 nonnulli
341 1798 350 1812 ‚
379 1767 610 1804 Chilonium:
640 1767 737 1799 tanta
759 1758 1019 1806 exemplarium
1043 1760 1158 1795 varie-

148 1826 220 1857 tate
253 1818 514 1857 confundente.
553 1815 705 1851 Cum.
742 1808 912 1847 Tilonium
943 1811 981 1847 in
1003 1807 1157 1846 Helmst.

149 1872 262 1917 reperi
287 1897 296 1912 ,
324 1867 424 1905 Voss.
450 1870 487 1905 ὃς
511 1863 705 1902 Lindenbr.
726 1858 909 1897 Stilonium
934 1886 945 1903 ,
985 1857 1045 1895 sed
1067 1858 1158 1896 Lin-

151 1917 273 1954 denbr.
297 1929 477 1966 praetcrea
501 1914 701 1952 Chilonium
725 1909 920 1947 adnotavit.

203 1979 220 2014 3
252 1968 422 2004 Tribunus
442 1963 622 2012 cohortis]
650 1958 1157 2010 Unaquaequelegiodecem

150 2018 320 2054 cohortes
354 2016 591 2054 continebat:
632 2014 744 2061 prima
777 2009 907 2046 cohors
940 2010 1090 2058 reliquas
1120 2012 1158 2047 &

149 2076 307 2104 numero
330 2068 484 2104 militum
509 2093 519 2110 ,
557 2066 594 2102 &
615 2063 784 2111 dignitate
806 2059 1064 2108 praecedebat:
1094 2071 1158 2107 pe-

151 2115 239 2153 dites
262 2118 409 2154 habebat
428 2115 524 2153 mille
546 2123 694 2152 centum
716 2111 877 2160 quinque
902 2138 912 2154 ‚
942 2111 1080 2159 equites
1102 2110 1159 2146 lo-

149 2168 433 2206 ricatosccntuin
453 2166 593 2213 triginta
614 2164 727 2201 duos:
756 2162 815 2198 cui.
837 2168 1000 2210 praeerat
1020 2160 1159 2197 Tribu-

147 2226 214 2254 nus
246 2219 395 2265 major:
436 2227 477 2252 ac
498 2215 665 2263 deinceps
699 2220 860 2249 caeterae
891 2210 1154 2259 sequebantur:

147 2278 305 2314 quorum
330 2267 483 2305 militum
504 2275 701 2302 numerum
722 2261 864 2299 Flavius
887 2260 1065 2307 Vegetius
1079 2287 1089 2304 ,
1118 2262 1157 2298 ὃς

147 2328 232 2354 eum
268 2317 402 2355 secutus
433 2316 479 2354 ad
511 2315 664 2354 verbum
695 2310 883 2350 Modestus
922 2309 1156 2348 tradiderunt.

152 2366 304 2404 (ΖΑ-[ΑΝ.
348 2373 356 2380 ’

193 2430 215 2463 4
247 2417 353 2454 Italia
385 2413 658 2462 interdifiumff
691 2415 858 2451 Dicimus
888 2413 925 2450 &
957 2411 1157 2448 interdicere

146 2465 252 2503 alicui
282 2468 430 2517 aliquid.
488 2469 543 2505 Sic
576 2464 721 2503 Cornel.
760 2464 886 2509 Nepos
924 2461 1156 2497 Hamilcare:

147 2518 236 2565 quod
263 2529 386 2553 earum
419 2517 569 2554 nuribus
600 2526 667 2550 non
693 2522 829 2562 poterat
862 2509 1020 2547 interdici
1045 2510 1157 2558 socero

146 2577 251 2614 gener.
303 2567 424 2611 Justin.
464 2566 543 2603 Lib.
581 2564 686 2600 XVI.
714 2563 765 2599 cui
791 2562 949 2609 patriam
967 2560 1160 2596 interdixe-

150 2628 242 2654 rant.
294 2616 392 2654 Vide
439 2617 607 2653 Gronov.
656 2615 701 2652 ad
751 2613 852 2650 Seu.-
880 2608 986 2657 Epist.
1014 2608 1157 2646 XVIII.
1190 2592 1196 2634 ¹

154 2663 305 2710 ‚VEENffi

204 2728 221 2763 ς
248 2717 445 2766 Excepta]
486 2718 585 2764 Quia
618 2726 694 2752 non
728 2720 800 2750 crat
832 2712 955 2750 minor
978 2738 987 2754 ,
1026 2719 1066 2748 ut
1090 2711 1159 2747 alii.

159 2763 251 2802 Nam
281 2768 319 2803 δε
351 2767 610 2805 Proconsulum
641 2775 774 2801 uxores
801 2771 981 2809 coguntur
1011 2761 1056 2798 ad
1079 2760 1158 2798 red-

163 2809 307 2867 df'nflam
338 2818 526 2854 rationem.
578 2816 738 2862 Julianus
763 2842 772 2857 ,
810 2813 846 2849 ff.
875 2815 1019 2862 primo:
1053 2810 1161 2856 Profi-

165 2859 236 2906 ctsct
259 2874 370 2901 autem
404 2866 640 2916 Proconsulem
671 2863 795 2902 melius
839 2864 976 2912 quidem
1012 2861 1055 2907 est
1083 2861 1159 2908 sine

166 2920 264 2946 “²⁰70
287 2938 296 2954 ι
322 2915 443 2961 sedv·
465 2928 542 2953 cum
565 2929 668 2953 uxore
689 2912 793 2962 potest
816 2941 825 2957 ,
864 2913 1051 2950 dummodo
1066 2911 1161 2959 sciat

165 2962 326 3013 Senatum
336 2967 438 3000 Cotta
458 2977 498 3004 <5-
521 2965 665 3014 Meffala
686 2963 771 3012 Coff]
793 2962 943 3012 censuisse
959 2963 1132 3009 futurum
1146 2988 1156 3004 ,

165 3018 206 3041 “¹
222 3004 253 3054 fi
274 3010 352 3062 ‘1⁸¹4
366 3025 480 3051 uxores
501 3028 615 3052 eorum
630 3042 641 3058 ‚
668 3015 724 3064 qui
745 3014 793 3050 ad
813 3012 923 3060 officia
942 3010 1162 3059 proficiscun-

168 3066 226 3092 *κ’
241 3083 251 3101 2
277 3056 495 3110 d‘h‘iloerint,
518 3064 561 3102 ab
579 3062 652 3115 ipsis
675 3065 765 3117 ratic
789 3073 833 3104 <7⁶
851 3061 1015 3116 vindicta
1038 3061 1158 3111 exiga-

2193 1425 2253 1463 ΓΒ

1232 1563 1302 1589 tur.
1339 1551 1410 1588 CA
1426 1564 1448 1589 τ
1465 1563 1535 1588 AN.
1576 1549 1760 1598 Gryphius
1793 1546 1904 1584 edidit
1929 1559 1937 1583 :
1977 1554 2109 1595 recepta
2131 1555 2254 1583 tamen

1236 1600 1370 1649 Claffici
1404 1615 1509 1639 uxore
1531 1629 1540 1645 ‚
1580 1598 1682 1649 quod
1706 1596 1856 1648 quidem
1879 1599 1917 1634 in
1941 1597 2105 1635 emtione
2126 1595 2255 1634 vendi*-

1233 1654 1335 1691 tione
1367 1663 1443 1688 non
1475 1652 1569 1688 male
1601 1661 1668 1698 pro
1698 1657 1836 1696 excepta
1868 1646 2019 1690 dicitur,
2047 1647 2084 1684 in
2102 1646 2171 1684 hac
2191 1658 2254 1685 au-

1233 1711 1309 1740 tem
1323 1701 1529 1738 ‘verborum
1550 1700 1637 1736 serie
1657 1700 1912 1746 importunum
1937 1695 1994 1734 est.
2253 1695 2255 1697 ’

1282 1751 1304 1788 6
1334 1749 1550 1798 Haerebat.]
1582 1749 1722 1786 Scilicet
1744 1756 1786 1785 ut
1805 1747 1918 1794 {upra
1950 1746 2117 1796 implicita
2140 1748 2256 1797 suspi-

1234 1800 1384 1841 cionibus
1410 1801 1572 1843 dixerat,
1599 1797 1647 1837 fic
1667 1796 2031 1840 subdidithaerebat,
2058 1798 2160 1846 quod
2174 1810 2255 1836 ver-

1232 1854 1321 1891 bum
1356 1851 1401 1889 de
1435 1851 1498 1888 illis
1530 1851 1640 1888 etiam
1664 1876 1674 1892 ,
1702 1849 1765 1898 qui
1788 1876 1799 1892 ,
1834 1847 1949 1885 veluti
1970 1847 2121 1884 acceffio
2144 1860 2257 1895 quae-

1233 1903 1341 1944 dam,
1371 1902 1444 1940 aliis
1465 1901 1685 1943 adhaerent,
1715 1900 1897 1947 eleganter
1919 1897 2114 1946 usurpatur.
2157 1898 2255 1937 Vide

1235 1954 1473 1992 Gronovium
1497 1952 1542 1989 ad
1565 1951 1664 1987 Livii
1686 1949 1766 1986 Lib.
1789 1948 1837 1984 V.
1859 1959 1935 1996 cap.
1959 1948 2006 1984 Il.

1287 2017 1303 2050 7
1338 2009 1420 2040 Non
1442 2013 1608 2051 premere
1631 1998 1913 2047 immerentem]
1947 1999 2002 2036 Sic
2025 1997 2116 2035 infra
2138 2008 2172 2034 n.
2199 2010 2254 2047 34.

1232 2060 1326 2092 Cum
1374 2051 1520 2099 Castam
1551 2051 1763 2099 ‘accusarem
1789 2077 1799 2094 ‚
1837 2048 1925 2086 nihil
1973 2049 2084 2097 magis
2139 2048 2254 2096 pressi.

1232 2105 1260 2142 B
1276 2119 1297 2141 A
1312 2119 1335 2142 R
1356 2118 1378 2142 τ
1393 2116 1428 2140 n.
1456 2103 1615 2152 Aptiora
1638 2100 1804 2140 dedimus
1828 2099 1874 2139 ad
1895 2101 2038 2139 Lucani
2052 2098 2144 2136 Lib.
2167 2099 2255 2137 V11.

1234 2165 1287 2192 vs.
1317 2156 1399 2202 870.

1282 2254 1395 2341 Qidb
1416 2264 1531 2291 totum
1560 2253 1722 2302 premitis
1746 2279 1757 2296 ,
1802 2251 1885 2302 qaid
1927 2261 2042 2289 totum
2074 2249 2253 2288 absolvitis

1337 2318 1373 2341 ΟΥ
1398 2317 1463 2341 em.
1950 2318 1955 2323 “

1284 2403 1304 2439 8
1331 2405 1436 2451 Quod
1469 2401 1680 2453 reprobari]
1721 2403 1775 2439 Ita
1805 2403 1955 2444 malim,
1985 2411 2095 2449 quam
2127 2408 2166 2437 ut
2186 2400 2251 2438 hau

1233 2451 1357 2490 &enus
1382 2455 1515 2501 vn'gati
1531 2481 1540 2496 ‚
1563 2454 1653 2501 quod
1673 2451 1839 2500 probari,
1858 2451 1943 2488 illud
1967 2464 2064 2487 ream
2083 2450 2251 2499 probari,

1231 2502 1332 2550 quod
1354 2507 1532 2551 margines
1556 2501 1696 2539 obsidet
1711 2530 1720 2546 ‚
1749 2512 1869 2551 neque
1893 2511 1967 2538 crat
1984 2501 2022 2538 in
2043 2501 2113 2537 Pal.
2127 2512 2250 2549 neque

1230 2555 1265 2589 in
1290 2561 1375 2589 vett.
1400 2553 1480 2590 edd.
1511 2553 1697 2589 Gitumi.
1725 2552 1817 2588 Non
1837 2550 1947 2588 video
1973 2579 1982 2595 ,
2010 2551 2099 2600 quid
2118 2551 2177 2588 hic
2200 2551 2250 2588 fa-

1230 2605 1295 2639 ciat
1318 2602 1403 2640 illud
1425 2601 1610 2652 reprobari.
1667 2601 1779 2639 Certe
1803 2600 1828 2638 fi
1849 2601 1936 2651 quid
1962 2630 1971 2646 ,
2000 2600 2103 2650 quod
2127 2612 2253 2648 repro·

1229 2653 1301 2690 bari
1333 2652 1447 2701 pollet
1473 2681 1482 2696 ‚
1523 2652 1722 2689 docuerant
1741 2680 1751 2696 ,
1791 2651 1827 2689 id
1859 2652 2041 2699 reprobari
2073 2662 2150 2687 non
2172 2660 2249 2688 tam

1230 2702 1416 2740 confidere
1440 2701 1650 2746 debebant,
1677 2713 1789 2751 quarn
1824 2710 1998 2738 metuere.
2054 2701 2150 2737 Puto
2185 2701 2251 2747 igi-

1227 2760 1285 2789 tur
1318 2752 1479 2791 difflue&
1511 2752 1695 2790 vocabulis
1719 2752 1859 2788 duobus
1882 2749 2129 2788 scribendum:
2159 2753 2253 2798 quod

1230 2815 1267 2841 re
1290 2804 1430 2852 probari
1449 2803 1531 2852 posJe
1554 2802 1773 2850 confiderent.
1812 2802 1996 2838 sententia
2029 2799 2076 2837 cst
2099 2828 2109 2844 ‚
2138 2801 2250 2850 quae-

1232 2853 1344 2891 1iviil'e
1367 2855 1502 2901 legatos
1524 2882 1533 2897 ‚
1561 2864 1606 2889 an
1629 2851 1952 2900 quod-docuerant
1970 2850 2085 2899 ipsum
2110 2849 2155 2887 de
2177 2848 2248 2888 filia

1233 2905 1369 2942 Classici
1391 2931 1401 2946 ‚
1440 2902 1477 2940 id
1509 2901 1736 2940 confiderent
1766 2913 1802 2938 re
1835 2901 1905 2948 ipsa
1937 2898 2036 2949 posse
2080 2900 2270 2946 probari⁹>

1231 2954 1301 2992 eil‘c
1332 2954 1460 2992 scilicet
1492 2963 1589 2990 ream
1625 2953 1700 2989 eius
1733 2951 1913 2993 criminis,
1941 2951 2040 2987 cuius
2061 2948 2247 2987 insimulat«

1228 3006 1329 3041 batur
1343 3033 1352 3049 ,
1381 3012 1491 3053 atque
1512 3004 1557 3039 ita
1579 3003 1646 3039 hac
1668 3001 1952 3048 interrogatione
1976 2998 2165 3036 ostendisse
2179 3000 2247 3037 du.

1228 3056 1444 3095 bitationem
1466 3053 1565 3094 suam
1589 3080 1600 3101 ,
1627 3062 1708 3142 αὖ]
1739 3062 1785 3088 ue
1820 3047 1988 3090 liberasse.
2027 3051 2245 3137 δοκεεῑ-ἒκ,
