2616 3686
546 197 889 248 LIBER
953 197 1707 251 VILEPISTOLA
1774 207 1947 259 xxv.
2195 234 2285 283 531

172 283 363 345 etiamt
386 277 766 348 procuratione
788 274 1142 333 Narbonenfis
1168 278 1476 346 provinciae
1499 317 1516 341 ‚
1549 279 1896 348 integerrime
1918 282 2126 338 functus
2150 325 2166 350 ,
2202 308 2285 344 re-

173 357 311 427 cepit
354 349 405 407 se
447 348 503 407 in
540 364 694 420 agros
728 348 849 403 suos
875 385 892 412 ,
931 347 947 365 ²
969 349 1268 421 paratisque
1293 349 1586 405 honoribus
1610 352 2090 422 tranquillissimum
2116 360 2286 413 otium

171 424 432 501 praetulit.
507 420 674 477 Hunc
709 436 813 492 ego
849 420 1102 474 invitatus
1143 419 1374 490 hospitio
1399 461 1415 485 ‚
1463 436 1523 477 ut
1559 421 1763 476 bonum
1803 437 2008 494 patrem
2034 426 2285 492 familiae,

169 514 230 564 ut
268 500 578 568 diligentem
618 493 904 566 agricolam
942 491 1188 548 intuebar
1215 532 1232 557 ,
1270 494 1341 549 de
1379 495 1458 549 his
1488 495 1797 558 locuturus,
1834 496 1890 549 in
1916 496 2107 567 quibus
2138 499 2286 556 illum

169 573 361 629 versari
387 566 660 639 putabam:
702 568 755 620 &
783 581 1065 636 coeperam
1092 603 1107 628 ‚
1157 583 1282 621 cum
1305 567 1391 622 ille
1417 584 1503 622 me
1527 565 1834 623 dot‘liffirno
1859 567 2105 623 sermone
2132 589 2288 626 revo-

171 649 311 702 cavit
349 641 415 696 ad
451 640 629 694 studia.
703 638 882 708 Quam
921 638 1053 692 tersa
1092 640 1310 693 omnia!
1363 657 1522 711 quarn
1562 642 1790 694 Latina!
1845 657 2005 710 quam
2046 641 2283 698 Graeca!

171 720 308 775 Nam
347 726 552 767 tantum
589 723 815 782 utraque
849 711 1030 781 lingua
1066 712 1205 765 valet
1229 750 1246 776 ,
1306 726 1362 766 ut
1399 731 1458 766 ea
1494 715 1657 783 magis
1696 712 1942 767 videatur
1978 716 2243 770 excellere
2267 755 2282 780 ‚

172 796 189 822 ³
223 806 323 860 qua
361 800 483 838 cum
519 784 746 836 maxime
783 784 1038 855 loquitur.
1114 784 1393 855 Quantum
1435 785 1519 838 ille
1566 786 1734 854 legit!
1800 799 2064 856 quantum
2107 790 2282 842 tenet!

163 856 394 922 Athenis
420 858 599 910 vivere
629 856 904 911 hominem
935 893 953 920 ‚
989 873 1097 913 non
1123 858 1179 912 in
1205 857 1322 912 villa
1348 870 1517 927 putes.
1593 856 1747 929 Quid
1770 857 1966 912 multa?
2005 861 2150 914 auxit
2185 861 2281 916 sol-

2169 933 2284 990 lici·

158 1076 368 1128 'ponuntun
396 1078 435 1116 δε
458 1076 587 1115 harum
618 1076 694 1116 laus
727 1077 876 1127 ponitur
896 1078 934 1116 in
954 1078 1182 1125 integritate,
1255 1082 1378 1127 parata
1400 1076 1529 1115 oblivio
1556 1087 1786 1116 mortuorum.
1841 1083 1931 1116 Tam
1959 1086 2090 1125 parata
2116 1107 2126 1123 ‚
2153 1079 2189 1118 id
2216 1080 2288 1125 est,

160 1140 253 1179 quae
282 1128 491 1166 innocentia
521 1128 570 1167 est
592 1155 604 1173 ,
643 1130 682 1166 ὃς
714 1128 895 1178 quaedam
916 1140 936 1165 a
959 1128 1064 1168 rebus
1085 1128 1184 1177 flagi-
1257 1129 1379 1167 facilis.
1432 1130 1490 1166 Sic
1514 1129 1658 1176 fructus
1677 1139 1828 1179 paratus
1850 1129 1932 1166 Lib.
1956 1129 2004 1166 ll.
2028 1131 2094 1178 Ep.
2117 1130 2163 1168 X.
2188 1142 2292 1179 prae-

160 1178 256 1217 tiofis
279 1181 420 1227 puritas.
475 1179 526 1216 Ita
546 1182 662 1226 severe
683 1192 722 1215 ac
741 1180 872 1229 integre
890 1179 1110 1229 provinciam
1131 1195 1186 1221 re-
1251 1179 1350 1225 sens,
1377 1187 1488 1229 atque
1520 1179 1565 1216 ad
1597 1191 1752 1217 manum
1784 1178 1832 1217 est
1855 1192 1863 1216 z
1900 1178 1974 1217 sive
2001 1180 2142 1217 obvius.
2197 1181 2285 1218 Hoc

155 1242 231 1279 gere
253 1230 424 1268 Tacitus:
453 1232 515 1280 qui
540 1232 578 1268 &
601 1230 893 1280 Proconsulatum
916 1230 1092 1279 integrum
1131 1231 1185 1269 di-
1254 1233 1353 1269 enim
1390 1242 1476 1268 cum
1510 1232 1624 1268 altero
1649 1231 1771 1281 junxit
1796 1258 1806 1275 ,
1853 1229 2000 1268 obvium
2041 1240 2084 1268 εγ
2116 1239 2288 1278 paratum

158 1282 234 1324 xit,
260 1281 398 1328 integre
429 1282 467 1319 ὃς
498 1282 707 1330 incorrupte
740 1280 1040 1319 administratum.
1081 1281 1184 1318 Mili-
1254 1280 1418 1320 honorem
1467 1281 1603 1320 diceret
1653 1281 1735 1319 Lib.
1789 1281 1950 1319 eiusdem
2000 1280 2112 1329 Epist.
2161 1281 2289 1320 XVII.

155 1330 250 1375 tiae,
279 1332 405 1379 gradus
429 1333 579 1371 militiae
602 1332 702 1370 sunt:
731 1334 891 1382 exempli
922 1333 1032 1380 gratia
1054 1359 1065 1376 ,
1092 1337 1184 1369 Cen·
1253 1332 1461 1371 Bucam-211.
1487 1333 1729 1371 Recentiorcs
1760 1332 1869 1370 MSS.
1901 1334 1939 1370 ὃς
1969 1332 2039 1370 Ed.
2073 1332 2161 1369 Ver.
2179 1341 2289 1380 para-

154 1382 356 1419 turionatus
390 1383 450 1420 seu
482 1382 701 1421 Tribunatus
727 1382 874 1420 cohortis
898 1411 908 1428 ‚
956 1385 1183 1430 Praefec‘lura
1249 1383 1362 1434 risque
1391 1383 1579 1422 honoribus
1603 1413 1614 1429 ,
1651 1394 1721 1421 nec
1754 1382 1907 1421 dedecet
1938 1384 2098 1421 Plinium
2129 1383 2287 1422 verbum

150 1430 231 1469 alae
249 1459 259 1476 ,
286 1432 504 1470 Tribunatus
526 1434 689 1482 Legionis.
718 1435 1006 1478 procurationes,
1032 1435 1157 1471 munia
1173 1462 1184 1479 ‚
1246 1442 1400 1482 paratus
1420 1463 1430 1479 ‚
1459 1434 1504 1472 de
1525 1445 1603 1484 quo
1623 1433 1668 1471 ad
1694 1435 1775 1472 Lib.
1799 1434 1866 1471 III.
1892 1434 1999 1482 Epist.
2022 1434 2070 1469 V.
2094 1445 2129 1469 n.
2152 1445 2187 1481 9.
2216 1434 2287 1473 Sed

152 1479 227 1520 five
251 1481 370 1519 officia
399 1488 674 1520 procuratorum
700 1483 801 1529 sunt,
829 1486 892 1533 qui
914 1486 973 1520 vel
985 1485 1181 1521 mittuntur
1251 1485 1291 1521 in
1323 1485 1537 1522 Veteri-imo
1568 1485 1729 1532 legitur:
1752 1484 1967 1534 [piratisque
1999 1482 2210 1527 honoribus,
2241 1496 2288 1523 ex

152 1532 191 1570 in
214 1534 417 1581 provincias
438 1545 523 1570 cum
547 1533 789 1577 Praesidibus,
817 1535 860 1571 ad
884 1533 1107 1580 colligendos
1142 1537 1181 1573 ὃς
1252 1546 1329 1583 quo
1362 1543 1460 1583 patet
1494 1535 1633 1573 Aldnm
1673 1536 1711 1573 δε
1737 1535 1948 1583 Gryphium
1972 1533 2104 1571 rectius
2129 1533 2287 1582 vulgasse

153 1583 359 1630 erogandos
382 1583 514 1620 reditus
534 1583 646 1629 (nam
669 1582 875 1621 Praesidum
892 1582 1096 1632 jurisdictio
1109 1584 1182 1630 est,
1242 1586 1462 1635 speransque
1493 1584 1692 1622 honoribus.
1747 1585 1800 1622 Ita
1824 1585 1961 1634 sperare
1989 1597 2134 1633 regnam
2160 1585 2288 1623 Livius

154 1634 195 1671 ὅ(
217 1645 311 1682 quae
332 1632 491 1673 tuendae
514 1635 561 1672 illi
581 1634 684 1683 sunt)
709 1634 767 1672 vel
789 1643 828 1671 ut
849 1633 913 1682 ipii
934 1631 1113 1682 praesint;
1143 1636 1181 1672 in
1251 1636 1335 1673 Lib.
1359 1636 1386 1672 I.
1409 1647 1486 1684 cap.
1507 1635 1672 1672 XLVII.
1712 1636 1773 1673 ubi
1801 1636 2044 1672 Gronovium
2074 1634 2171 1674 vide.
2214 1640 2290 1682 Spes

153 1685 316 1722 minores
330 1692 428 1733 puta,
451 1686 496 1724 de
520 1686 648 1734 quibus
672 1688 710 1724 ὃς
730 1685 867 1723 etudite
891 1682 1029 1733 Lipsius
1040 1685 1085 1722 ad
1098 1684 1183 1724 XII.
1251 1685 1433 1725 candidati
1453 1686 1550 1733 apud
1575 1685 1709 1724 Sallust.
1729 1686 1809 1723 Cat.
1833 1697 1910 1735 cap.
1934 1685 2040 1723 XVI.
2062 1696 2098 1723 n.
2121 1699 2154 1736 ς.
2190 1684 2292 1734 Hinc

151 1734 277 1774 Taciti
307 1737 504 1775 Annalem.
562 1737 661 1774 Hinc
691 1742 878 1774 procurare
901 1763 911 1780 ‚
941 1734 989 1772 est
1012 1746 1182 1784 procura·
1255 1737 1432 1775 Lucanus
1452 1736 1536 1775 Lib.
1558 1737 1609 1774 V.
1633 1747 1684 1773 vs.
1709 1747 1794 1785 355.

152 1786 256 1824 tione
287 1785 470 1835 defungi,
507 1787 567 1825 seu
600 1796 872 1837 procuratorem
907 1783 989 1823 effe.
1043 1785 1180 1825 Noster

152 1835 255 1883 supra
280 1837 363 1875 Lib.
386 1838 454 1875 111.
475 1838 543 1887 Ep.
565 1839 614 1876 V.
659 1846 749 1876 Cum
770 1846 967 1889 procuraret
987 1835 1024 1872 in
1056 1837 1180 1886 Hispa·
1298 1856 1371 1867 ——
1421 1857 1492 1869 —-
1544 1837 1725 1885 sperantes
1746 1837 1867 1876 omnia
1889 1836 2036 1876 dextras

153 1886 228 1922 nia.
256 1885 354 1923 Infra
374 1890 483 1925 etiam
508 1888 614 1938 Epist.
639 1889 776 1927 XXXI.
796 1889 900 1936 hujus
921 1887 998 1925 iibri
1023 1916 1034 1932 ,
1072 1893 1181 1926 Prae·
1297 1892 1502 1928 Exarmare
1523 1888 1646 1925 datur.

151 1935 327 1978 fet‘l‘mam
339 1937 441 1981 alae,
470 1940 740 1990 quaeequestris
752 1939 897 1983 militia,
919 1938 1178 1988 procurationes

156 1984 362 2032 sequuntur.
391 1987 598 2028 Boenasa.
636 1991 694 2028 De
714 1989 919 2040 equestribus
941 1988 1078 2027 militiis
1102 2018 1112 2035 ,
1141 1991 1177 2028 h.
1248 1989 1288 2027 δε
1319 1998 1446 2029 contra
1476 1990 1642 2040 insperati
1673 1987 1832 2027 thalami
1862 1989 1960 2038 apud
1999 1990 2122 2028 Valer.
2164 1990 2284 2031 Flacci

154 2036 523 2082 e.gradibusmilitiae
545 2068 555 2085 ,
584 2041 734 2091 equestri
759 2039 887 2078 ordine
908 2039 1053 2088 dignis,
1081 2041 1176 2089 opti·
1245 2040 1326 2078 Lib.
1368 2040 1397 2078 I.
1443 2052 1495 2080 vs.
1544 2052 1629 2089 130.
1669 2040 1827 2079 Ovidius
1877 2040 1969 2079 Her.
2007 2041 2117 2090 Epist.
2155 2042 2282 2084 xvn.

153 2095 215 2142 me
264 2088 375 2127 Rhab.
414 2090 569 2130 Schelius
613 2091 658 2130 ad
705 2093 844 2141 Hygin.
886 2090 931 2128 de
965 2090 1178 2130 Castrainet.
1243 2103 1298 2130 vs.
1326 2103 1408 2132 201.

153 2146 255 2174 cuius
292 2141 400 2177 verba
437 2143 544 2180 etiam
582 2143 760 2182 Graevius
797 2141 843 2180 ad
882 2142 1033 2180 Sueten.
1070 2141 1093 2179 1.
1130 2154 1177 2181 ex

154 2187 312 2227 Claudio
330 2192 388 2228 cit.
408 2189 594 2242 adscripsit.
632 2194 692 2232 De
710 2191 989 2245 procuratoribus
1012 2191 1099 2232 vide
1120 2193 1178 2231 in·
1297 2198 1399 2233 Dum
1433 2192 1582 2244 loqueris
1611 2207 1746 2234 mecum
1772 2194 1784 2240 ,
1821 2194 1908 2231 dum
1940 2204 2018 2232 nox
2060 2194 2196 2243 sperata
2218 2195 2282 2246 pass

153 2236 207 2274 tra
229 2239 271 2277 ad
298 2241 377 2279 Lib.
403 2241 449 2279 X.
469 2243 577 2293 Epist.
592 2245 715 2282 XVII.
737 2245 850 2292 princ.
1399 2254 1519 2289 ratur,

205 2300 222 2327 1
255 2292 501 2330 procuratione
535 2294 778 2345 Narbonensis.
801 2293 816 2344 ]
856 2294 938 2332 Fuit
959 2302 1174 2344 procurator
1341 2297 1528 2346 Qiserat
1549 2296 1589 2333 in
1604 2294 1768 2344 patriam
1784 2323 1794 2340 ,
1822 2294 1896 2332 iam
1920 2293 1987 2331 tibi
2008 2303 2139 2330 ventus
2162 2296 2243 2333 erit.

154 2338 311 2380 Caesaris
342 2344 378 2381 in
411 2343 526 2382 Gallia
549 2345 784 2383 Narbonensi.
838 2345 1072 2395 Narbonensis
1092 2358 1178 2395 pro-

151 2391 270 2430 vincia
303 2404 378 2442 pars
412 2394 610 2433 Galliarum
627 2425 637 2440 ‚
664 2407 757 2444 quae
787 2398 931 2434 interno
964 2398 1056 2435 mari
1076 2397 1177 2435 allui-
1244 2396 1308 2444 qui
1330 2395 1379 2433 ita
1395 2396 1538 2445 sperata
1553 2395 1687 2445 gaudia
1711 2423 1721 2439 ,
1742 2394 1924 2444 speratam
1944 2393 2100 2441 puellam
2126 2421 2136 2437 ,
2155 2395 2276 2445 spera·

151 2446 234 2486 tur,
265 2443 462 2481 Bracchata
497 2455 581 2484 ante
605 2446 698 2485 dista
713 2475 724 2492 ‚
750 2459 860 2485 amne
882 2446 988 2484 Varo
1010 2447 1054 2484 ab
1076 2447 1178 2486 ltalia
1206 2448 1210 2504 l
1244 2457 1323 2483 tum
1346 2446 1566 2494 colloquium.
1595 2445 1722 2484 Nihilo
1753 2455 1878 2482 tamen
1900 2444 2010 2482 secius
2031 2452 2145 2482 teneo
2163 2456 2278 2495 parag

150 2490 326 2540 discreta,
355 2496 582 2545 Alpiumque
603 2499 720 2546 jugis,
747 2509 767 2534 a
791 2499 925 2545 reliqua
947 2508 1038 2534 vero
1062 2498 1178 2537 Gallia
1206 2505 1210 2540 ι
1243 2496 1358 2544 iisque
1390 2495 1575 2533 honoribus
1597 2524 1606 2542 ,
1655 2494 1758 2544 quod
1792 2495 1904 2542 magis
1936 2494 2145 2543 adpositum
2180 2495 2278 2542 effe,

149 2540 262 2582 latere
295 2545 565 2593 septentrionali
597 2548 777 2586 Gcbcnna
810 2550 848 2586 ὅτ
871 2548 976 2591 Iura,
1005 2558 1177 2595 agrorum
1207 2544 1210 2572 ³
1245 2547 1302 2583 vel
1322 2546 1392 2594 ipsa
1408 2547 1488 2592 illa,
1517 2558 1611 2595 quac
1633 2545 1852 2583 adduximus
1873 2574 1883 2590 ,
1922 2545 2126 2584 ostendunt.
2183 2549 2279 2585 Cor-

152 2594 273 2640 cultu,
304 2599 467 2636 virorum
491 2626 502 2643 ,
531 2610 756 2648 morumque
779 2598 988 2647 dignatione
1010 2626 1022 2642 ,
1048 2600 1178 2647 ampli·
1244 2599 1365 2645 ruptio
1398 2597 1484 2635 inde
1517 2606 1595 2634 orta
1616 2623 1628 2642 ,
1653 2597 1755 2645 quod
1777 2595 1997 2644 praecedens
2019 2597 2183 2647 sequenti
2207 2610 2279 2635 vo-

153 2645 279 2685 tudine
303 2675 314 2692 ,
352 2659 466 2696 opum
503 2650 590 2687 nulli
620 2649 890 2697 provinciarum
924 2647 1176 2696 postferenda,
1245 2648 1372 2685 cabulo
1402 2647 1559 2686 adhaesit
1583 2675 1593 2692 ,
1629 2655 1670 2684 ut
1701 2645 1804 2684 fieret
1828 2647 2050 2697 [paratisque
2074 2676 2084 2692 ‚
2113 2648 2214 2698 quod
2237 2649 2279 2686 li-

153 2693 383 2748 breviterque
416 2699 514 2737 Italia
545 2701 664 2738 verius
687 2711 799 2748 quam
821 2700 1018 2748 provincia.
1072 2699 1114 2736 In
1137 2711 1179 2737 ea
1207 2704 1210 2734 l
1244 2700 1378 2736 brarius
1410 2710 1521 2747 porro
1554 2697 1724 2746 corrupit.
1763 2697 1900 2736 Firmat
1932 2698 2004 2746 ipse
2041 2698 2170 2735 aanor
2198 2698 2281 2738 Lib.

154 2747 304 2786 Narbon
327 2746 535 2799 empbrium
562 2752 599 2788 &
623 2751 767 2789 civitas:
801 2750 898 2788 unde
919 2749 974 2788 illa
994 2751 1182 2798 provincia
1247 2749 1354 2786 VIII.
1379 2749 1486 2797 Epist.
1511 2749 1554 2786 X.
1576 2762 1612 2786 n.
1635 2761 1665 2785 2.
1717 2749 1847 2796 Necesse
1869 2747 1912 2793 est
1930 2748 2094 2795 graviter
2115 2749 2282 2796 accipias,

158 2794 500 2838 denominationem
524 2802 674 2848 accepit.
706 2802 771 2838 CA
790 2815 811 2839 τ
826 2814 845 2838 Α
861 2814 898 2837 Ν.
1240 2800 1450 2850 senet-'tutem
1475 2810 1576 2836 tuam
1600 2798 1700 2848 quast
1719 2800 1847 2848 paratis
1869 2797 2001 2845 posteris
2023 2797 2242 2844 destitutam.

209 2859 230 2884 2
259 2852 465 2902 paratisque
483 2850 710 2901 honoribus]
743 2859 891 2890 paratos
924 2851 1066 2889 honores
1085 2878 1095 2895 ,
1127 2851 1182 2890 di-
1297 2861 1315 2899 3
1349 2852 1472 2897 Quam
1506 2863 1585 2887 cum
1618 2853 1775 2887 maxime
1807 2848 2002 2899 loquimin]
2032 2849 2195 2887 Barthius
2219 2850 2282 2888 ad-

162 2898 332 2952 gnitatem
354 2903 567 2942 senatoriam
593 2905 631 2941 ὃ(
649 2902 871 2951 magistratus
899 2902 1078 2952 appellat,
1106 2914 1183 2951 quo
1246 2900 1426 2949 scripserat
1451 2912 1527 2938 tum
1563 2900 1718 2939 maxime
1740 2917 1751 2944 ;
1791 2898 1913 2937 frustra
1935 2928 1947 2944 ,
1995 2908 2035 2936 ut
2058 2900 2214 2937 vidimus
2237 2902 2283 2939 ad

160 2955 238 2992 jam
270 2953 409 2998 patebat
438 2952 552 2992 aditus
582 2953 802 3002 equestribus
835 2955 967 2992 militiis
991 2956 1029 2990 δε
1053 2965 1185 3001 procu·
1214 2949 1218 2977 3
1254 2952 1334 2989 Lib.
1368 2951 1436 2990 VI.
1468 2951 1576 2999 Epist.
1607 2951 1747 2989 XXXI.
1777 2963 1813 2988 n.
1848 2963 1908 2999 ις.
1940 2950 2051 2987 Cuius
2083 2950 2119 2987 in
2137 2950 2217 3000 finu
2236 2950 2283 3000 sit

167 2999 303 3038 ratione
323 3002 505 3042 defuncto.
554 3007 684 3042 Parati
709 3003 850 3042 honores
874 3004 977 3048 sunt,
1004 3006 1040 3040 in
1059 3012 1185 3051 aperto
1253 3014 1336 3039 cum
1371 3005 1533 3040 maxime
1564 3012 1695 3052 portus.
1732 3002 1834 3039 Male
1855 3002 1965 3039 etiam
1991 3001 2145 3038 Helmst.
2169 3002 2285 3039 Arnz.

169 3046 297 3104 positi,
333 3053 471 3102 &quos
493 3054 566 3092 sme
579 3057 731 3104 negotio
745 3055 917 3104 consequi
930 3055 1048 3104 poflis.
1077 3056 1189 3103 Supra
1255 3056 1293 3092 &
1316 3053 1384 3091 Ed.
1405 3054 1489 3091 Vct.
1514 3066 1621 3102 quam
1645 3054 1801 3091 maxime
1823 3052 1994 3101 loquitur.
2030 3052 2098 3090 Sed
2125 3053 2282 3088 omnino

166 3093 251 3137 hb·
282 3099 388 3150 Epist·
418 3104 463 3143 X·
491 3111 580 3159 Tam
609 3119 696 3146 rara
728 3106 765 3147 in
786 3106 954 3148 amicitiis
969 3105 1086 3158 fides,
1112 3117 1191 3146 tam
1256 3106 1367 3145 etiam
1397 3106 1526 3146 vitiose
1548 3105 1754 3195 2igulgatur:
1785 3116 1894 3155 quain
1926 3102 2092 3154 loquitur.
2121 3101 2284 3139 Veterri-

1599 3165 1659 3194 xx
1688 3166 1710 3193 2
2194 3160 2276 3188 mus
