2616 3686
271 801 329 835 10

271 1099 323 1132 11

361 214 458 266 440
595 191 1111 247 C.PLIN11
1178 186 2269 241 CAEC1L11·SECUND1

364 265 379 287 ⁸
404 273 593 329 multas
620 271 936 328 formidines
962 267 1210 339 patimur.
1252 267 1389 321 Nam
1418 265 1658 320 vehicula
1677 302 1689 326 ,
1729 281 1866 335 quae
1902 265 2130 336 produci
2158 263 2511 335 jufferamus'?
2551 316 2588 339 .,

365 363 669 417 quanquam
706 345 758 397 in
795 340 1096 412 planislimo
1121 356 1340 412 camp0‚
1380 339 1435 392 in
1460 338 1752 391 contrarias
1777 353 1950 406 partes
1976 337 2299 407 agebantur:
2340 357 2400 394 ac
2426 356 2495 395 ne

367 420 630 490 lapidibus
673 415 892 488 quidem
932 414 1102 478 fulta,
1152 415 1205 466 in
1255 411 1454 465 eodem
1504 410 1728 481 vestigio
1777 409 2138 480 quiescebant.
2219 410 2510 485 Praeterea„

367 507 513 546 mare
552 493 603 544 in
637 489 687 544 se
724 487 1023 546 resorberi,
1074 488 1128 538 &
1171 497 1407 536 tremore
1442 497 1615 536 terrae
1640 524 1654 547 ,
1721 501 1738 518 ²
1773 482 1912 553 quali
1950 483 2133 551 repelli
2173 482 2496 539 videbamus·

367 564 535 618 Certe
570 576 584 602 ³
620 559 938 632 processerat
979 558 1100 609 litus
1129 593 1144 617 ,
1182 556 1456 626 multaque
1497 556 1736 609 animalia
1775 555 1930 608 maris
1952 556 1970 581 ⁴
1998 555 2142 608 siccis
2169 552 2340 609 arenis
2363 555 2502 612 deti-

368 635 549 690 nebat.
628 635 714 686 Ab
759 631 926 682 altero
964 629 1130 680 latere
1166 627 1334 679 nubes
1372 640 1482 678 atra
1525 628 1577 679 &
1619 625 1888 680 horrenda
1922 628 2063 697 ignei
2102 627 2311 698 spiritus
2346 629 2503 684 tortis

373 707 699 776 vibratisque
738 699 1051 754 dilcursibus
1091 712 1244 767 rupta
1270 735 1286 758 ‚
1340 698 1393 749 in
1437 700 1620 766 longas
1655 698 1996 754 flammarum
2032 699 2225 768 figuras
2264 700 2506 756 dehisce·

378 780 504 839 bat,
565 782 577 807 ⁵
617 774 912 845 fulgoribus
953 772 1069 825 illae
1112 775 1160 822 62
1206 769 1393 824 similes
1420 807 1436 831 ,
1491 771 1545 821 &
1589 769 1808 839 majores
1837 787 2002 826 erant.
2078 770 2232 827 'Fum
2262 790 2392 827 vero
2420 774 2506 828 ille

373 851 521 905 idem
560 866 628 902 ex
669 846 927 915 Hispania
963 845 1165 898 amicus
1206 844 1375 896 acrius
1416 841 1469 895 &
1505 842 1776 894 instantius
1801 883 1817 906 ,
1874 842 1893 865 ⁶
1934 844 1994 897 Si
2016 846 2244 913 frater,
2295 845 2507 918 inquit,

368 935 525 984 tuus,
564 934 688 974 tuus
711 917 1233 981 avunculus‚vivit‚
1273 914 1399 966 vult
1425 930 1521 966 vos
1554 916 1646 981 effi?
1658 913 1874 982 salvos:
1899 916 1957 981 st
1966 919 2171 985 periit,
2197 919 2511 989 fitperstites

371 996 560 1049 voluit.
638 990 877 1047 Proinde
914 990 1049 1060 quid
1065 988 1268 1055 ceffatis
1303 985 1574 1040 evadere?
1611 985 2042 1054 Respondimus,
2081 987 2203 1044 Non
2231 993 2509 1059 commiffu..

373 1087 458 1122 ros
482 1085 597 1130 nos,
637 1072 653 1099 ⁷
678 1077 738 1118 ut
765 1064 824 1118 de
836 1065 1016 1132 salute
1039 1061 1188 1114 illius
1213 1059 1440 1122 incerti,
1469 1059 1665 1128 nostrae
1687 1057 2079 1126 confideremus.
2118 1063 2245 1116 Non
2266 1079 2506 1119 moratus
2577 1122 2582 1128 ,

374 1143 506 1196 ultra
532 1139 759 1211 proripit
786 1138 837 1191 se
861 1174 875 1198 ,
927 1134 1202 1203 effusoque
1237 1133 1390 1186 cursu
1421 1133 1664 1204 periculo
1693 1131 1931 1186 aufertur
1957 1148 1969 1185 ε
2029 1149 2132 1186 nec
2159 1136 2331 1188 multo
2365 1137 2511 1204 post,

373 1216 461 1270 illa
496 1212 660 1269 nubes
706 1217 725 1244 ⁸
762 1208 1089 1265 descendere
1127 1209 1182 1262 in
1220 1220 1388 1261 terras
1415 1245 1431 1271 ‚
1492 1206 1706 1277 operire
1737 1206 1915 1260 maria.
1942 1205 2182 1261 cinxerat
2209 1206 2513 1278 ⁹Capreas,

2455 1283 2516 1338 &

1530 1435 1553 1470 4
1579 1419 1622 1459 In
1637 1419 1732 1469 s1ccis
1754 1420 1871 1458 arenis
1893 1418 2114 1469 detinebar]
2146 1419 2322 1468 Optimus
2347 1420 2513 1470 &scripti

1482 1483 1614 1511 omnes
1639 1500 1650 1515 ‚
1678 1479 1718 1508 ut
1750 1473 1788 1509 ὃς
1822 1470 1916 1509 Edd.
1947 1470 2051 1509 Vett.
2085 1470 2398 1519 Praepositionem
2434 1484 2513 1512 non

374 1426 761 1470 circumadiacentibus.
807 1425 1038 1464 Veterrimus
1060 1437 1070 1462 :
1117 1423 1193 1461 iam
1240 1423 1409 1473 quaffatis

379 1482 506 1521 onmia
530 1476 852 1516 circumiacentibus
877 1477 984 1514 tectis.
1015 1474 1175 1520 Nescio,
1205 1485 1251 1511 an
1277 1476 1406 1512 vulue-

377 1536 422 1572 rit
445 1545 531 1583 quas
547 1530 640 1580 sutis
663 1529 782 1567 omnia
807 1556 816 1572 ‚
845 1536 886 1565 ut
908 1526 1023 1564 cultus
1043 1528 1164 1564 omnia
1189 1554 1200 1570 ‚
1227 1537 1408 1572 corruptus

375 1586 496 1622 omnia
512 1611 522 1627 ,
549 1585 673 1618 uncins
696 1592 833 1623 cetera,
861 1577 1061 1625 transfixus
1084 1586 1239 1626 tempora
1256 1605 1266 1620 ‚
1293 1578 1409 1626 qualia

378 1637 572 1674 innumera
595 1644 639 1669 co
654 1632 808 1679 legimus
829 1630 873 1667 ad
900 1632 1095 1667 Lucanum
1112 1657 1121 1672 ,
1149 1626 1332 1677 quaedam
1357 1628 1409 1665 su-

380 1699 445 1737 pra
468 1686 513 1723 ad
538 1685 618 1721 Lib.
642 1682 687 1719 II.
714 1681 819 1729 Epist.
844 1681 907 1717 XI.
930 1694 964 1718 n.
990 1692 1047 1716 10.
1079 1680 1274 1716 Ianuarius*
1290 1678 1412 1726 mensts

382 1751 460 1776 cum
493 1744 610 1773 cetera
632 1761 642 1778 ,
679 1744 758 1771 tum
785 1733 964 1781 praecipue
979 1731 1190 1780 senatorum
1203 1731 1413 1779 frequentia

383 1788 649 1828 celeberrimus.

440 1853 453 1876 1
488 1838 624 1874 Multas
638 1833 854 1872 formidines
866 1831 1054 1881 patimur]
1081 1832 1413 1879 Optimuszmulta

383 1889 431 1927 ibi
462 1888 631 1926 miranda
670 1885 782 1922 multa
816 1884 1015 1921 formidine
1032 1884 1203 1933 patimur.
1242 1884 1294 1921 At
1316 1884 1416 1932 supra

386 1953 423 1979 n.
459 1954 487 1978 1.
522 1950 614 1983 quos
645 1951 700 1984 ego
734 1935 859 1983 Miseni
881 1935 1021 1971 relifflus
1046 1934 1245 1983 nonsolum
1271 1932 1417 1980 m'etuS,

386 2003 515 2029 verum
540 1989 648 2028 etiam
670 1990 767 2037 casus
792 1986 1015 2036 pertulerim.
1044 1987 1219 2024 Lucanus
1243 1986 1325 2024 Lib.
1353 1987 1419 2025 IX.

389 2053 441 2081 vs.
467 2051 548 2089 447.

438 2163 510 2174 .....
561 2162 631 2174 .-
685 2161 755 2172 —-
806 2139 880 2179 illic
895 2142 1020 2191 secura
1043 2141 1212 2179 iuventus

438 2195 637 2245 'Aequoreos
657 2193 702 2241 est
722 2189 817 2242 passa
839 2202 970 2232 metus.

439 2310 461 2335 2
489 2295 603 2346 Qafi
625 2294 747 2343 repelli
770 2295 994 2333 videbamus.
1019 2293 1036 2343 ]
1078 2294 1296 2333 Mediceus:
1325 2291 1428 2343 quast

391 2351 514 2388 revelli
537 2347 759 2384 videbamus.
781 2359 857 2384 non
881 2347 1007 2397 placet.
1038 2347 1236 2395 Sequentia
1259 2346 1358 2383 enim
1379 2344 1425 2382 de

392 2402 498 2439 litore
533 2399 671 2437 nudato
702 2409 805 2436 mare
837 2399 880 2436 ab
910 2407 1003 2437 terra
1024 2397 1207 2446 repulsum
1233 2395 1332 2446 quasi
1355 2393 1425 2436 effe

395 2451 542 2489 docent.
571 2452 711 2488 Lucan.
740 2450 821 2487 Lib.
845 2451 912 2488 lv.
937 2461 987 2488 vs.
1014 2461 1096 2487 101.

440 2574 503 2584 —
556 2575 625 2584 --
678 2572 747 2582 —-
802 2552 1200 2603 subitisque-frementes

444 2606 628 2643 Vorticibus
652 2602 815 2659 contprfi't
834 2617 947 2653 aquas
961 2633 973 2651 ,
1000 2614 1042 2643 (φ
1063 2604 1192 2654 repulit
1211 2601 1321 2649 aestus

447 2659 586 2694 Fortior
610 2664 751 2693 Oceam.

400 2759 556 2798 Ovidius
577 2759 646 2798 VI.
667 2756 755 2796 Fast.
780 2768 831 2796 vs.
854 2763 940 2809 495.

449 2862 496 2894 Et
512 2860 622 2908 spatio
646 2863 827 2898 contracta
850 2860 949 2900 brevi
970 2860 1059 2899 freta
1082 2860 1166 2899 bina
1188 2858 1339 2909 repellit.

451 2967 469 3004 3
497 2957 717 2996 processerat
740 2960 864 3008 litus.]
894 2963 915 2999 i.
939 2964 1089 3000 aucium
1114 2972 1192 3002 erat
1212 2991 1223 3008 ‚
1255 2962 1430 3002 receden-

400 3015 436 3045 te
461 3009 561 3044 miti.
590 3010 728 3045 Contra
753 3020 951 3054 promovere
974 3013 1060 3049 litus
1078 3026 1178 3051 mare
1193 3011 1428 3059 diciturapud

402 3058 516 3096 Senec
541 3057 606 3094 ΙΙΙ.
632 3059 714 3095 Nat.
738 3061 1429 3112 Qu.cap.xxv11.&cap.XXV111.

401 3107 484 3162 ἰξίας
501 3108 692 3159 prolatum.

1483 1524 1708 1566 admittunt,
1736 1532 1830 1571 quae
1854 1524 1964 1560 etiam
1989 1533 2066 1559 non
2087 1524 2136 1560 ita
2160 1520 2352 1560 neceflaria
2373 1522 2433 1560 est.

1533 1588 1550 1623 ς
1584 1571 1824 1622 fulgoribus.]
1852 1572 1993 1611 Seneca
2016 1573 2281 1612 innaturalibus
2293 1573 2516 1621 quaestioni-‘

1481 1626 1547 1663 bus
1571 1653 1582 1671 ,
1611 1631 1746 1661 Horum
1771 1652 1781 1668 ‚
1807 1625 1955 1673 inquit,
1992 1623 2116 1672 aliqua
2139 1637 2209 1661 non
2227 1625 2420 1672 patiuntur
2440 1638 2513 1663 mo·

1481 1691 1562 1714 ram
1578 1705 1587 1721 ,
1608 1676 1672 1725 sed
1690 1676 1969 1723 transcurrunt,
1998 1685 2064 1711 aut
2091 1678 2352 1724 extinguuntur
2365 1675 2515 1724 subinde

1484 1741 1555 1779 qua
1577 1727 1810 1765 rduxerant:
1839 1725 1878 1763 hi
1901 1726 2060 1776 fulg-ores
2081 1726 2254 1763 dicuntur
2270 1754 2280 1770 ‚
2307 1728 2391 1775 quia
2407 1727 2517 1774 facies
2558 1735 2568 1740 '

1486 1779 1629 1817 illorum
1647 1806 1655 1822 ,
1684 1788 1728 1817 ω’
1746 1778 1904 1815 candida
1925 1776 1970 1823 est
1985 1805 1995 1821 ‚
2023 1789 2081 1813 nec
2096 1776 2169 1824 fine
2190 1777 2328 1824 injuria
2351 1778 2518 1818 deridens.

1488 1830 1694 1869 Heraclitus
1727 1829 2013 1877 fulgurationem
2047 1826 2225 1865 existimat
2257 1827 2354 1876 apud
2376 1840 2443 1866 nos
2466 1831 2521 1867 in-

1489 1882 1702 1930 cipientium
1727 1881 1867 1928 ignium
1892 1886 2070 1923 conatus,
2098 1880 2136 1917 &
2159 1879 2315 1927 primam
2332 1877 2521 1919 flammam

1492 1935 1667 1972 incertam
1694 1960 1703 1975 ‚
1732 1930 1851 1968 modo
1871 1931 2120 1969 intereuntem
2150 1956 2161 1974 ,
2189 1928 2307 1968 modo
2331 1929 2522 1979 exsurgen-

1493 1994 1583 2024 tem.
1612 1983 1767 2020 Canu.

1543 2037 1565 2072 6
1594 2036 1629 2072 Si
1650 2035 1773 2080 frater
1793 2061 1805 2078 ,
1842 2032 1949 2083 eya]
1990 2032 2099 2072 Haec
2127 2032 2240 2072 lenio
2274 2044 2383 2077 vera,
2414 2034 2523 2072 altera

1498 2087 1610 2125 falsa:
1639 2083 1674 2134 fi
1696 2085 1820 2132 frater
1842 2111 1852 2129 ‚
1887 2086 2007 2135 inquit
2029 2114 2039 2129 ,
2078 2097 2159 2122 tuus
2193 2084 2409 2123 avunculus.
2436 2085 2522 2130 Ait,

1486 2140 1609 2187 fralet·
1641 2147 1724 2174 tuus
1748 2166 1759 2183 ,
1785 2136 1975 2185 respssciens
1996 2136 2149 2175 Pliniam
2175 2165 2186 2181 ‚
2231 2144 2388 2174 matrem
2420 2136 2525 2185 hujus

1500 2190 1636 2232 Plinii,
1683 2189 1732 2226 ait
1767 2187 1984 2224 Avunculus
2017 2199 2098 2225 tuus
2125 2216 2135 2232 ‚
2175 2187 2290 2237 ipsum
2315 2187 2526 2236 respiciens,

1497 2242 1559 2292 qui
1589 2242 1682 2278 haec
1707 2239 1832 2277 scribit.
1872 2239 2042 2276 CAsAun.
2079 2239 2113 2275 si
2138 2239 2261 2285 frater
2284 2267 2295 2284 ,
2331 2236 2429 2286 σα]
2471 2237 2526 2274 Ita

1497 2303 1602 2331 vetus
1625 2291 1750 2329 Editio
1773 2291 1919 2334 omnis,
1949 2290 2058 2327 etiam
2084 2290 2217 2329 Aldina
2240 2318 2250 2335 ‚
2289 2289 2440 2338 repetito
2462 2287 2525 2324 illo

1497 2355 1578 2381 tuus
1593 2372 1602 2388 ,
1632 2342 1734 2393 quod
1757 2339 1931 2379 omilsum
1954 2352 1974 2377 a
1996 2341 2268 2382 recentioribus.
2287 2340 2359 2377 Gn
2375 2348 2400 2372 υ
2414 2349 2437 2374 τ
2451 2347 2523 2375 En,

1501 2395 1628 2432 Malo:
1648 2395 1680 2443 st
1706 2395 1828 2442 frater
1854 2421 1864 2437 ,
1891 2392 2007 2442 inquit
2033 2420 2045 2437 ‚
2073 2402 2156 2430 tuus
2175 2387 2379 2428 avunculus.
2408 2386 2521 2423 Suum

1502 2446 1647 2484 fratrem
1672 2454 1779 2483 vocat
1802 2445 1964 2481 amicum
1989 2445 2174 2481 intimum.
2216 2440 2367 2493 Burri.
2395 2434 2521 2481 Atque

1499 2500 1546 2537 ita
1568 2497 1713 2536 mediae
1736 2495 1916 2546 quaedam
1942 2494 2036 2532 Edd.
2075 2493 2208 2539 Longe
2231 2488 2354 2526 melius
2388 2483 2521 2520 Casan-

1500 2550 1617 2588 bonus
1640 2549 1768 2586 locum
1792 2549 2046 2595 interpretatur
2070 2571 2080 2587 ‚
2118 2543 2225 2589 eique
2245 2535 2413 2572 adhaeret
2436 2534 2522 2572 Me·

1499 2601 1621 2640 diceus
1645 2629 1654 2644 ‚
1693 2601 1754 2648 qui
1795 2598 1980 2646 vulgatam
2011 2593 2163 2632 exhibet.
2208 2583 2362 2622 Helfflst·
2395 2582 2520 2622 frustra

1501 2652 1600 2691 alteri
1622 2652 1771 2691 leffium
1797 2650 1905 2686 favet.
2103 2690 2109 2696 ι
2400 2689 2405 2694 ,
2454 2689 2459 2694 ,

1549 2715 1566 2750 7
1600 2708 1644 2741 (st
1677 2703 1717 2740 de
1737 2701 1858 2751 salute
1890 2699 1964 2735 eius
1990 2688 2146 2736 ineam]
2178 2688 2323 2724 Omnes
2347 2687 2522 2743 scripti&

1498 2755 1591 2793 Edd.
1629 2755 1731 2792 Vett.
1770 2761 1854 2788 cum
1892 2744 2089 2794 Gryphio:
2126 2749 2167 2776 ut
2205 2738 2245 2774 de
2277 2738 2395 2786 salute
2430 2739 2521 2778 illius

1498 2807 1631 2845 incerti.
2152 2842 2158 2847 .
2181 2842 2186 2847 .
2425 2842 2430 2847 .
2494 2840 2502 2847 .

1552 2857 1572 2894 3
1602 2854 1834 2904 Descenden.
1862 2841 2022 2897 operia]
2054 2840 2238 2879 infinitiva
2261 2851 2329 2890 pro
2350 2841 2523 2880 Indican-

1501 2909 1555 2945 vis
1579 2917 1685 2943 more
1706 2902 1884 2940 historico.
1913 2897 1945 2932 C
1959 2908 1979 2931 A
1996 2909 2018 2933 τ
2035 2906 2055 2929 Α
2070 2906 2105 2930 Ν.

1549 2968 1572 3000 9
1601 2950 1802 3002 eamean]
1843 2946 1995 2984 Insulam
2029 2948 2128 2993 juxta
2168 2944 2392 2992 Neapolim:
2422 2944 2522 2992 cujus

1497 3004 1628 3042 seccll'u
1651 3000 1891 3040 delectabatur
1924 2997 2094 3034 Tiberius
2119 2995 2255 3031 Caesar.
2287 2995 2395 3033 Hanc
2428 2998 2523 3044 prius

1500 3052 1681 3101 Augustus
1711 3057 1980 3096 permutaverat
2013 3059 2097 3084 cum
2135 3046 2276 3093 Repub.
2314 3047 2525 3096 Neapolita·
2599 3066 2601 3069 .

1497 3115 1630 3143 norum
1653 3102 1810 3144 Aenaria
1833 3101 1923 3139 data.
1952 3099 2068 3141 Distat
2091 3110 2110 3136 a
2136 3100 2309 3138 Surrento
2333 3098 2422 3138 octo
2432 3097 2524 3187 hngss-

2485 3159 2522 3188 us
