2616 3686
544 182 885 238 LIBER
954 180 1020 230 V.
1087 180 1654 231 EPISTOLA
1723 182 1814 233 Vi.

2150 205 2238 258 343

119 270 382 329 tiformem
411 307 422 327 ‚
463 261 798 332 humilesque
827 297 843 322 ,
882 254 896 277 ¹
925 257 977 311 &
1007 268 1238 310 retentas
1266 272 1427 310 manu
1449 256 1743 311 arbusculas
1771 260 2038 314 circumit.
2066 272 2247 320 omnia

119 342 341 405 maceria
368 337 712 391 muniuntur:
753 333 889 387 banc
916 329 1134 402 gradata
1158 327 1333 383 buxus
1355 325 1371 344 ²
1395 329 1570 398 operit
1601 330 1653 381 &
1680 328 1951 384 subtrahit.
2025 332 2242 390 Pratum
2295 338 2349 386 ¹8

119 413 243 470 inde
266 427 372 465 non
401 411 573 464 minus
599 421 813 468 natura,
850 419 1009 476 quam
1040 403 1310 471 superiora
1337 397 1419 455 illa
1438 438 1452 461 ‚
1489 415 1602 454 arte
1631 400 1923 456 visendum.

2001 405 2015 431 ³
2049 404 2244 476 Campi

118 482 316 540 deinde
350 498 515 554 porro
541 519 557 545 ,
596 480 866 547 multaque
898 477 992 529 alia
1018 488 1164 545 prata
1192 473 1245 528 δε
1282 472 1504 528 arbusta.
1543 477 1600 527 A·
1623 474 1798 556 capite
1825 477 2243 546 porticustricli·
2295 494 2354 543 19

117 559 263 614 nium
293 559 530 610 excurrit
555 592 571 617 ‚
623 553 784 606 valvis
811 548 1020 620 xystum
1045 547 1378 602 desinentem
1412 584 1428 610 ‚
1467 546 1520 598 &
1554 561 1798 616 protinus
1823 560 2068 619 pratum,
2108 552 2245 621 mul-⁸

117 645 342 700 tumque
379 627 510 682 ruris
547 648 565 673 ⁴
598 624 742 677 videt
781 621 1037 676 fenestris.

175 925 190 951 1
220 913 268 947 Et
289 913 442 945 retentas
462 919 575 945 manu
597 905 845 957 arbusculas.]
874 906 1003 946 Minos
1017 937 1027 953 ,
1041 908 1139 946 Gru-

121 972 215 1003 terus
235 961 273 998 &
294 958 454 1008 plerique
472 960 691 997 recentiores
713 959 844 996 dabant
866 971 875 995 :
915 970 960 997 <7
981 959 1140 997 retonsas

122 1025 230 1053 manu
261 1007 461 1057 arbusculas
485 1037 496 1054 ,
524 1010 626 1060 quod
648 1009 800 1059 quidem
822 1010 1047 1048 inconcinne
1069 1011 1140 1048 iin-

120 1064 269 1103 mittitur
292 1088 303 1105 ,
330 1071 413 1098 cum
443 1060 549 1110 tonfis
583 1062 700 1099 modo
721 1060 762 1097 fit
790 1061 940 1100 lectum.
997 1061 1067 1100 Sed
1101 1063 1140 1100 ὅτ.

120 1114 230 1153 dictio
260 1111 390 1150 absona
423 1110 472 1148 est
501 1112 655 1162 retonsas
686 1124 799 1149 manu
821 1139 831 1155 ‚
869 1110 970 1162 quasi
1005 1114 1044 1151 &
1067 1113 1140 1150 alio

119 1164 255 1209 modo,
286 1173 396 1212 quam
429 1175 541 1199 manu
573 1163 719 1201 tonderi
741 1161 896 1212 possent.
952 1163 1140 1212 Gryphius

118 1227 202 1253 cum
233 1215 314 1252 MS.
346 1210 450 1250 Voss.
480 1215 640 1264 retunsus
667 1243 678 1259 ,
705 1213 806 1263 quod
831 1215 942 1252 etiam
966 1215 1139 1252 vitiosum

118 1265 176 1304 est.
197 1266 322 1315 Scripti
345 1275 475 1302 omnes
500 1265 627 1315 reliqui
651 1266 690 1303 ὅ(
712 1265 778 1303 Ed.
800 1265 886 1303 Vet.
910 1276 996 1302 cuin
1017 1265 1139 1312 Aulo,

119 1317 303 1355 Catanaeo
327 1316 365 1353 ὅ(
387 1317 530 1363 paucis:
557 1327 602 1354 ey
620 1324 776 1354 retentas
799 1329 924 1353 manu.
946 1316 1141 1355 verissime.

119 1368 293 1417 Optimus
313 1381 321 1404 :
350 1377 508 1403 recantes
533 1395 544 1412 ,
579 1367 858 1416 transpositione
881 1367 1034 1404 duarum
1060 1367 1142 1404 Vo-

117 1419 258 1457 talium.
310 1423 428 1453 Manu
459 1415 534 1455 fieri
563 1417 755 1462 dicuntur,
782 1427 1042 1468 quaecumque
1067 1426 1143 1456 arte

118 1470 184 1518 (ut
205 1481 295 1507 mox
318 1479 354 1505 n.
380 1466 461 1514 18.)
487 1479 599 1516 opere
624 1496 634 1512 ‚
663 1469 754 1506 vitio
777 1468 840 1506 seu
860 1469 995 1505 virtute
1015 1469 1139 1507 homi-

117 1522 170 1559 nis
203 1519 295 1557 fiunt
317 1548 327 1564 ,
366 1528 444 1552 non
465 1517 508 1553 ab
530 1526 656 1554 natura
678 1526 740 1554 aut
766 1519 842 1553 fato
864 1519 1030 1555 veniunt.
1085 1521 1142 1558 Sic

118 1573 264 1609 arbores
295 1570 339 1606 ab
372 1575 498 1604 natura
530 1569 728 1604 retinentur
754 1595 763 1611 ,
798 1578 893 1616 quae
926 1576 1051 1605 natura
1083 1569 1142 1607 sua

120 1623 201 1660 sunt
221 1621 376 1658 humiles
397 1645 407 1661 ,
435 1631 547 1654 manu
571 1620 770 1655 retinentur
786 1646 796 1662 ,
823 1628 917 1666 quae
941 1629 1059 1667 opere>
1075 1621 1144 1658 hu-

118 1684 244 1710 mano.
272 1669 599 1713 Familiariffimum
623 1670 694 1706 lioc
718 1668 816 1706 sensu
827 1669 1049 1706 vocabulum
1064 1671 1143 1708 An-

119 1726 240 1768 naeis,
269 1722 370 1771 quod
402 1719 446 1756 ad
481 1720 656 1757 Senecam
689 1719 841 1757 ostendit
877 1719 1044 1768 Lipsius,
1073 1733 1142 1760 nos

120 1774 164 1812 ad
188 1776 383 1812 Lucanum
410 1770 491 1808 Lib.
516 1769 582 1806 IV.
606 1781 655 1807 vs.
681 1782 761 1820 535.
1061 1802 1065 1806 .

172 1836 192 1861 2
222 1821 379 1871 Operm]
410 1821 647 1858 Recentiores
679 1821 788 1870 aperit
810 1850 820 1866 ‚
850 1820 909 1859 sed
932 1821 1140 1862 nolentibus

125 1872 340 1911 editionibus
363 1873 513 1911 exo‘ciis
527 1899 537 1915 ‚
561 1873 689 1920 quibus
711 1872 879 1910 adhaeret
900 1884 1052 1922 quoque
1074 1875 1140 1912 Pa-

123 1930 181 1966 lat.
211 1925 400 1961 Gauri—:ic
429 1921 550 1959 Nostri
573 1924 681 1960 etiarn
705 1934 834 1960 omnes
849 1950 858 1966 ,
885 1932 1025 1972 praeter
1038 1925 1140 1963 Voff.

122 1974 226 2019 ,perit
239 1971 471 2021 &subtrahit
487 2000 496 2015 ,
524 1973 718 2021 quomodo
731 1975 768 2011 &
781 1973 908 2017 Aldus,
921 1974 1111 2023 Gryph'us
1127 2005 1137 2022 ,

122 2024 187 2068 alii.
221 2023 397 2061 Mendose
413 2022 598 2060 Hacldana
611 2035 619 2059 :
633 2024 736 2073 operit
749 2023 1000 2071 cyabs‘condin
1013 2036 1140 2065 contra

121 2074 232 2118 fidem
248 2075 417 2111 omnium
431 2074 613 2111 librorum.
631 2075 800 2113 Lucanus
813 2074 893 2111 Lib.
906 2075 975 2112 VI.
988 2087 1037 2115 vs.
1053 2078 1138 2127 518.

172 2172 242 2181 ..-.
295 2170 357 2181 -
408 2169 476 2179 —-
522 2146 555 2198 fi
575 2149 714 2187 nimbus
731 2178 741 2194 ,
767 2160 810 2188 U
833 2160 935 2188 atrae

173 2201 293 2240 Sidera
316 2200 514 2239 subducunt
536 2199 650 2238 nubes.

172 2283 191 2318 3
223 2273 348 2322 Campi
369 2271 500 2310 deinde
514 2300 524 2316 ,
551 2283 661 2320 porro
682 2271 875 2322 multaque
897 2272 972 2311 alia
990 2274 1138 2325 pram]

119 2322 314 2361 Distinctio
335 2322 382 2360 est
397 2323 530 2360 vitiosa.
560 2323 689 2370 Lego:
718 2323 843 2373 Campi
857 2323 989 2362 deinde
1002 2337 1113 2373 porro
1129 2354 1138 2371 ‚

121 2373 303 2421 multaque
335 2373 409 2410 alia
438 2382 558 2422 prata.
599 2374 810 2411 Comei-ent
844 2376 979 2423 quippe
1004 2375 1140 2412 Deinde

119 2431 214 2472 porro
230 2452 239 2467 ,
264 2422 351 2462 sicut
371 2424 467 2472 apud
485 2424 706 2461 Ciceronem
729 2425 890 2473 aliosque
915 2426 1036 2462 deinde
1053 2425 1140 2474 post-

123 2486 174 2512 ea.
212 2475 428 2513 Scaeam.
467 2474 675 2522 Gryphius:
704 2476 830 2524 Campi
855 2474 977 2512 deinde
1004 2503 1014 2518 ‚
1037 2484 1137 2525 porro

125 2524 239 2563 multa
271 2525 345 2561 alia
377 2535 483 2569 prata
509 2553 518 2568 ‚
556 2525 659 2574 quoi
692 2525 803 2562 dubio
836 2526 964 2572 procul
986 2537 1031 2563 cx
1057 2526 1138 2565 MS.

125 2572 225 2613 Voff.
246 2573 438 2618 desumsit,
466 2576 525 2612 cui
545 2588 608 2624 que
632 2574 739 2613 deest.
767 2575 914 2613 Bartliio
938 2576 1049 2614 verba
1060 2588 1141 2614 cor-

129 2631 227 2673 rupta
257 2626 471 2665 vidsbantur
495 2653 505 2668 ‚
544 2636 585 2664 ea
616 2635 740 2663 tamen
763 2628 799 2664 in
822 2627 993 2664 omnibus
1017 2627 1139 2665 Cotld.

129 2671 288 2722 leguntur
308 2705 318 2722 ,
357 2678 395 2714 &
428 2676 516 2713 nihil
538 2677 615 2713 vitii
637 2677 794 2721 liabent,
822 2675 847 2714 si
871 2675 1139 2716 distinetioneni

136 2721 297 2765 Schefferi
327 2726 489 2775 sequaris.
531 2728 587 2764 Sic
621 2727 750 2765 Livius
784 2727 919 2764 Deinde
936 2726 1072 2777 postea,
1101 2731 1139 2767 &

135 2770 562 2826 Lib.XXXlV.cap.IX.
593 2782 682 2814 Mox
695 2779 840 2823 deinde,
870 2777 1014 2816 Plautus
1028 2780 1138 2817 Stich.

138 2819 183 2875 Α..
204 2821 231 2859 l.
250 2825 302 2863 Sc.
322 2827 370 2864 11.
387 2838 440 2865 vs.
460 2839 518 2877 29.
549 2827 658 2877 Igitur
681 2829 804 2867 deinde
819 2857 829 2873 ‚
858 2830 921 2878 qui
945 2831 982 2867 ἓξ
1005 2831 1140 2868 Deinde

138 2868 217 2906 hinc
237 2877 426 2926 coniungit.
455 2878 622 2915 Laetant.
646 2879 726 2917 Lib.
751 2878 780 2916 1.
804 2891 881 2928 cap.
906 2880 1009 2917 XIV.
1036 2880 1139 2930 Post-

137 2920 227 2957 liaec
246 2920 368 2965 deinde
389 2934 538 2965 saturno
559 2930 688 2968 datam
708 2931 851 2980 sortem.
874 2930 973 2969 Vide
986 2930 1137 2971 Bosium

138 2969 181 3025 ad
208 2969 340 3027 Nepot.
374 2977 527 3017 Eumen.
558 2991 634 3030 cap.
665 2981 714 3018 V.
738 2993 774 3018 ii.
800 2995 831 3030 ς.
861 2981 916 3018 Cl.
940 2982 1065 3020 Davis.
1093 2984 1137 3022 ad

138 3019 216 3057 (7¹0
241 3020 319 3075 lab·
338 3023 403 3062 lV·
423 3027 528 3067 Tusc.
542 3032 617 3079 Qu.
631 3043 706 3082 cap.
721 3031 863 3070 XXIV.
892 3032 1028 3070 Deinde
1035 3041 1138 3084 porro

63 3106 70 3120 .
137 3081 279 3119 PYOPne
300 3081 559 3124 Coniunguntug
572 3109 584 3129 ,
610 3081 636 3121 si
657 3084 794 3132 cogites
808 3112 820 3132 ,
846 3095 941 3134 quae
964 3083 1010 3124 de
1031 3087 1141 3135 parti-

1118 622 1240 676 Hac
1264 621 1396 674 latus
1418 618 1549 689 xysti
1578 619 1630 672 δι
1657 619 1805 690 quod
1838 620 2037 691 prosilit
2061 620 2244 686 villae,

121 713 133 740 ⁵
174 701 273 756 hac
314 698 595 771 adjacentis
629 694 646 717 ⁶
682 695 1010 768 hypodromi
1047 710 1234 750 nemus
1262 735 1279 762 ‚
1327 709 1615 764 comasque
1641 691 1959 764 prospectat.
2032 692 2242 750 Contra

2289 702 2355 747 20

2007 767 2243 826 mediam

1207 905 1285 944 cula
1303 914 1404 954 porro
1427 911 1601 942 notamus
1623 902 1668 940 ad
1692 903 1826 941 Sallust.
1852 903 1930 952 lug.
1954 917 2032 954 cap.
2058 906 2182 945 XXV.
2204 910 2243 948 n.'

1208 968 1243 1004 7.
1269 957 1367 993 Mox
1394 954 1559 993 Riccard.
1581 955 1711 991 Oxou.
1736 956 1774 992 ὅς
1800 955 1903 992 Vofl'.
1932 957 2056 1006 Capite
2064 959 2243 1008 porticus,

1211 1007 1286 1046 sine
1308 1005 1593 1055 Praepositione.

1263 1070 1287 1105 4
1315 1057 1457 1106 Videt.]
1488 1057 1526 1094 T
1530 1057 1722 1094 riclinium.
1763 1055 1888 1094 Tanta
1913 1059 2024 1105 gratia
2049 1058 2151 1097 fuiffe
2174 1059 2245 1100 dis-

1213 1108 1329 1159 pofita
1368 1107 1542 1146 monstrat
1566 1110 1692 1145 omnia
1716 1106 1850 1145 domus
1871 1109 2036 1146 membra
2062 1137 2073 1154 ‚
2111 1119 2153 1147 ut
2175 1111 2246 1161 sin-¹

1213 1160 1303 1208 gulis
1325 1160 1467 1199 sensum
1491 1158 1642 1197 videndi
1664 1159 1845 1208 praebeat.

1264 1225 1283 1260 ς
1315 1211 1400 1248 Hac
1421 1209 1660 1259 adimam]
1692 1210 1749 1247 Sic
1772 1210 1968 1248 emendavi
1983 1222 2027 1249 ex
2041 1211 2245 1260 Mediceo‚'

1215 1261 1413 1300 Lindenbr.
1446 1259 1549 1298 Voff.
1581 1268 1692 1310 atque
1723 1261 1772 1298 ita
1800 1262 1872 1298 iani
1908 1262 2019 1300 edidit
2044 1262 2243 1312 Gryphius.

1214 1313 1369 1361 Vulgo:
1398 1323 1440 1349 ac
1464 1313 1672 1350 adiacentis.

1264 1365 1286 1400 6
1315 1362 1581 1415 Hippodromi.]
1615 1363 1731 1411 Cujus
1755 1362 1916 1401 formam
1939 1375 2031 1401 mox
2056 1366 2249 1407 Secundus

1213 1416 1394 1463 exprimit.
1421 1414 1511 1452 Erat
1535 1423 1661 1452 autem
1684 1414 1787 1450 locus
1810 1414 1929 1452 reatus
1956 1443 1966 1459 ,
1994 1417 2056 1463 qui
2080 1418 2246 1457 intranti-

1211 1464 1275 1502 bus
1298 1464 1414 1502 statim
1438 1465 1472 1502 se
1496 1464 1675 1502 offerebat
1694 1492 1704 1508 ‚
1731 1464 1818 1501 hinc
1840 1464 1927 1502 inde
1950 1466 2133 1505 arboribus
2154 1479 2246 1507 con-

1214 1513 1297 1552 situs
1322 1543 1332 1559 ,
1369 1514 1415 1552 ad
1448 1515 1590 1552 cursum
1622 1517 1660 1553 &
1695 1516 1936 1562 agitationem
1980 1528 2165 1566 equorum
2188 1521 2245 1557 in-

1212 1565 1386 1603 structus:
1415 1563 1504 1602 sicut
1526 1566 1596 1614 ipsa
1621 1566 1789 1603 vocabuli
1813 1567 2066 1616 interpretatio
2079 1569 2246 1610 ostendit.

1215 1616 1275 1654 De
1298 1627 1376 1666 quo
1400 1615 1568 1654 Sidonius
1593 1617 1673 1654 Lib.
1696 1616 1744 1653 II.
1769 1618 1806 1655 ὃς
1829 1616 1948 1655 Hom.
1963 1617 2106 1657 XXlV.
2117 1620 2217 1668 plura
2232 1649 2248 1667 ,

1215 1667 1398 1716 quaedam
1427 1666 1657 1704 Philostratus
1689 1667 1740 1704 V.
1778 1667 2006 1717 Hippodromi
2028 1668 2139 1708 Mart.
2162 1672 2246 1714 Lib.

1215 1716 1302 1755 XII.
1323 1717 1514 1754 meminit:
2242 1720 2245 1723 '

1259 1817 1540 1906 Pugyereumque
1548 1819 1670 1869 fugax
1690 1817 1974 1868 hippodromon
1996 1823 2130 1873 ungula
2136 1824 2243 1878 plau-J

1340 1880 1381 1907 tt.

1212 1970 1342 2008 Pollux
1364 1970 1614 2021 hippodromon
1636 1972 1730 2010 inter
1742 1972 1882 2022 publica
1894 1972 2055 2014 aedificia
2069 1979 2244 2018 recenset)

1213 2022 1266 2059 At
1299 2022 1523 2060 Peridromus
1559 2022 1666 2061 fiebat
1688 2025 1725 2061 in
1745 2023 1917 2062 aedificiis
1939 2025 2092 2074 superne
2113 2029 2151 2065 in
2175 2031 2242 2068 cir-

1215 2074 1314 2111 cuitu
1329 2101 1340 2117 ‚
1367 2081 1408 2111 ut
1437 2074 1593 2122 legimus
1614 2073 1712 2124 apud
1734 2075 1994 2114 Herodianum
2003 2079 2243 2126 peridromum

1213 2125 1324 2172 pleno
1347 2125 1618 2174 amphitheatro
1633 2124 1912 2164 exaedificatum
1925 2128 2146 2166 Commodo
2159 2131 2242 2170 fuis-

1211 2174 1245 2212 se
1273 2188 1281 2212 :
1318 2187 1382 2224 per
1415 2188 1529 2225 quem
1564 2176 1754 2213 decurrere
1786 2178 1823 2214 in
1857 2178 1984 2215 orbem
2018 2177 2135 2227 posset
2155 2208 2165 2223 ‚
2193 2194 2242 2220 ne

1213 2227 1423 2264 comminus
1447 2238 1532 2263 cuni
1556 2226 1671 2265 bestiis
1694 2237 1858 2274 pugnans
1871 2230 2151 2276 periclitaretur:
2180 2232 2241 2270 sed

1215 2275 1368 2325 superne
1400 2287 1443 2313 ac
1476 2276 1521 2313 de
1553 2285 1636 2314 tuto
1668 2277 1755 2313 loco
1776 2279 1847 2314 tela
1868 2278 2241 2326 jaciendojaculandi.

1215 2327 1338 2374 potius
1371 2326 1555 2363 scientiam
1581 2355 1592 2370 ‚
1621 2337 1733 2375 quam
1757 2327 2009 2365 fortitudinem
2031 2327 2244 2371 ostentaret.

1214 2375 1374 2413 Proinde
1396 2375 1494 2424 apud
1513 2377 1701 2413 Pollucem
1718 2403 1728 2420 ,
1758 2379 1982 2415 Periflromus
1997 2377 2043 2414 est
2057 2378 2244 2422 funiculus

1215 2427 1253 2463 in
1277 2434 1440 2462 extrema
1465 2427 1502 2462 ὃ(
1524 2425 1696 2474 superiori
1721 2436 1819 2474 parte
1843 2431 1924 2466 retis
1947 2428 2160 2477 impositus,
2175 2436 2240 2482 qui

1215 2476 1396 2513 contrahit
1420 2477 1457 2513 ὃ(
1481 2476 1644 2514 extendit
1671 2484 1768 2514 retia.
1799 2479 1954 2518 CATAN.
1983 2482 2239 2535 Hypodromi.]

1216 2526 1486 2575 HIpp0dmmum
1509 2529 1630 2575 inepte
1650 2527 1719 2575 legi
1739 2541 1806 2576 pro
1819 2530 2037 2579 Hypodromo
2050 2540 2154 2570 notat
2165 2535 2241 2581 Jac.

1219 2577 1393 2614 Sirmond
1422 2577 1467 2614 ad
1498 2578 1625 2616 locum
1655 2577 1792 2618 Sidonii
1829 2582 1906 2618 Lib.
1932 2581 1979 2619 ll.
2008 2581 2055 2621 Et
2078 2585 2169 2622 ratio
2192 2587 2239 2627 ibi

1215 2628 1363 2676 allegata
1386 2629 1456 2666 liuc
1479 2630 1634 2678 pertinet
1660 2657 1670 2673 ,
1709 2641 1792 2668 cum
1820 2632 1988 2671 Sidonius
2009 2633 2107 2672 haud
2131 2635 2243 2676 dubie

1215 2679 1308 2716 lianc
1333 2690 1468 2716 vocem
1499 2691 1518 2716 a
1544 2680 1661 2717 Plinio
1683 2690 1870 2721 mutuatus
1891 2683 1943 2720 fit.
1998 2685 2089 2722 Non
2111 2687 2209 2724 enim
2225 2717 2241 2734 ,

1214 2733 1284 2775 ait,
1310 2729 1436 2767 circum
1459 2731 1622 2779 inte1³igit
1647 2759 1658 2776 ‚
1685 2733 1747 2781 qui
1770 2735 1943 2783 quorsum
1968 2736 2003 2773 in
2015 2736 2160 2774 aedium
2176 2749 2242 2776 vc-

1214 2780 1342 2819 stibulo
1358 2809 1368 2825 ‚
1396 2790 1459 2818 aut
1479 2782 1568 2831 quid
1589 2782 1696 2820 liabet
1720 2794 1804 2821 cum
1830 2786 2119 2836 Cryptoporticu
2132 2799 2242 2826 com-

1214 2830 1357 2869 niune?
1389 2831 1447 2869 sed
1469 2835 1598 2869 tec‘lam
1621 2833 1872 2882 longitudinem
1898 2841 1934 2876 ἅ
1957 2838 2113 2887 clausum
2127 2840 2245 2877 unde--

1213 2897 1350 2932 quaque
1381 2883 1671 2920 deambulacrum
1695 2897 1703 2921 :
1742 2888 1859 2936 qualia
1882 2889 1960 2927 sunt
1982 2891 2020 2926 in
2044 2888 2236 2929 Vestibuiis

1212 2945 1426 2982 magnatum
1443 2962 1454 2978 ,
1483 2945 1544 2972 aut
1567 2936 1685 2984 qualia
1709 2964 1719 2981 ‚
1748 2949 1841 2987 quae
1856 2938 1974 2986 studia
1999 2949 2102 2990 opaca
2127 2950 2238 2980 vocat

1212 2984 1367 3022 Tertull.
1401 2986 1446 3022 in»
1462 2986 1543 3024 Lib.
1568 2986 1613 3023 ad
1636 2986 1834 3036 Martyres.
1885 2993 2124 3042 hypodromus
2144 3003 2244 3031 Vero

1215 3047 1258 3073 cx
1283 3048 1328 3073 co
1351 3035 1490 3082 dicun,
1517 3037 1618 3086 quod
1641 3037 1703 3076 sub
1724 3049 1770 3076 eo
1793 3040 2003 3087 incedatur,
2032 3041 2120 3080 ficut
2140 3043 2243 3080 Peri-

1213 3088 1355 3141 dremus
1384 3089 1424 3128 in
1456 3086 1561 3138 xysto
1582 3089 1786 3139 hyp-aethra
1807 3092 2006 3132 ambulatio
2029 3104 2049 3132 a
2072 3093 2244 3132 circumi*

1568 3171 1573 3175 .
2178 3148 2242 3186 tu,
