2616 3686
1250 5 1272 37 ,δ
2074 45 2081 50 ᾖ
2411 0 2454 30 Ὠ,

258 205 352 266 334
519 170 1613 240 C.PL1NIICAECIL11
1686 171 2200 226 SECUNDI

253 279 368 333 tet,
408 283 575 342 quam
611 261 805 319 blande
844 275 1005 331 roges
1031 295 1047 321 ,
1084 268 1144 311 ut
1185 255 1389 325 reliqua
1415 247 1740 321 cognoscam,
1778 249 1817 304 fi
1842 263 2022 309 tamen
2047 272 2159 310 non
2183 267 2309 313 ante
2334 250 2410 316 ob

252 343 389 474 ἰθεῖα
431 340 542 413 ipsa
582 336 798 393 veneris
837 333 1079 392 Romam
1107 367 1125 394 ‚
1172 325 1545 398 spefiatorque
1585 322 1832 378 malueris
1862 324 1995 391 este,
2030 344 2196 402 quam
2219 329 2405 388 lestor,

309 433 341 469 a
366 432 407 469 e.
1579 423 1581 425 ·

481 547 557 607 V.
631 547 699 605 C.
774 547 1212 603 PL1N1us
1285 538 1299 558 ¹
1375 535 1810 592 MAleo
1886 532 2083 589 Suo
2158 536 2212 592 S.

272 686 473 747 Fannii
510 687 706 742 obitum
740 685 883 754 luget
922 660 978 734 in
1003 679 1124 749 sinu
1153 673 1397 727 Maximi
1431 672 1490 726 ob
1519 673 1838 735 amicitiam,
1881 672 2174 745 ingenium,
2213 673 2313 732 &a
2359 677 2416 734 ξς

345 760 485 834 quod
519 760 818 825 testamento
860 754 1156 829 reliquerat.
1183 744 1400 801 heredes
1436 746 1562 826 ficos
1596 746 1831 799 inimicos
1855 782 1871 808 ‚
1911 744 2146 816 quodque
2172 749 2418 820 imperfh.

345 834 450 888 olis
476 832 667 893 libris,
704 845 829 901 quos
856 825 916 879 de
943 823 1181 879 Neroms
1197 817 1489 890 steleribus
1514 816 1888 879 tnchoaverat,
1926 820 2220 885 deceffl’rat.

477 966 772 1023 Unciatum
811 963 943 1020 mihi
983 961 1058 1016 est
1085 999 1101 1023 ,
1154 957 1222 1012 C.
1260 952 1524 1010 Fannium
1566 950 1877 1007 deceffiffe:
1920 956 2012 1023 qui
2041 959 2267 1013 nuncius
2295 957 2310 983 ³
2336 976 2424 1014 me

479 1043 629 1114 gravi
667 1039 859 1094 dolore
900 1031 1206 1089 confundit.
1271 1028 1516 1082 Primum
1541 1066 1557 1092 ,
1596 1024 1748 1097 quod
1776 1027 1945 1078 amavi
1972 1025 2248 1084 hominem
2276 1047 2293 1072 ⁴
2319 1033 2427 1086 Cle-

281 1132 498 1193 gantem
524 1153 538 1176 ,
580 1114 634 1167 &
673 1110 971 1167 disertum:
1013 1104 1213 1161 deinde
1240 1139 1256 1165 ,
1305 1097 1455 1172 quod
1489 1096 1700 1169 judicio
1740 1095 1850 1167 ejus
1877 1099 1956 1151 uti
1979 1097 2226 1155 solebam.
2303 1102 2432 1159 Erat

200 1202 231 1250 2
283 1194 427 1250 enim
457 1201 642 1243 natura
669 1198 889 1247 acutus,
929 1180 1022 1235 usu
1048 1177 1406 1235 exercitatus,
1443 1181 1455 1208 ⁵
1485 1173 1742 1226 varietate
1767 1169 2206 1241 promptissimus,
2262 1176 2433 1245 Angit

282 1283 372 1323 me
414 1262 570 1332 super
605 1258 694 1314 ista
738 1256 881 1311 casus
907 1253 1078 1326 ipfiuS.
1160 1244 1402 1304 Decessit
1431 1246 1602 1298 veteri
1626 1242 1960 1297 testamento
2039 1242 2261 1312 Omisit,
2300 1263 2436 1317 quos

285 1338 520 1394 maxime
556 1329 854 1402 diligebat:
899 1326 1211 1397 prosecutus
1249 1319 1366 1379 est,
1404 1337 1426 1369 6
1453 1317 1654 1387 &quibus
1693 1313 1948 1370 offenfior
1989 1331 2118 1370 erat.
2198 1317 2302 1372 Sed
2330 1321 2437 1377 hoc

285 1423 566 1480 utcunque
594 1402 871 1458 tolerabile
900 1417 911 1454 :
947 1399 1158 1470 gravius
1187 1393 1318 1449 illud
1336 1435 1352 1461 ‚
1392 1388 1545 1463 quod
1573 1388 1993 1462 pulcherrimum
2021 1407 2154 1461 opus
2179 1392 2436 1463 imperfe-

2290 1464 2437 1525 &um

289 1618 441 1661 reddidi.
494 1613 705 1654 Transsatio
739 1624 760 1650 a
790 1612 903 1650 brutis
921 1638 931 1653 ‚
961 1621 1056 1659 quae
1080 1608 1337 1647 intentionem

919 1663 924 1667 ,
1405 1609 1556 1654 Propter
1588 1600 1743 1651 sequens
1774 1599 1890 1650 Angit
1914 1629 1925 1646 ‚
1973 1602 2153 1650 praefero.
2199 1603 2442 1656 Aequalitatis

293 1672 488 1720 dirigentes
509 1666 708 1706 intendunt
728 1676 843 1705 aures.
875 1663 1071 1713 Virgilius:

1409 1653 1556 1693 studiofi
1580 1681 1591 1698 ,
1627 1653 1713 1702 quia
1747 1653 1935 1696 confundit
1957 1653 1996 1690 in
2020 1655 2285 1703 exemplaribus
2309 1660 2445 1706 reperi-

1413 1707 1546 1750 ebant,
1574 1703 1677 1752 supra
1702 1702 1870 1741 fecerunt
1895 1703 2124 1748 Nunciatur;
2153 1717 2231 1755 pars
2255 1711 2445 1751 confundit

1413 1762 1663 1806 corruperunt.
1693 1754 1764 1792 Sed
1788 1756 1963 1804 coniungi
1986 1756 2098 1803 proba
2119 1758 2260 1795 ratione
2283 1771 2324 1797 ea
2347 1768 2445 1799 tem-

1413 1819 1502 1857 pora
1514 1805 1615 1856 posse
1629 1834 1640 1850 ‚
1668 1805 1806 1844 dietum
1820 1805 1865 1843 ad
1879 1807 1958 1844 Lib.
1973 1806 2019 1843 11.
2031 1806 2138 1856 Epist.
2151 1808 2274 1846 XVII.
2289 1822 2323 1847 n.
2337 1822 2393 1860 23.

1464 1870 1488 1904 4
1511 1858 1723 1912 ,Εἰεςαηῑεηι
1749 1858 1787 1895 &
1809 1856 2018 1908 disertum]
2050 1858 2446 1905 Mediceus‚Riccard.

1415 1907 1518 1947 Vofl.
1544 1910 1583 1947 &
1606 1909 1719 1946 Arnz.
1741 1913 1936 1957 elegantem
1960 1937 1970 1954 ‚
1998 1909 2168 1958 disertum
2184 1939 2194 1954 ,
2223 1910 2297 1948 fine
2317 1913 2446 1963 Copu-

1414 1962 1458 2051 1ἒὲ
1487 1960 1654 2049 Iltgsolet
1674 1960 1820 1998 Plinius.
1849 1960 1947 1999 Vide
1971 1960 2052 1999 Lib.
2078 1960 2104 1999 Ι.
2129 1961 2237 2012 Epist.
2260 1962 2327 2000 ΙΙΙ.
2350 1975 2386 2002 n.
2416 1977 2448 2004 1.

1477 2023 1522 2049 ai
1547 2024 1568 2049 1.

343 1789 417 1804 -—
446 1768 674 1818 Arrefflsque
697 1764 842 1803 auribus
863 1763 1023 1812 adstant.

300 1875 459 1914 Cum.
481 1870 586 1909 Erexi
605 1881 708 1907 aures
731 1877 812 1904 tuas
828 1895 838 1910 ‚
867 1863 1085 1915 quamdiu.]
1111 1864 1160 1902 Et
1175 1865 1268 1902 haec
1289 1863 1344 1900 in-

306 1924 570 1975 terpuneuone
592 1921 769 1958 laborant.
800 1919 944 1956 Scribe:
977 1918 1083 1953 Erexi
1103 1929 1207 1953 aures
1231 1926 1314 1951 tuas
1328 1929 1338 1948 .-

332 1975 483 2014 uamdiu
507 1983 600 2009 nunc
627 1979 757 2021 oportet
779 1981 887 2019 quam
911 1967 1042 2004 blande
1063 1981 1155 2016 roges
1178 1995 1189 2010 ,
1227 1976 1268 2002 ut
1283 1978 1345 2001 -νι-

307 1991 406 2078 ῗὶφια
430 2024 618 2075 cognoscas.
653 2023 824 2059 Casina.
854 2018 995 2057 Recte:
1034 2030 1141 2068 quam
1165 2018 1227 2054 diu
1251 2028 1346 2052 nunc

308 2087 440 2130 oportet
463 2104 474 2121 ,
501 2087 610 2125 quam
646 2072 777 2109 blande
807 2084 900 2119 roges
927 2098 937 2113 ,
975 2070 999 2106 i.
1029 2068 1235 2106 admodum
1261 2067 1346 2112 diu,

311 2126 521 2168 admodum
540 2124 681 2163 blande.
713 2123 813 2160 Male
836 2121 977 2160 editur:
1009 2120 1322 2157 Erexiaurestuas
1337 2146 1348 2162 ‚

287 2220 292 2226 .
313 2191 424 2231 quam
446 2178 508 2215 diu
530 2188 625 2213 nunc
648 2184 777 2224 oportet
798 2190 807 2209 :
837 2185 946 2221 quam
972 2179 1041 2209 cet.
1081 2171 1234 2208 Bima.
1273 2170 1350 2206 De-

315 2232 427 2269 terius
451 2227 638 2276 Gryphius
664 2240 672 2263 ι
701 2238 810 2275 quam
834 2224 894 2261 diu
918 2235 1011 2259 nunc
1034 2230 1163 2270 oportet
1189 2230 1204 2259 ἓ
1243 2221 1350 2264 Scio,

315 2278 590 2366 quamlblande
616 2290 723 2326 roges.
750 2284 877 2314 contra
906 2285 1038 2311 omnes
1065 2273 1186 2310 libros.
1225 2272 1352 2309 Oxon.

347 2333 386 2370 ui
413 2330 432 2367 b
454 2330 557 2366 ande.

318 2343 346 2382 q
374 2395 389 2420 1
425 2383 650 2417 MAXIMO
686 2376 826 2426 SUQ]
878 2376 937 2415 Sic
970 2374 1165 2413 Mediceus
1188 2401 1199 2417 ,
1251 2372 1358 2410 Voff.

324 2432 500 2481 Bongars.
533 2429 690 2468 Helmst.
725 2431 764 2467 ὃς
797 2427 866 2466 Ed.
903 2428 991 2465 Vet.
1021 2426 1074 2463 At
1097 2425 1208 2462 Arnz.
1235 2423 1360 2460 Manio

326 2484 525 2527 Maxim03
555 2480 756 2519 Lindenbr.
787 2479 911 2517 Navio
943 2477 1112 2516 Maximo
1135 2490 1147 2520 3
1195 2474 1361 2513 Riccard.

327 2534 408 2573 1nd.
435 2534 548 2572 Nonio
575 2533 751 2570 Maximo.

378 2597 402 2622 2
432 2585 659 2622 Nunciatum
693 2581 783 2619 mihi
818 2580 866 2618 est
891 2609 902 2625 ‚
939 2584 980 2617 C.
1006 2576 1226 2626 Fannium]
1256 2576 1364 2615 Haec

331 2636 488 2683 vulgaris
524 2634 572 2673 est
605 2633 717 2671 leelio
740 2661 750 2677 ,
785 2631 845 2669 sed
880 2643 993 2680 quam
1015 2630 1209 2668 Mediceus
1231 2636 1364 2666 tuetur.

334 2686 503 2724 Riccard.
542 2683 646 2722 Vofl'.
680 2684 807 2721 Oxon.
848 2683 942 2720 Edd.
983 2682 1069 2719 Vet.
1104 2683 1143 2718 ὃς
1176 2680 1361 2717 Aldinae:

339 2738 547 2775 Nunciatur
571 2735 685 2778 mihi,
716 2740 759 2772 C.
786 2734 963 2771 Fannium
987 2731 1165 2781 deceffiffe‚
1195 2730 1298 2781 quod
1319 2741 1365 2768 ex

339 2787 505 2835 sequenti
530 2787 717 2833 consundtt
741 2793 877 2823 ortum.

396 2849 415 2882 3
445 2839 562 2874 Gravi
585 2850 647 2875 me
669 2837 783 2875 dolore
805 2834 985 2873 confudit.
1010 2833 1026 2882 ]
1059 2834 1204 2872 Omnes
1228 2833 1366 2882 scripti:

345 2888 533 2940 nie-gravi
553 2888 663 2925 dolore
679 2916 687 2931 ,
711 2899 779 2925 nec
800 2887 939 2935 semper
962 2885 1156 2923 venustum
1183 2885 1273 2924 olim
1298 2882 1369 2923 effe

348 2934 510 2988 habitum
529 2964 538 2977 ‚
565 2936 587 2971 ii
613 2939 703 2973 inter
726 2938 962 2974 Vocabulum
985 2939 1023 2975 ὃς
1046 2936 1285 2974 Αάἱεᾶἰνωη
1308 2935 1370 2973 ali-

348 2984 440 3030 quid
471 2986 694 3038 interseratur
720 3014 729 3027 ,
762 2988 919 3033 pluribus
952 2987 995 3023 ad
1030 2988 1226 3025 Lucanum
1250 2986 1370 3023 docui.

350 3034 538 3072 Praeterea
564 3035 738 3081 Optimus
752 3037 934 3082 confundit
951 3066 960 3078 ,
984 3048 1050 3083 pro
1063 3038 1240 3083 confudit:
1269 3036 1372 3084 quod

351 3085 428 3128 hoc
457 3084 543 3125 loco
577 3093 653 3121 tam
687 3093 833 3132 propter
872 3088 1096 3124 Nuntiatum
1129 3087 1174 3135 est
1198 3117 1210 3135 ,
1258 3098 1372 3138 quam

411 3267 436 3285 Ἰ

1470 2076 1488 2112 ς
1519 2062 1708 2100 Varietate
1734 2061 2044 2113 promptiffimus.]
2069 2065 2090 2102 i.
2114 2061 2346 2107 πολυμαθειόι
2366 2073 2451 2111 ,aut

1417 2115 1498 2162 lege
1521 2114 1631 2151 varia
1653 2125 1742 2151 arte.
1779 2113 1934 2152 Banu.
1971 2115 2089 2153 Rcele
2120 2104 2353 2152 wozvuoeeesoe
2389 2118 2452 2162 δε,

1420 2164 1446 2202 fi
1468 2164 1587 2202 modo
1608 2164 1712 2202 locus
1734 2165 1835 2202 sanus
1861 2193 1872 2209 ‚
1907 2164 1997 2202 istud
2018 2167 2128 2203 varia
2151 2177 2229 2204 arte
2248 2155 2366 2205 abesse
2390 2166 2452 2205 de-

1423 2216 1491 2254 bct.
1517 2216 1571 2253 Ita
1597 2216 1776 2264 Ingenium
1799 2216 1948 2252 varium
1973 2218 2009 2254 in
2029 2217 2136 2255 laude
2171 2218 2253 2255 Lib.
2287 2217 2316 2255 Ι.
2344 2217 2451 2267 Epist.

1425 2267 1532 2305 XVI.
1559 2278 1592 2304 n.
1621 2280 1651 2304 1.
1680 2266 1893 2304 Laudabam
1915 2267 1984 2304 eius
2010 2268 2199 2317 ingenium
2217 2268 2329 2311 etiam
2352 2279 2452 2305 anu-

1425 2331 1537 2368 quam
1545 2317 1669 2368 scirem
1686 2346 1695 2362 ‚
1709 2331 1818 2367 quam
1840 2319 1982 2355 varium
2000 2348 2010 2364 ,
2037 2333 2146 2369 quam
2153 2317 2328 2368 flexibile,
2341 2331 2449 2369 quam

1425 2369 1613 2419 multiplex
1639 2368 1725 2419 effet.
1764 2369 1901 2418 Neque
1923 2369 2023 2407 aliter
2045 2370 2245 2418 Aeschylus
2266 2370 2448 2407 Prometh.

1427 2421 1554 2458 Vinci.
1587 2431 1639 2458 vs.
1671 2420 1755 2469 308.
1795 2421 1865 2458 Sed
1887 2421 1924 2457 in
1947 2420 2149 2466 Medic-eo,
2179 2418 2337 2457 Riccard.
2360 2417 2447 2452 Lin-

1429 2470 1554 2510 denbr.
1587 2471 1702 2511 Arm.
1736 2472 1775 2510 &
1807 2470 1901 2509 Edd.
1936 2471 2022 2510 Aldi
2054 2474 2092 2510 ὃ(
2125 2469 2278 2518 Gryphii
2311 2464 2443 2503 exstat:

1428 2523 1582 2560 veritate
1590 2520 1978 2572 promptiffimus‚quod
1991 2532 2114 2560 tamen
2128 2521 2276 2569 probare
2287 2523 2446 2565 nequem

1429 2573 1514 2612 licet
1537 2573 1641 2621 supra
1663 2574 1857 2611 veritatem
1879 2573 2044 2622 singulari
2065 2571 2161 2609 sensu
2184 2562 2418 2602 defenderim.

1481 2626 1504 2660 6
1531 2623 1670 2674 Qibus
1696 2623 1849 2674 offensior
1881 2623 2004 2672 erat.]
2043 2624 2147 2668 QUOS
2177 2624 2254 2651 tum
2287 2615 2448 2651 maxmle

1433 2676 1571 2714 oderat.
1621 2675 1720 2714 Nam
1755 2675 1844 2712 dum
1867 2673 1996 2722 scripsit
2024 2670 2273 2718 testamentum
2293 2690 2322 2718 y,
2347 2663 2451 2702 hese-

1436 2727 1498 2765 des
1518 2727 1717 2765 instituerat
1740 2725 1800 2763 fibi
1823 2728 1959 2764 amicos
1973 2752 1983 2767 ,
2003 2719 2060 2758 sed
2081 2715 2201 2770 postea
2226 2720 2355 2749 ml'lfflffi'
2381 2717 2451 2761 pri-

1439 2778 1559 2816 oribus
1582 2808 1592 2823 ,
1626 2778 1715 2815 alios
1739 2775 1799 2813 fibi
1822 2774 2094 2821 comparaverat
2116 2775 2253 2801 amicos
2279 2792 2287 2806 ,
2318 2775 2449 2804 velum

1436 2841 1514 2867 no„
1544 2831 1680 2867 timens
1713 2833 1873 2864 mortem
1899 2850 1908 2866 ‚
1937 2829 2055 2866 neque
2085 2815 2171 2852 ideo
2193 2813 2451 2854 testamentum

1436 2889 1542 2919 γρως
1566 2888 1709 2917 mutans
1732 2873 1881 2912 heredes
1903 2869 2041 2917 reliquit
2076 2867 2162 2902 inim
2181 2877 2252 2903 cos.
2300 2866 2458 2906 (ΪΛτΑΝ.

1438 2925 1786 2975 Mediceus:quibus
1799 2920 1956 2958 offensor
1976 2928 2066 2956 erat.
2099 2917 2207 2956 Male.
2233 2916 2456 2962 Offcnsiascui

1438 2982 1589 3023 diffitm,
1624 2978 1685 3027 qui
1710 2974 1757 3013 illi
1788 2974 1892 3009 iratus
1923 2971 1960 3008 8<
1994 2967 2151 3007 infensus
2185 2968 2231 3006 cst
2256 2968 2302 3003 mk)
2327 2966 2452 3007 lull-am

1437 3029 1592 3068 caussam
1616 3054 1626 3069 ,
1665 3025 1709 3062 de
1744 3024 1843 3059 cuius
1873 3019 2037 3056 dimonis
2072 3019 2290 3068 proprietate
2314 3029 2457 3068 egimus

1437 3079 1484 3118 ad
1506 3076 1639 3116 Sallust.
1665 3075 1742 3124 lug.
1765 3083 1842 3123 cap.
1866 3070 2044 3110 Lxxlu.
2064 3081 2101 3108 n.
2126 3080 2156 3108 1.
2399 3114 2453 3156 Β,

2349 3129 2365 3157 1
2443 3128 2477 3164 ⁸3
