2616 3686
817 183 1803 257 ηεΤΕΡ-ΗΑΝῙ

214 317 410 377 inserta,
446 312 630 363 venalia
651 310 768 360 sunt.
839 310 1009 357 Ultima
1029 309 1131 353 item
1151 306 1252 353 libri
1271 307 1407 365 primi
1430 303 1597 367 epistola
1626 307 1835 370 quaedam
1869 312 2078 375 continet,
2119 331 2226 380 quae
2256 320 2398 373 eodem

217 383 376 448 referri
394 389 576 445 queunt,
609 387 736 439 atque
755 379 868 423 inter
908 375 998 419 alia
1033 374 1229 433 insignem
1251 369 1371 442 'hanc
1401 370 1611 443 regulam:
1648 373 1780 422 Mala
1822 376 1968 425 emtio
2003 378 2182 445 semper
2212 385 2396 451 ingrata

216 447 314 507 est,
350 463 408 495 eo
428 446 652 501 maxime,
692 441 816 504 quod
836 439 1116 500 exprobrare
1137 434 1384 483 stultltlam
1407 434 1601 484 dommo
1622 438 1826 488 videtur.
1898 439 1985 487 Sed
2012 452 2209 506 quamvis
2248 455 2309 500 ibi
2345 458 2397 502 de

219 514 346 578 agelli
362 511 576 567 cujusdam
596 509 770 554 emtione
797 514 986 567 agatur,
1008 500 1162 563 fateor
1181 499 1236 553 &³
1266 499 1316 546 de
1344 499 1488 548 domus
1517 503 1733 564 urbanae,
1767 509 2001 568 quinetiam
2031 512 2219 562 aliarum
2252 534 2396 568 rerum

221 582 422 635 emtione,
445 576 554 623 idem
581 574 664 620 dici
677 572 810 633 poſje,
829 570 998 630 ideoque
1016 583 1096 614 non
1124 566 1186 613 ad
1211 565 1412 626 rusticam
1442 568 1735 616 Oeconomicen
1765 574 1904 630 potius
1939 590 2067 636 quam
2098 578 2158 623 ad
2188 584 2398 634 urbanam

221 647 442 708 pertinere.
507 639 628 687 Inter
647 641 724 686 illa
743 646 913 695 autem,
946 649 1054 697 quae
1065 633 1232 695 proprie
1251 632 1312 679 ad
1331 633 1624 682 Oeconomicen
1653 634 1910 696 rusticanam
1933 644 2175 703 pertinent,
2206 652 2398 698 amitten.

223 713 280 758 da
305 714 383 771 (ut
403 707 568 770 opinor)
600 721 678 752 non
687 703 832 765 fiderit
854 703 930 747 illa
947 700 1049 747 libri
1057 698 1232 758 secundi
1252 697 1446 759 epistola,
1484 716 1568 763 qua
1603 704 1782 756 villam,
1822 719 1928 764 quae
1958 706 2273 759 Laurentinum
2301 720 2400 777 five

223 777 418 826 Laurens
445 772 702 828 vocabatur,
726 780 817 815 tam
841 776 1041 814 accurata
1061 774 1229 826 tamque
1250 769 1400 812 exac‘ta
1422 767 1608 830 ecphrast
1630 769 1744 815 nobis
1764 767 1985 831 describit,
2005 783 2054 818 ut
2085 775 2300 841 depingere
2321 786 2420 842 p0-'

224 844 310 890 tius
328 840 546 887 videatur.
614 836 701 882 Sed
724 849 855 897 quare
875 833 935 880 ad
955 832 1356 892 Oeconomicenstve
1385 831 1583 893 rusticam
1613 836 1700 888 five
1732 834 1989 894 rusticanam
2018 840 2096 885 illa
2125 857 2284 905 quoque
2331 848 2402 894 de.

217 906 395 972 scriptio
404 905 554 967 facere
573 900 743 947 dicenda
767 899 821 961 est
835 899 858 946 ,9
882 899 1102 965 „Quoniam
1124 899 1170 943 in
1191 913 1240 944 ea
1262 912 1418 960 quoque
1427 897 1647 959 struitura
1676 901 1814 947 multa
1843 901 1931 963 ejus
1954 906 2269 974 providentiae,
2292 928 2401 974 quae

228 975 380 1020 bonum
394 965 753 1030 patremfamilias
775 965 885 1012 decet
899 998 914 1024 ,
950 966 1136 1025 exempla
1163 962 1380 1026 observari
1393 965 1576 1026 poſjunt.

293 1041 446 1097 Neque
478 1044 620 1080 tamen
653 1033 818 1090 omnia,
851 1047 956 1093 quae
976 1030 1107 1090 suum
1141 1031 1331 1076 letiorem
1363 1029 1446 1076 hae
1477 1030 1619 1078 docere
1652 1032 1843 1094 epistolae
1868 1035 2060 1097 pefftnt,
2093 1038 2154 1084 ad
2183 1041 2261 1087 illa
2287 1043 2402 1103 poffi

226 1105 367 1152 reduci
399 1102 539 1161 capita
573 1099 764 1145 dixerim.
831 1097 925 1143 Eas
958 1099 1067 1143 enim
1086 1095 1268 1155 stimant
1301 1098 1347 1142 in
1379 1111 1529 1144 manus
1561 1099 1716 1157 aulici,
1748 1101 1939 1162 aliquid,
1961 1104 2071 1163 quod
2099 1104 2160 1150 ad
2176 1106 2404 1167 scientiam

227 1170 409 1217 aulicam
437 1166 648 1226 pertineat
685 1168 840 1226 (neque
876 1165 986 1209 enim
1018 1164 1173 1208 aulicos
1205 1163 1281 1222 effe
1315 1162 1529 1209 duntaxat
1563 1167 1777 1225 empiricos
1809 1168 1952 1214 debere
1985 1169 2209 1226 existimo)
2245 1188 2296 1217 ex
2329 1189 2403 1220 ea-

228 1250 323 1282 rum
356 1234 522 1279 leilione
554 1231 843 1290 reportabunt.
910 1229 980 1275 Ibi
1012 1230 1123 1274 enim
1156 1228 1346 1274 crebram
1371 1228 1551 1290 alicujus
1585 1231 1607 1276 ὲ
1642 1230 1895 1292 Caesaribus
1942 1235 2305 1299 (praesertimque
2337 1240 2406 1285 al-

232 1300 437 1347 terutrius
473 1302 492 1339 e'
512 1295 695 1351 duobus)
731 1297 978 1341 mentionem
1011 1296 1253 1341 invenient:
1289 1295 1426 1340 multa
1459 1296 1509 1341 de
1541 1297 1653 1353 illis,
1686 1300 1884 1344 nonnulla
1918 1303 2048 1346 etiam
2069 1302 2118 1347 de
2135 1305 2304 1350 illorum
2323 1321 2405 1351 au-

227 1367 319 1413 licis
338 1362 588 1425 referentem
623 1361 817 1408 Plinium
851 1361 1054 1407 audient:
1088 1370 1137 1405 ut
1157 1360 1352 1406 omittam
1373 1361 1533 1407 librum
1554 1377 1701 1408 earum
1733 1364 1962 1425 decimum,
1998 1369 2063 1412 cni
2084 1367 2266 1429 inftrtae
2278 1368 2408 1432 sunt,

225 1446 332 1495 quas
365 1430 448 1490 ipse
481 1431 611 1474 etiam
644 1424 856 1487 Trajanus
889 1428 939 1473 de
973 1429 1110 1472 variis
1143 1425 1265 1471 rebus
1298 1426 1359 1471 ad
1388 1429 1509 1473 illum
1528 1426 1718 1491 scripfit.
1787 1437 1961 1491 Atque,
1996 1443 2044 1478 ut
2077 1436 2214 1494 mtſjos
2235 1434 2409 1497 faciam

229 1499 410 1554 aulicos,
444 1496 547 1541 alios
581 1497 709 1551 item,
743 1494 890 1554 quibus
924 1492 1045 1540 aliud
1076 1490 1130 1552 est
1165 1494 1287 1537 vitae
1314 1508 1472 1554 genus,
1506 1504 1585 1539 aut
1619 1497 1749 1541 etiam
1781 1497 1872 1542 alia
1892 1495 2003 1559 fient
2037 1502 2157 1547 vitae
2185 1507 2410 1562 generast

226 1564 398 1610 leelione
417 1559 690 1623 ,quorundam
723 1560 901 1605 locorum
934 1557 1058 1619 hujus
1091 1559 1317 1604 voluminis
1357 1559 1499 1620 (quod
1529 1562 1575 1605 in
1608 1560 1743 1607 decem
1778 1563 1904 1610 libros
1947 1564 2133 1626 divisum
2175 1566 2258 1628 est)
2303 1581 2409 1627 pru-

232 1628 440 1675 dentiores
474 1625 577 1686 disce
613 1640 708 1671 uros
729 1624 870 1686 spero,
936 1625 1100 1672 Verum
1123 1657 1139 1683 ,
1175 1634 1222 1668 ut
1257 1622 1312 1669 ab
1345 1627 1399 1670 iis
1419 1658 1434 1682 ,
1471 1641 1576 1686 quae
1608 1627 1669 1671 ad
1711 1630 1852 1672 vitam
1886 1630 2182 1693 instituendam
2220 1631 2410 1691 [perflant

237 1698 374 1757 (quae
408 1702 515 1738 certe
549 1692 609 1737 ad
638 1707 765 1738 tinum
803 1694 821 1734 e
857 1691 994 1737 tribus
1027 1692 1112 1736 illis
1142 1691 1291 1748 primis
1325 1692 1530 1753 capitibus
1549 1724 1565 1748 ,
1601 1694 1802 1738 nimirum
1835 1694 1896 1754 acl
1935 1695 2114 1741 Ethicen
2139 1729 2156 1754 ,
2190 1697 2411 1758 referenda

231 1758 362 1822 stent)
397 1759 562 1804 adalia
581 1766 711 1803 etiam
731 1759 926 1814 veniam,
961 1756 1010 1802 cle
1044 1756 1202 1817 quibus,
1224 1757 1368 1818 agitur
1401 1758 1446 1802 in
1480 1756 1588 1802 hisce
1632 1757 1831 1818 epistolis:
1865 1769 1957 1804 tam
1992 1765 2166 1808 varium
2192 1777 2407 1822 propemo-

236 1827 338 1873 dum
372 1826 546 1870 illarum
565 1823 640 1882 eſje
659 1834 977 1885 argumentum,
1011 1837 1138 1882 quam
1159 1823 1244 1866 late
1266 1819 1317 1880 se
1350 1823 1537 1868 extendit
1557 1821 1811 1885 philologia,
1846 1824 1979 1872 dicere
2003 1843 2080 1872 non
2102 1827 2410 1876 dubitaverim.

236 1893 460 1939 Romanus
493 1889 656 1951 quidem
690 1899 797 1935 certe
829 1889 891 1934 ad
920 1904 984 1934 res
1019 1887 1129 1947 quod
1160 1889 1344 1945 attinet,
1377 1904 1454 1934 non
1489 1898 1682 1948 tantum,
1720 1906 1824 1950 quae
1859 1907 1965 1936 nunc
1998 1903 2209 1952 tempora,
2232 1897 2304 1955 qui
2322 1912 2410 1941 mo·

235 1973 302 2004 res
336 1958 486 2018 efflent,
520 1955 728 2014 indicari,
751 1954 833 2017 secl
850 1953 1118 2015 superiorum
1151 1969 1305 2014 quoque
1339 1957 1586 2000 mentionem
1622 1959 1675 2000 ab
1710 1972 1753 2000 eo
1778 1957 1880 2014 fieri
1913 1960 2008 2004 locis
2052 1961 2212 2020 aliquot
2236 1994 2251 2016 ,
2286 1972 2414 2022 atque

236 2023 497 2084 disciplinam
531 2020 762 2080 majorum,
797 2030 874 2066 aut
896 2017 1055 2081 saltem
1098 2035 1312 2078 avorum,
1341 2025 1652 2067 commemorari
1685 2023 1897 2068 videmus:
1935 2041 2107 2084 quorum
2141 2041 2246 2072 tinus
2279 2027 2335 2080 est
2367 2030 2414 2074 in

232 2087 405 2150 epistola
424 2088 526 2133 libri
558 2089 680 2132 tertii
712 2088 927 2148 vigestma.

310 2155 388 2200 Ad
397 2154 706 2198 destitutionem
739 2154 794 2197 ab
829 2154 1019 2197 utilitate
1051 2156 1256 2211 transiens
1292 2157 1308 2211 (
1318 2169 1417 2199 nam
1454 2153 1508 2205 &²
1544 2169 1634 2212 eos,
1668 2156 1741 2215 qui
1773 2154 1883 2200 hanc
1915 2158 2044 2200 etiam
2087 2160 2132 2203 in
2174 2157 2282 2203 hisce
2324 2155 2413 2219 'epi-

229 2218 352 2282 stolis
384 2227 608 2280 quaerent,
645 2218 755 2279 quod
784 2217 980 2278 destderio
1001 2215 1082 2280 fito
1112 2218 1357 2280 fittisfaciat
1390 2222 1634 2266 inventuros
1666 2221 1742 2279 effe
1775 2221 1891 2267 dixi)
1929 2221 2001 2266 hoc
2025 2221 2199 2283 fateor,
2223 2240 2299 2270 non
2322 2234 2416 2271 tam

242 2287 382 2334 multa
417 2285 523 2345 effe,
557 2298 663 2344 quae
695 2283 897 2330 deleeftare
917 2315 933 2342 ,
968 2299 1094 2343 quam
1114 2300 1218 2345 quae
1232 2285 1413 2346 prodeffie
1442 2285 1618 2346 pofflnt:
1641 2285 1723 2346 secl
1752 2287 1826 2346 eſje
1862 2296 2002 2331 tamen
2035 2291 2170 2334 nti-flta
2204 2291 2303 2336 dico.
2328 2307 2413 2337 va-

242 2355 320 2399 riis
354 2352 463 2397 enim
495 2352 541 2396 in
573 2351 669 2395 locis
690 2348 891 2409 jocatur,
927 2349 982 2400 {9⁹
1017 2351 1181 2409 quidem
1203 2350 1378 2411 festive.
1443 2352 1519 2396 Ex
1551 2354 1602 2396 iis
1637 2350 1690 2410 est
1727 2350 1793 2397 hic
1835 2356 1954 2398 initio
1998 2353 2186 2414 epistolae
2232 2373 2330 2403 xm.
2360 2359 2415 2402 li-

242 2418 309 2464 bri
349 2432 390 2464 1.
424 2416 493 2462 Ut
529 2414 671 2462 animi
705 2426 787 2462 tuo
819 2414 1024 2478 judicio,
1064 2416 1125 2464 fic
1161 2417 1403 2464 oculorum
1435 2417 1684 2480 plnrimum
1721 2417 1901 2466 tribuo:
1942 2434 2036 2465 non
2075 2421 2181 2483 quia
2216 2422 2415 2468 multum

244 2486 332 2544 (ne
368 2481 452 2528 tibi
488 2479 698 2542 placeas)
736 2480 814 2528 sed
849 2480 956 2542 quia
999 2494 1183 2529 tantum
1209 2519 1221 2540 ‚
1259 2495 1486 2544 quantum
1520 2499 1609 2545 ego
1631 2519 1644 2540 ‚
1683 2483 1835 2545 sapis3
1875 2499 2139 2547 quanquam
2174 2488 2266 2534 hoc
2301 2502 2417 2549 quo-

249 2563 341 2609 que
375 2546 575 2593 multum
610 2544 691 2593 est.
761 2547 934 2612 Qlibm
965 2545 1212 2610 subjungit:
1251 2547 1434 2594 Omissis
1471 2548 1618 2611 jocis,
1658 2549 1800 2595 credo
1838 2550 2057 2597 decentes
2105 2551 2194 2598 ess'e
2229 2551 2411 2609 servos,

251 2610 343 2658 ἃς.
381 2627 484 2673 quae
511 2611 637 2657 valde
666 2623 804 2671 pauca
826 2611 947 2671 fient.
981 2614 1221 2673 brevtffima
1254 2614 1365 2659 enim
1398 2613 1453 2673 est
1487 2613 1669 2674 epistola.
1736 2613 1958 2673 Epistolam
1996 2625 2137 2662 autem
2182 2626 2317 2661 totam
2336 2615 2414 2674 jo-

250 2675 381 2736 cofizm
414 2677 613 2723 habemus
645 2692 766 2737 eam,
801 2692 903 2739 quae
937 2678 993 2739 est
1027 2680 1129 2725 libri
1158 2681 1301 2725 obtavi
1320 2678 1535 2739 ftptima,
1569 2678 1685 2738 cujus
1717 2678 1790 2724 hoc
1822 2680 1877 2739 est
1899 2681 2067 2725 initium
2089 2695 2107 2727 .·
2150 2681 2324 2744 Neque
2359 2682 2411 2728 ‘ut

251 2741 469 2803 magistro
505 2741 744 2805 magister,
781 2757 932 2806 neque
955 2756 1008 2790 ut
1030 2744 1254 2806 discipulo
1290 2743 1536 2806 discipulus
1574 2743 1665 2804 (fic
1699 2745 1825 2792 enim
1861 2744 2043 2802 scribis)
2080 2746 2157 2794 sed
2192 2760 2245 2793 ut
2280 2744 2414 2793 disci·

259 2806 369 2867 pulo
437 2807 687 2869 magister,
735 2812 892 2870 (nam
930 2823 982 2856 tu
1038 2808 1289 2874 magister,
1361 2826 1450 2873 ego
1493 2823 1689 2859 contra:
1737 2824 1876 2873 atque
1923 2811 2040 2857 adeo
2085 2825 2136 2859 tu
2188 2812 2235 2858 in
2283 2810 2411 2857 scho-

263 2871 354 2918 lam
406 2887 599 2919 rcvocas
637 2910 649 2931 ,
717 2892 805 2937 ego
860 2877 1010 2924 adhuc
1058 2875 1319 2923 Saturnalia
1376 2877 1582 2924 extendo
1635 2877 1651 2932 )
1695 2877 1862 2924 librum
1931 2875 2100 2923 mifisti.
2178 2877 2245 2922 Et
2301 2876 2410 2936 post-

257 2951 386 2997 quam
439 2937 547 2980 dixit
572 2969 587 2993 ,
637 2938 687 2997 fh
732 2940 803 2986 hoc
846 2941 930 3001 ipso
985 2942 1243 3001 hyperbato,
1305 2956 1382 3002 quo
1410 2945 1489 3003 stt
1543 2941 1640 2998 usus
1668 2975 1684 3000 ,
1721 2943 1909 3002 probaffl’
1941 2939 2092 3001 satis,
2150 2957 2244 2988 eum
2298 2943 2373 3001 effi
2401 2976 2417 2997 ‚

256 3005 330 3061 qui
361 3015 439 3046 non
472 3001 586 3046 modo
621 3004 812 3065 magister
845 3007 932 3064 ejus
952 3040 968 3065 ,
1000 3008 1084 3065 st'd
1123 3023 1173 3052 ne
1215 3004 1437 3067 discipulus
1479 3009 1642 3066 quidem
1683 3007 1828 3051 debeat
1858 3007 1940 3051 dici
1960 3021 1974 3050 .’
2000 3006 2158 3067 addit,
2187 3009 2238 3070 fi’
2271 3018 2419 3053 tamen.

238 3065 484 3126 fitmturum
513 3065 727 3124 personam
761 3071 974 3130 magistri:
1010 3072 1308 3133 exseramque
1345 3073 1541 3131 (inquit)
1574 3072 1622 3118 in
1659 3071 1826 3117 librum
1864 3084 1997 3117 tuum
2030 3072 2133 3134 jus,
2173 3071 2297 3137 quod
2325 3072 2411 3119 mi-

252 3130 304 3180 hi
339 3129 532 3190 dedisti,
569 3147 626 3178 co
661 3132 872 3192 liberius,
912 3150 1004 3197 quo
1039 3135 1152 3182 nihil
1188 3152 1246 3184 ex
1279 3135 1398 3184 meis
1433 3136 1621 3185 interim
1656 3135 1865 3184 miss'urus
1912 3134 2009 3181 sum
2057 3140 2140 3187 tibi
2171 3176 2184 3198 ‚
2233 3140 2281 3186 in
2319 3155 2411 3201 quo

2366 3217 2412 3250 te
