2616 3686
305 218 408 277 4³0
539 199 1066 254 C.PL1N11
1134 160 2238 249 CAncrtLrsncurrnt

311 291 499 334 monte
536 275 774 350 pluribus
810 276 943 332 locis
982 274 1258 332 latissimae
1300 274 1548 329 flammae
1578 311 1594 336 ,
1655 271 1919 343 ⁸,altaque
1958 272 2208 327 incendia
2258 254 2486 334 reince:

317 352 475 416 bant,
511 367 745 422 quorum
787 347 967 421 fulgor
1011 349 1066 404 ὅτ
1106 349 1312 404 claritas
1353 347 1584 402 tenebris
1624 361 1640 382 ²
1679 343 1853 399 nociis'
1889 345 2241 400 excitabat-ur.
2320 349 2335 376 ³
2373 346 2461 406 lue

315 426 603 496 agrestium
635 421 1032 494 trepidatione,
1071 424 1220 494 ignes
1258 420 1470 476 reliEios
1500 459 1515 482 ,
1588 416 1930 491 desertasque
1968 418 2114 474 villas
2149 436 2248 491 per
2285 419 2468 476 solitu-

320 498 504 553 dinem
545 497 737 552 ardere
767 533 782 558 ,
829 496 883 550 in
925 497 1227 550 remedium
1267 493 1571 548 formidinis
1596 531 1611 556 ,
1674 490 1989 547 diftitabat:
2046 505 2162 546 tum
2202 492 2254 547 se
2293 495 2469 564 quieti

324 571 478 625 dedit
532 571 587 625 &-
641 570 850 640 quievit
887 571 904 596 ⁴
944 567 1216 621 verissimo
1256 567 1480 636 quidem
1520 565 1726 620 somno.
1800 565 1939 618 Nam
1980 577 2185 619 meatus
2226 567 2466 630 animae,

323 645 417 713 qui
455 645 527 699 illi
564 653 788 713 propter
826 640 1239 710 amplitudinem
1281 640 1523 708 corporis
1565 642 1778 709 gravior
1818 638 1870 691 &
1913 637 2183 692 sonantior
2223 652 2365 702 erat,
2402 639 2468 694 ab

217 735 279 784 14
327 718 420 777 iis,
460 716 473 742 ⁵
515 718 609 786 qui
632 712 803 766 limini
829 710 1275 773 obversabantur,
1313 710 1646 764 audiebatur.
1712 710 1818 764 Sed
1846 728 1994 773 area,
2034 718 2139 765 ⁶ex
2165 729 2269 783 qua
2297 712 2473 768 diaeta

327 791 598 848 adibatur,
641 787 712 838 ita
745 781 852 852 jam
891 784 1074 838 cinere
1100 823 1116 848 ,
1167 784 1461 855 mixtisque
1496 783 1798 852 pumicibus
1844 786 2059 853 oppleta
2095 787 2111 813 ⁷
2137 785 2476 851 surrexerat,

327 879 418 925 ut,
459 862 490 914 si
518 859 731 928 longior
756 858 810 909 in
837 857 1090 912 cubiculo
1116 875 1294 920 mora,
1332 857 1508 910 exitus
1535 871 1836 924 negaretur.
1878 857 2156 911 Excitatus
2195 859 2473 928 procedit,

218 931 276 983 ¹5
321 937 484 1008 seque
501 929 906 1003 Pomponiano,
945 929 1386 1002 ceterisque,qui
1415 927 1825 1000 pervigilarant,
1862 929 2062 985 reddit.
2098 930 2155 984 ln
2183 948 2477 986 commune

2343 1022 2479 1061 con-

382 1158 398 1185 1
431 1146 592 1195 Altaque
637 1148 855 1199 incendia]
897 1145 1003 1185 Voff.
1042 1146 1172 1182 Oxon.
1212 1137 1399 1199 Helmst.l
1441 1142 1633 1181 Gaurzn.
1659 1141 1791 1190 Vulgo
1811 1141 1999 1191 placebat:
2029 1140 2103 1190 igni
2115 1141 2486 1193 relictasdesertasque

331 1197 444 1237 Arm..
467 1202 504 1241 &
529 1199 596 1237 Ed.
619 1202 705 1239 Vet.
731 1214 817 1240 cum
840 1198 943 1239 Aldo
967 1200 1004 1237 ὃς
1029 1197 1226 1245 Gryphio:
1255 1205 1367 1244 atque
1438 1193 1549 1231 villas
1574 1223 1585 1239 ‚
1625 1195 1728 1244 quod
1762 1205 1816 1231 res
1847 1205 1924 1231 non
1955 1192 2126 1231 admittit.
2148 1206 2271 1237 neque
2293 1196 2394 1231 enim
2415 1195 2486 1233 Pli-

327 1250 501 1289 incendia.
539 1252 712 1290 Alterum
737 1252 888 1303 praestat
909 1250 1103 1288 Mediceus
1130 1277 1142 1293 ,
1170 1249 1209 1285 ὃς
1231 1246 1370 1284 veriffi-
1440 1248 1522 1284 nius
1545 1246 1708 1283 diffinire
1731 1246 1853 1295 potuit
1875 1244 2027 1294 agrestes
2047 1245 2157 1281 villas
2170 1247 2259 1295 suas
2292 1244 2366 1293 igni
2400 1244 2484 1283 reli-

331 1314 437 1341 mum
462 1303 509 1342 est
534 1333 544 1348 ,
573 1312 614 1341 ut
636 1313 764 1342 contra
790 1303 942 1341 flamma
966 1299 1110 1350 refidere
1140 1299 1282 1337 dicitur.
1311 1297 1369 1335 O·
1442 1296 1567 1346 quisse„
1596 1306 1636 1335 ut
1661 1299 1728 1334 alia
1753 1298 1925 1335 omittam
1945 1325 1955 1341 ‚
1986 1306 2082 1345 quae
2109 1298 2225 1335 cuivis
2244 1304 2370 1346 aperta
2391 1296 2487 1337 sunt.

335 1353 453 1393 Vidius
477 1355 584 1393 XIII.
607 1355 763 1394 Metam.
787 1367 839 1393 vs.
861 1356 947 1393 600.
1444 1348 1497 1385 At
1529 1349 1602 1386 hoc
1633 1346 1876 1404 praetendere
1906 1354 2051 1396 poterat
2075 1375 2085 1391 ‚
2131 1347 2283 1396 agrestes
2321 1346 2485 1396 trepidos

1443 1399 1537 1448 ignes
1560 1399 1727 1450 reliquiffe
1742 1428 1751 1444 ‚
1781 1411 1920 1449 eosque
1942 1410 2007 1447 per
2030 1397 2263 1437 solitudinem
2287 1399 2395 1437 aedes
2418 1410 2485 1437 oc-

384 1475 449 1486 —-
500 1476 571 1486 —-—
623 1470 703 1495 eum
727 1455 930 1496 Memnonis
948 1455 1085 1493 arduus
1109 1452 1184 1491 alto
1447 1450 1602 1500 cupaffe.
1656 1453 1784 1499 Quare
1807 1450 2007 1489 emendavi
2031 1462 2077 1490 ex
2100 1451 2316 1488 Veterrimo
2341 1463 2350 1488 :
2378 1452 2484 1500 ignes

386 1508 534 1546 Corruit
555 1510 638 1558 igne
658 1523 770 1559 rogus,
1447 1502 1616 1547 relictos,
1640 1502 1862 1551 desertasque
1885 1501 1996 1539 villas
2018 1513 2076 1551 per
2092 1502 2323 1550 solitudinem
2347 1504 2485 1543 ardere.

1451 1553 1575 1592 Ceteri
1599 1553 1709 1590 MSS.
1731 1553 1821 1603 ignis
1840 1553 1980 1591 relictas
2000 1555 2266 1603 propinarunt,
2287 1554 2420 1604 partim
2434 1566 2482 1593 ex

339 1611 398 1648 Sic
421 1610 528 1649 semel
550 1620 661 1661 atque
683 1613 817 1651 iterum
844 1612 999 1650 Statius:
1029 1610 1167 1647 arduus
1194 1606 1310 1658 ignis,
1338 1608 1379 1646 &
1450 1606 1567 1643 veteri
1596 1605 1766 1653 scriptura
1797 1605 1887 1654 ignis
1911 1633 1921 1649 ,
1963 1616 2032 1654 pro
2065 1606 2158 1653 ignes
2182 1634 2192 1651 ,
2229 1617 2324 1654 quae
2348 1606 2385 1643 in
2406 1606 2484 1644 hoc

338 1663 553 1710 pervulgata
602 1664 651 1703 est
690 1663 881 1713 descriptio
922 1663 1090 1700 Maronis
1128 1660 1177 1698 II.
1215 1659 1378 1698 Aeneid.
1448 1657 1627 1701 auctore,
1655 1664 1696 1693 ut
1716 1656 1753 1694 in
1775 1657 1972 1701 omnibus,
2001 1656 2049 1694 est
2063 1655 2376 1706 frequentissima,
2405 1667 2487 1706 par-7

342 1723 394 1751 vs.
424 1725 506 1763 759.
1449 1710 1517 1747 tim
1541 1708 1707 1757 sequenti
1730 1709 1885 1746 nomine
1908 1709 2082 1757 corrupti.
2113 1708 2269 1746 Con-rs.

1500 1772 1524 1806 4
1554 1758 1725 1807 Veriffimo
1739 1758 1889 1808 quidem
1898 1759 2052 1808 somno]
2067 1758 2172 1796 Voff.
2187 1760 2315 1796 Oxon.
2329 1759 2488 1800 Helmst.

387 1836 459 1847 --
485 1816 696 1866 exsuperant
714 1815 889 1866 flammae
915 1844 925 1862 ‚
944 1815 1046 1864 furit
1065 1814 1178 1864 aestus
1199 1813 1246 1853 ad
1265 1824 1380 1852 auras.
1453 1811 1566 1849 Arnz.
1593 1810 1685 1848 Edd.
1705 1810 1809 1848 Vett.
1833 1811 1948 1848 Aldus
1971 1839 1982 1855 ,
2013 1811 2223 1860 Gryphius:
2255 1811 2426 1858 veriffimo
2450 1824 2491 1851 e·-

1455 1862 1605 1910 quidem
1629 1872 1766 1911 somno.
1823 1862 1927 1900 Solus
1959 1861 2155 1900 Mediceus
2186 1862 2327 1911 quidem
2351 1870 2487 1903 tuetur.

340 1917 406 1956 ubi
427 1919 640 1967 interpretes
662 1919 780 1958 adeas.
1457 1914 1675 1952 Genuinum
1693 1921 1821 1952 tamen
1840 1913 1994 1952 arbitror
2014 1914 2174 1963 equidem
2197 1941 2207 1957 ‚
2245 1921 2396 1962 propter
2420 1925 2487 1962 ea,

389 1981 410 2006 2
443 1971 574 2007 Noctis.
598 1970 613 2020 ]
648 1971 819 2019 Caliginis
843 2000 854 2016 ,
883 1970 1118 2010 obscuritatis.
1152 1966 1305 2018 Dupleit
1326 1969 1379 2007 le·
1457 1977 1553 2014 quae
1577 1965 1650 2004 dixi
1669 1964 1714 2002 ad
1738 1964 1821 2003 Lib.
1844 1964 1894 2002 ΙΙ.
1915 1963 2025 2015 Epist.
2048 1964 2131 2002 XX.
2152 1976 2186 2001 n·
2216 1976 2269 2002 11.
2323 1965 2371 2002 Et
2405 1970 2488 2004 Au-

344 2019 441 2058 &ioz
471 2020 642 2058 Tenebras
663 2025 771 2059 noetis
791 2022 942 2071 pellebat
964 2052 974 2068 ‚
1009 2024 1068 2061 vel
1091 2020 1242 2059 tenebris
1267 2021 1377 2058 noi-ris
1456 2017 1541 2054 relia
1568 2016 1742 2068 equidem
1766 2016 1869 2053 vivit
1893 2044 1904 2062 ‚
1944 2017 2145 2065 quomodo
2168 2016 2238 2054 illic
2261 2027 2307 2053 ex
2331 2016 2486 2068 vestigiis

339 2071 570 2109 excitabatur
592 2100 604 2117 ,
640 2081 681 2111 ut
705 2072 825 2121 fulgor
849 2076 887 2112 &
910 2072 1282 2112 claritasobscuritate
1302 2083 1380 2111 cre·
1457 2069 1618 2108 Medicei
1644 2068 1741 2106 Cod.
1761 2066 1990 2105 scribendum
2012 2067 2240 2105 arbitramur.
2460 2090 2465 2097 ·

340 2123 464 2161 sceret.
493 2124 649 2160 Cum.
677 2124 937 2170 Excitabatur,
967 2127 987 2163 i.
1000 2123 1379 2172 augebaturssmrn.
1509 2133 1527 2168 ς
1557 2121 1632 2170 Qi
1663 2119 1782 2157 timim·
1813 2117 2105 2157 observabantur.
2133 2118 2148 2169 ]
2183 2118 2325 2168 Inepte.
2339 2120 2484 2170 Legem

342 2173 392 2211 Et
415 2172 463 2211 sic
485 2185 617 2211 omnes
638 2174 747 2213 nostri
773 2203 784 2220 ,
822 2184 966 2224 praeter
989 2177 1104 2213 Arnz.
1128 2175 1166 2212 in
1189 2185 1266 2220 quo
1289 2175 1382 2212 exci-
1410 2195 1416 2209 ι
1457 2170 1547 2209 dum
1573 2184 1619 2209 ex
1643 2170 1820 2210 Mediceo
1835 2198 1845 2216 ,
1876 2170 2123 2221 omnibusque
2138 2170 2274 2219 scriptis
2288 2182 2371 2209 cum
2385 2171 2480 2210 Aldo

339 2222 503 2276 piebatur
527 2225 655 2264 vitiose
677 2226 817 2275 legitur.
844 2227 972 2265 Paullo
996 2227 1098 2264 aliter
1114 2225 1289 2263 Lucanus
1303 2224 1386 2264 Lib.
1457 2223 1497 2260 &
1530 2224 1702 2272 Grypliio
1731 2220 2018 2270 obversabantur
2041 2252 2050 2268 ‚
2088 2223 2133 2261 de
2170 2233 2242 2273 qua
2268 2221 2482 2261 confusione

346 2274 460 2324 VIII.
481 2286 532 2313 vs.
554 2276 641 2324 776.
1459 2273 1601 2312 dietum
1625 2273 1670 2312 ad
1696 2274 1776 2312 Lib.
1800 2274 1848 2311 V.
1872 2272 1983 2321 Epist.
2005 2273 2160 2312 XXI.n.
2198 2286 2232 2311 2.
2286 2272 2484 2313 Decemviri

1196 2363 1199 2366 ,
1458 2337 1660 2370 venerant,
1689 2324 1970 2363 obversabantur
2001 2325 2179 2363 advocati.
2209 2328 2248 2364 &
2280 2325 2326 2363 fic
2349 2325 2402 2362 Io.
2423 2325 2485 2362 Sa-

397 2377 544 2417 Excitat
562 2379 751 2420 invalidas
774 2382 918 2420 admoto
933 2380 1066 2429 fomite
1088 2379 1266 2418 flammas.
1461 2387 1549 2415 varo
1582 2379 1628 2416 ad
1658 2376 1745 2415 illud
1776 2375 1917 2415 Sidonii
1946 2376 2034 2415 Lib.
2069 2377 2097 2416 I.
2131 2375 2247 2426 Epist.⁴
2273 2376 2321 2412 V.
2344 2373 2484 2421 foribus·

1457 2427 1565 2466 obver
1585 2443 1633 2468 or.

352 2481 405 2519 Et
427 2481 561 2520 eodem
586 2482 688 2522 sensu
712 2485 1018 2536 Lib.II.vs.325.
1044 2483 1208 2522 Calorem
1229 2482 1392 2521 excitate.
1511 2485 1533 2520 6
1561 2429 1622 2518 {x
1656 2494 1728 2532 qua
1761 2491 1846 2519 zeta
1876 2478 2062 2518 adibatur.
2089 2479 2105 2528 ]
2152 2480 2209 2517 Sic
2238 2475 2306 2515 Pal.
2327 2475 2364 2510 &
2386 2470 2477 2507 Edd-

354 2532 469 2571 Unde
494 2536 531 2571 8<
554 2535 689 2573 Plinius
712 2538 829 2574 maior
851 2537 933 2575 Lib.
960 2535 1164 2573 XXXVII.
1197 2545 1272 2583 cap.
1302 2534 1392 2572 VII.
1459 2531 1563 2570 Vett.
1590 2545 1667 2571 non
1691 2533 1831 2578 diaeta,
1858 2540 1899 2569 ut
1920 2533 2094 2571 novit'ae.
2133 2531 2316 2567 Gauri-:n-
2355 2519 2477 2577 Faces-

355 2585 544 2622 excitatius
565 2586 704 2636 fulgere
733 2587 834 2626 dixit.
871 2588 972 2627 Vide
996 2585 1211 2626 Salmasium
1233 2585 1277 2623 ad
1303 2587 1395 2625 Soli·
1462 2583 1512 2622 sat
1535 2586 1683 2623 Gruteri
1706 2595 1815 2628 zeta,
1843 2583 1927 2622 licet
1958 2594 2038 2620 eam
2072 2584 2232 2628 ingerant
2262 2580 2480 2629 recentlores

359 2647 452 2674 num
477 2647 556 2685 Pag-
582 2649 662 2684 244·
1463 2636 1589 2685 scripti.
1616 2637 1849 2675 Veteri-imus
1870 2646 1956 2673 cum
1979 2632 2080 2670 Aldo
2099 2624 2316 2681 &Gryphro
2330 2623 2474 2668 ‘mesa‘

408 2699 426 2736 3
462 2688 536 2725 Ille.
555 2688 563 2737 J
595 2689 703 2727 Ordo
727 2691 765 2728 ὃς
788 2691 923 2729 scusiis:
955 2688 1198 2733 Avunculus,
1227 2700 1313 2727 cum
1340 2690 1394 2727 vi-
1465 2688 1568 2738 quod
1588 2687 1873 2737 adprobavimus
1893 2685 1939 2722 ad
1962 2681 2096 2719 Lib.11.
2115 2673 2220 2731 Epist.
2239 2672 2360 2727 XVlI.
2375 2685 2408 2709 n.
2425 2686 2479 2711 12..

362 2738 462 2777 deret
485 2741 709 2786 illucescere,
738 2743 774 2778 in
798 2744 1007 2783 remedium
1034 2740 1240 2779 formidinis
1263 2769 1272 2785 ,
1301 2748 1341 2777 ut
1361 2741 1396 2779 se
1515 2751 1534 2783 7
1562 2746 1786 2778 surrexerat.
1812 2736 1828 2785 ]
1867 2734 2084 2788 Excreverqt
2106 2753 2116 2770 ‚
2152 2724 2298 2781 ΙΠἏΡῙξῖῐἎ
2341 2727 2483 2780 lucrat,

361 2790 399 2825 ὃς
434 2791 703 2830 circumstantes
737 2792 973 2832 confirmaret
996 2822 1006 2838 ,
1049 2792 1234 2830 dictitabat
1256 2820 1266 2837 ,
1294 2793 1394 2831 villas
1463 2790 1588 2840 miffis,
1616 2790 1807 2840 ejaculatis.
1846 2780 2122 2840 Non-'displicet
2143 2786 2267 2812 mlxtts
2290 2775 2375 2832 1050
2400 2776 2483 2822 mtf-

361 2838 498 2894 rclictas
519 2843 743 2893 desertasque
767 2846 839 2893 igni
867 2854 970 2884 metu
987 2844 1178 2894 agrestium
1203 2845 1365 2881 virorum
1383 2873 1392 2887 ,
1452 2842 1513 2892 sis.
1553 2843 1620 2879 CA
1637 2855 1696 2880 TA
1711 2854 1746 2876 N.
1783 2844 1922 2883 surgere
1943 2843 1982 2888 irs
2002 2828 2105 2883 tribul
2122 2854 2131 2869 ,
2159 2838 2253 2882 quae
2276 2837 2295 2861 a
2317 2827 2393 2884 solo
2417 2837 2481 2863 ex-

366 2898 428 2933 qul
467 2892 680 2939 aufugerant
705 2923 715 2938 ‚
747 2896 872 2934 ardere
901 2908 964 2946 per
999 2896 1260 2938 solitudinem,
1288 2895 1393 2944 quod
1457 2894 1619 2932 crescunt
1667 2894 1707 2929 ὅ(
1751 2888 1926 2925 tolluntur
1965 2891 2003 2918 m
2038 2877 2395 2923 altstudffl‘ssfflrdffl
2432 2876 2480 2916 ad

366 2947 483 2993 lycum
506 2943 723 2996 rem-insiliet
746 2947 921 2984 incendiis
941 2960 1052 2997 opem
1077 2947 1224 2984 laturus.
1256 2947 1289 2984 Si
1305 2947 1392 2994 legis
1456 2945 1596 2982 Lucan.
1619 2943 1700 2981 Lib.
1726 2940 1771 2977 ΙΙ.
1794 2947 1844 2974 vs.
1865 2935 1949 2980 679·

365 3000 455 3044 ignis
472 3017 481 3032 ‚
505 3002 618 3037 jung:
643 3005 726 3030 cuni
752 2997 990 3041 trepidatione.
1032 3000 1187 3036 Cri-mn.
1223 2997 1390 3045 Trepida-

368 3048 485 3082 tlone,
514 3054 583 3087 lgnl
615 3042 725 3089 ΟΛἾ,
768 3045 822 3080 Sl:
853 3046 942 3082 Edd,
965 3049 1103 3094 priumie
1122 3077 1131 3092 ‚
1161 3052 1389 3097 {lgUOVIthC
1499 3061 1570 3073 -—-
1621 3059 1683 3070 —
1733 3057 1795 3067 —
1846 3045 1930 3075 tunc
1953 3047 2071 3086 aggere
2092 3034 2204 3073 mullo

360 3090 409 3128 ,ὃς
431 3089 657 3139 Catanacus,
683 3102 844 3132 recentes
867 3104 906 3132 ut
928 3098 966 3134 ὃς
988 3098 1166 3138 Palatinus
1179 3127 1190 3146 ‚
1212 3100 1301 3150 ignis
1322 3110 1388 3140 &c-
1508 3092 1627 3140 Surgit
1650 3097 1742 3138 opus.
2333 3137 2374 3175 D
2403 3136 2410 3143 ·
2439 3135 2487 3175 de

2377 3147 2436 3174 ein

2552 0 2616 149 «νὲὲῂ
