2616 3686
606 178 947 236 LIBER
1014 176 1871 236 111.EPISTOLA11.
2167 193 2258 253 185

319 265 447 325 Uod
484 263 591 337 ipse
627 260 809 317 amicis
847 258 950 314 tuis
986 255 1315 322 obtuliffern‚
1354 257 1388 311 fi
1429 259 1563 313 mihi
1600 261 1791 316 eadem
1835 263 1847 282 ¹
1886 264 2260 346 materia'sup-

356 349 566 400 eteret,
627 335 685 390 id
741 348 883 388 nunc
924 326 1047 399 jure
1085 328 1278 383 videor
1317 347 1345 382 a
1376 342 1435 384 te
1473 332 1602 384 meis
1640 334 1923 403 petiturus.
2000 337 2257 390 Arrianus

164 359 433 473 Matueius
470 410 486 429 ²
528 407 845 464 Altinatium
881 402 957 456 est
993 401 1257 470 princeps,
1332 401 1477 457 Cum
1516 401 1641 457 dico
1693 405 1937 475 princeps
1962 444 1978 468 ,
2027 424 2137 488 non
2187 406 2257 488 de

164 483 502 544 facultatibus
537 482 760 552 loquor,
799 491 933 547 quae
960 473 1033 527 illi
1058 474 1200 544 large
1226 472 1525 545 supersunt:
1573 474 1662 529 sed
1691 475 1760 529 de
1789 482 1803 508 ³
1831 475 2047 559 castrare
2067 516 2087 561 ,ο
2113 477 2260 561 μίξι-

164 560 236 615 tia
341 556 588 617 ravitate,
626 548 923 622 prudentia.
999 543 1178 612 Hujus
1207 562 1312 616 ego
1347 547 1569 601 consilio
1599 549 1652 602 in
1680 562 1939 628 negotiis:
1973 549 2180 636 judicio
2205 567 2260 606 m

164 577 346 686 studffis
381 642 520 683 utor.
592 607 728 678 Nam
765 619 1051 690 plurimum
1090 616 1196 671 fide
1225 656 1241 680 ,
1290 618 1580 689 plurimum
1615 624 1633 649 ⁴
1673 633 1929 704 veritate3
1968 622 2262 693 plur1mum

165 703 334 760 intelli
375 699 512 754 entia
533 692 770 769 praestat.
846 693 1009 745 Amat
1035 705 1122 743 me
1151 690 1314 758 (nihil
1341 691 1546 761 poffum
1570 692 1843 748 ardentius
1869 692 2086 776 d1cei·e)
2113 706 2260 750 uttu.

168 720 372 830 Caretg’
392 768 591 824 ambitu
621 805 637 829 ‚
686 765 813 819 ideo
843 761 895 817 se
922 763 978 817 in
999 770 1016 793 ⁶
1042 759 1273 831 equestri
1299 763 1467 832 gradu
1494 765 1664 818 tenuit
1692 803 1707 827 ‚
1756 782 1882 819 cum
1907 764 2061 820 facile
2088 766 2260 838 poffet

167 844 443 902 ascendere
467 837 786 894 altissimum.
865 833 1010 890 Mihi
1033 846 1210 888 tamen
1236 834 1508 890 ornandus
1534 838 1978 918 excolendusque
2005 837 2094 893 est.
2161 837 2261 894 Ita-

202 934 267 972 ue
303 914 475 983 magni
509 910 726 965 aestimo
761 907 1008 978 dignitati
1043 904 1154 973 ejus
1189 906 1390 979 aliquid
1423 915 1440 943 ⁷
1468 908 1740 963 adstruere
1769 910 2122 980 inopinantis,
2165 927 2262 965 ne·

186 987 367 1043 cientis
435 980 604 1038 immo
631 983 789 1036 etiam
812 978 1026 1036 fortasse
1051 978 1308 1032 nolentis:
1333 978 1608 1035 adstruere
1632 995 1813 1036 autem
1841 983 1993 1052 quod
2010 982 2070 1037 s1t
2087 984 2258 1054 splen-

161 1059 350 1115 didum
375 1024 476 1112 nec
502 1053 811 1110 molestum:
849 1051 998 1123 cujus
1024 1049 1233 1122 generis
1257 1067 1393 1123 quae
1422 1053 1592 1123 prima
1614 1052 1822 1108 occasio
1849 1054 1978 1118 tibi,
2017 1054 2260 1138 conferas

160 1133 216 1187 in
248 1147 372 1185 eum
407 1145 562 1200 rogo,
605 1125 820 1182 habebis
857 1142 944 1179 me
974 1162 988 1187 ‚
1045 1120 1258 1177 habebis
1307 1122 1479 1194 ipsum
1528 1124 1883 1210 gratiffimum
1929 1126 2260 1184 debitorem.

158 1202 416 1275 Quamvis
441 1201 583 1255 enim
610 1198 702 1253 ista
728 1214 839 1254 non
864 1207 1120 1270 appetat,
1181 1206 1290 1250 tam
1319 1210 1472 1268 grate
1502 1211 1681 1254 tamen
1709 1211 1910 1271 exmpit
1938 1238 1956 1265 ‚
2021 1217 2184 1273 quam
2224 1202 2261 1258 fi

159 1273 511 1348 concupiscat.
551 1272 700 1329 Vale.

2010 1412 2114 1468 III.
2189 1412 2258 1472 C.

153 1549 316 1599 quinque
334 1547 487 1598 amplius
507 1555 548 1585 ut
569 1546 802 1585 vacationem
822 1542 1000 1602 haberent
1021 1554 1040 1580 a
1072 1548 1167 1581 tute-
1236 1553 1303 1592 pro
1338 1542 1383 1582 L.
1417 1544 1522 1603 Man.
1554 1555 1629 1597 cap.
1663 1545 1690 1585 1.
1717 1546 1822 1607 Caste
1849 1547 2046 1600 integreque
2079 1550 2258 1609 versasusss

153 1599 194 1637 lis
217 1601 255 1637 ὅ(
278 1599 520 1636 curationibus
534 1626 545 1642 ,
572 1597 729 1646 denique
752 1606 772 1632 a
793 1596 1002 1634 muneribus
1021 1602 1164 1632 tantum
1235 1594 1387 1634 BARTH.
1415 1595 1513 1634 Vide
1535 1597 1580 1636 ad
1603 1598 1744 1638 Lucam
1767 1599 1846 1638 Lib.
1870 1599 1935 1638 IX.
1958 1612 2009 1639 vs.
2033 1612 2114 1639 201.
2136 1602 2198 1642 ubi
2211 1603 2258 1643 de

156 1649 327 1687 civilibus.
358 1649 371 1685 I
388 1661 412 1685 n
427 1661 447 1685 ε
463 1661 500 1686 Μ.
1236 1644 1405 1695 Pompeii
1426 1646 1566 1685 domo:

196 1711 222 1755 ,ι
255 1695 454 1747 Materia]
483 1701 504 1738 i.
524 1705 792 1747 argumentum.
817 1696 999 1737 Phaedrus
1018 1694 1165 1743 Prolog.
1285 1719 1388 1757 Casta
1407 1721 1553 1768 domus,
1577 1723 1734 1776 luxuque
1753 1737 1883 1765 carens.

150 1759 262 1798 princ.

1282 1808 1304 1843 4
1334 1797 1522 1850 Veritate.]
1563 1804 1691 1850 Quam
1714 1805 1938 1852 explicamus
1962 1807 2055 1846 intra
2076 1810 2120 1849 ad
2143 1810 2252 1861 Epist.

1235 1844 1299 1884 XI.
1322 1859 1357 1886 n.
1380 1849 1416 1885 6.
1437 1855 1556 1888 Tanta
1575 1853 1778 1902 sinceritate
1793 1883 1802 1899 ,
1830 1868 1939 1893 tanta
1964 1861 2128 1899 veritate.

1283 1911 1301 1946 ς
1332 1900 1529 1952 Ambisna]
1560 1904 1763 1942 Honorum
1787 1907 1991 1956 cupiditate.
2022 1911 2054 1948 C
2069 1924 2090 1947 A
2106 1925 2128 1949 T
2144 1924 2164 1948 Α
2180 1925 2217 1952 N.

154 1950 215 1979 aut
238 1946 358 1992 potius
381 1946 536 1984 Occasio
561 1974 571 1991 ,
607 1953 646 1983 ut
667 1945 774 1994 Epist.
796 1945 862 1983 111.
895 1958 931 1984 n.
955 1957 987 1996 3.
1017 1950 1155 1985 Praece—
1278 1950 1301 1985 6
1329 1950 1481 1999 Equestri
1499 1954 1656 2004 gradu]
1685 1956 1873 2005 Dignitate
1886 1959 2062 2008 equestri:
2090 1965 2252 2004 cuiconss

149 2001 259 2039 ptores
285 1995 377 2033 domi
400 1995 523 2033 habuis
537 2025 547 2041 ,
572 1995 630 2033 ubi
651 1996 696 2042 est
725 1994 782 2032 vel
802 1996 973 2033 erroribus
993 1998 1129 2034 modira
1145 2027 1155 2043 ,
1228 1998 1364 2037 cefl’um
1385 2001 1464 2050 lege
1488 2004 1617 2043 Roscia
1639 2008 1676 2044 in
1700 2010 2121 2057 quartodecimotheatri
2134 2017 2249 2063 gradu

151 2042 206 2078 vel
230 2044 337 2081 etiam
358 2045 456 2082 nulla
479 2048 636 2084 materia.
663 2046 814 2084 Bam-u.
845 2048 900 2085 Sic
922 2048 960 2084 ὅτ
986 2048 1066 2085 Lib.
1091 2048 1154 2086 IX.
1227 2048 1358 2088 sedere.
1397 2052 1452 2090 11>
1468 2066 1542 2092 EM.
1572 2055 1704 2094 Iisdem
1729 2060 1915 2105 moribus,
1943 2062 2072 2111 quibus
2098 2064 2248 2105 Maece-

150 2089 256 2140 Epist.
282 2094 383 2132 XIII.
404 2107 436 2132 n.
456 2107 487 2132 2.
511 2099 549 2134 &
570 2097 643 2134 hoc
665 2097 778 2134 Libro
799 2096 908 2146 Epist.
931 2097 1018 2135 VII.
1039 2110 1072 2135 n.
1099 2111 1153 2146 14.
1227 2109 1288 2136 nas
1303 2129 1313 2144 ,
1342 2101 1387 2140 de
1410 2115 1487 2152 quo
1509 2106 1670 2145 Velleius
1694 2109 1777 2147 Lib.
1801 2110 1847 2147 ΙΙ.
1882 2123 1956 2161 cap.
1991 2113 2249 2157 LXXXVIII.

198 2155 218 2179 2
248 2144 470 2183 Altinatium
491 2145 534 2188 cll
551 2146 741 2196 princeps.]
770 2147 935 2185 Primum
950 2148 1076 2186 locum
1087 2150 1152 2187 ob·
1225 2151 1358 2200 Qippe
1387 2155 1484 2192 vixit
1516 2157 1656 2207 angusto
1689 2159 1791 2197 clavo
1819 2170 1925 2210 paene
1954 2175 2133 2202 contentus
2150 2194 2160 2210 ,
2188 2180 2246 2205 nec

145 2193 236 2229 tinet
259 2196 348 2232 inter
368 2195 554 2235 Altinates.
591 2197 749 2248 Princeps
772 2199 871 2236 enim
893 2200 1060 2246 generale
1083 2210 1152 2237 vo·
1224 2200 1363 2238 minora
1388 2205 1542 2256 consequi
1558 2209 1673 2257 potuit
1702 2238 1712 2254 ‚
1754 2211 1817 2258 sed
1838 2225 1906 2248 non
1929 2223 2005 2250 tam
2039 2218 2246 2263 concupivit,

146 2242 313 2281 cabulum
348 2257 475 2283 eorum
500 2275 511 2291 ‚
548 2249 611 2296 qui
631 2248 669 2285 in
691 2249 811 2297 aliqua
840 2247 1008 2286 facultate
1033 2250 1152 2287 excel·
1225 2249 1252 2286 B
1268 2263 1289 2286 Α
1304 2265 1325 2288 a
1346 2267 1367 2290 T
1385 2267 1416 2290 Η.
1456 2255 1564 2295 Adde
1598 2261 1809 2308 interpretes
1843 2262 1886 2297 ad
1909 2263 2033 2300 locum
2057 2265 2245 2308 Paterculi.

142 2291 230 2329 lunt.
267 2294 438 2333 Altinum
469 2298 645 2352 oppidum
676 2299 856 2336 Venetiae
888 2300 924 2336 in
957 2299 1087 2347 palude
1110 2299 1152 2336 fi-
1228 2301 1396 2340 Similiter
1414 2305 1547 2344 Noster
1571 2309 1651 2346 Lib.
1676 2309 1702 2345 1.
1726 2310 1833 2359 Epist.
1858 2311 1963 2349 XIV.
1986 2325 2020 2350 n.
2054 2327 2087 2360 4.
2134 2322 2243 2356 Pater

140 2343 267 2381 milem
292 2346 462 2384 Ravenae
486 2349 592 2384 litum
613 2348 771 2391 habens,
797 2348 842 2384 ab
863 2348 976 2386 Attila
987 2349 1150 2387 ditutum
1225 2351 1401 2390 Minucius
1438 2358 1626 2395 Macrinus
1652 2387 1662 2402 ,
1711 2359 1869 2408 equestris
1901 2364 2032 2400 ordinis
2061 2366 2241 2418 p'rinceps,

137 2391 198 2428 seu
232 2396 426 2432 incensum.
491 2397 578 2445 Ejus
607 2398 711 2434 lanae
742 2398 890 2436 tertium
923 2399 1016 2436 inter
1048 2398 1151 2437 Italas
1222 2401 1303 2447 quia
1328 2402 1416 2439 nihil
1449 2405 1559 2443 altius
1582 2408 1706 2445 voluit.
1760 2411 1839 2448 Lib.
1875 2412 1922 2449 II.
1955 2414 2063 2463 Epist.
2089 2416 2115 2454 Ι.
2143 2429 2177 2455 n.
2205 2432 2238 2460 2.

199 1825 353 1874 Aesopus
375 1827 497 1862 aanor
518 1838 624 1876 quam
645 1826 840 1881 materiam
854 1826 976 1875 reperit

200 1879 304 1910 Hanc
325 1889 380 1923 ego
397 1875 505 1923 polivi
528 1875 681 1926 versibus
692 1877 851 1925 senarns.

137 2439 261 2481 locum
286 2446 451 2484 obtinent
475 2458 518 2485 ex
542 2447 730 2486 Martiale:
1222 2452 1431 2504 PerfunHus
1452 2455 1497 2500 est
1520 2459 1622 2495 sertio
1644 2459 1825 2509 consulatu
1840 2490 1849 2506 ‚
1876 2474 1917 2500 ut
1934 2464 2119 2513 summum
2133 2469 2242 2516 fasti.

1215 2511 1314 2547 gium
1334 2503 1474 2546 privati
1498 2505 1648 2546 hominis
1669 2510 1826 2560 impleret
1851 2540 1861 2555 ‚
1897 2527 1975 2552 cum
1991 2518 2154 2567 principis
2176 2533 2236 2557 no-

184 2543 369 2582 Velleribus
390 2546 515 2595 primis
540 2549 692 2598 Appulia
707 2576 717 2593 ,
746 2554 881 2585 Parma
897 2549 1071 2598 secundus
1215 2548 1337 2599 luiffet.
1366 2552 1408 2589 In
1431 2553 1593 2595 Arnzen.
1616 2571 1692 2597 non
1715 2572 1904 2612 comparet
1925 2567 2113 2615 ascendere.
2233 2568 2238 2572 ’

221 2595 380 2640 Nobilis,
410 2597 583 2636 Altinum
606 2599 712 2637 tertia
736 2599 864 2635 laudat
887 2600 972 2636 ovis.
1271 2613 1288 2647 7
1321 2602 1524 2656 Astruere.]
1554 2609 1712 2650 Addere.
1741 2614 1892 2652 CATAN.
1923 2617 1974 2655 Ita
1996 2620 2131 2668 saepius
2155 2623 2239 2661 No->

1218 2649 1285 2688 ster
1305 2682 1314 2696 ,
1354 2662 1392 2690 ut
1426 2655 1507 2694 Lib.
1532 2657 1598 2696 IV.
1620 2659 1726 2710 Epist.
1750 2663 1875 2703 XVII.
1898 2678 1930 2703 n.
1956 2679 1987 2713 7.
2040 2673 2235 2718 Quantum

136 2690 198 2730 CA
219 2707 241 2732 τ
256 2708 277 2732 Α
290 2707 326 2732 n.
352 2697 413 2735 De
427 2698 576 2748 principe
597 2700 681 2738 vide
701 2708 825 2738 notata
846 2699 892 2737 ad
914 2699 1042 2738 Sallust.
1065 2698 1145 2738 Cat.
1215 2701 1272 2739 ille
1286 2703 1403 2742 famae
1423 2718 1518 2745 meae
1539 2711 1653 2756 domi,
1680 2725 1857 2762 quantum
1878 2716 1915 2753 in
1935 2718 2070 2766 publico
2087 2748 2096 2764 ‚
2144 2736 2236 2760 uan-

138 2749 212 2790 cap.
230 2744 310 2783 XL.
332 2759 367 2783 n.
390 2759 420 2785 2.
449 2748 665 2787 Notandum
690 2752 797 2788 etiam
814 2779 824 2794 ,
852 2750 954 2800 quod
976 2753 1012 2788 in
1037 2750 1141 2789 MSS.
1215 2763 1294 2789 tum
1325 2755 1431 2792 etiam
1466 2760 1561 2804 apud
1588 2762 1773 2813 principem
1805 2765 1975 2806 adstruxit
2001 2773 2010 2806 l
2058 2772 2137 2810 Lib.
2167 2774 2234 2813 IX.

141 2786 291 2832 Riccard,
327 2796 523 2835 Lindenbr.
561 2800 726 2849 Bongars.
767 2800 880 2837 Arnz.
921 2803 959 2839 ὅ(
987 2801 1140 2839 Helmst.
1214 2802 1321 2852 Epist.
1345 2805 1525 2846 XXXIV.
1549 2822 1582 2848 n.
1609 2825 1660 2850 11.
1712 2817 1944 2866 Qamquam
1977 2833 2046 2858 non
2076 2821 2120 2869 est
2150 2833 2233 2872 opus

141 2839 310 2882 Arrianus
332 2852 501 2885 Maturus
527 2849 694 2888 scribatur
711 2880 721 2896 ,
747 2859 788 2888 ut
805 2851 1114 2901 ediditGryphius
1131 2881 1141 2897 ,
1211 2855 1372 2903 adfingas
1401 2857 1540 2908 aliquid
1563 2889 1573 2905 ‚
1610 2876 1674 2901 aus
1698 2865 1851 2904 adstruas
1877 2883 1885 2906 :
1904 2869 2035 2917 sufficit
2059 2899 2070 2916 ‚
2099 2886 2141 2911 ne
2165 2888 2231 2922 ea,

140 2893 214 2941 ¹³0¹}
235 2894 418 2934 Maturius.
447 2899 537 2937 Sane
559 2901 596 2938 in
620 2901 816 2951 Lapidibus
827 2903 1133 2952 apudGruterum
1210 2906 1390 2954 quaesunt
1402 2921 1488 2946 vera
1503 2939 1513 2954 ,
1538 2911 1764 2953 minuantur.
1791 2918 1966 2968 Panegyr.
1980 2933 2055 2970 cap.
2069 2923 2228 2966 XXXV.

139 2942 262 2979 pariter
282 2945 466 2992 Maturus,
495 2960 571 2986 non
590 2951 742 2989 alterum
768 2980 778 2996 ,
817 2955 973 2991 occurrit
995 2953 1134 3003 aliquo-
1208 2962 1273 2992 Per
1295 2970 1395 3008 quem
1419 2972 1551 3007 magna
1572 2966 1747 3011 quaedam
1770 2967 1892 3007 edicto
1917 2972 2227 3015 Titiadstruxerat.

138 2983 212 3020 ties.
239 2985 331 3045 Iusta
350 2994 449 3034 Voff.
468 3011 535 3035 non
556 3001 596 3038 de
619 3003 744 3050 opibus
768 3003 894 3053 loquor.
1207 3007 1258 3043 Ca
1287 3037 1295 3046 .
1328 3008 1505 3048 LXXIV.
1537 3020 1626 3051 extr.
1674 3015 1780 3058 Nihil
1811 3018 1970 3063 felicjtatj
1999 3023 2088 3072 suae
2115 3035 2223 3076 putas

189 3043 205 3079 3
238 3036 446 3095 castua5.‚]
481 3048 687 3100 Integritate
718 3055 757 3094 ὃς
786 3054 1009 3096 innocentia.
1054 3055 1131 3095 Cic.
1208 3019 1336 3099 adKrui
1352 3060 1449 3112 poffe.

1495 3113 1579 3155 Aa
2134 3131 2226 3177 1122

2304 846 2336 896 5

2304 1053 2337 1096 6
