2616 3686
607 203 953 260 LIBER
1020 200 1884 265 11-.·E1³18·1·01.A1v.
2013 221 2018 224 ·
2194 220 2290 285 ⁷¹07

226 290 480 351 facilitatis
502 299 654 344 meae
691 289 911 361 pignuS,
946 282 1094 355 cujus
1131 282 1326 340 fiducia
1365 282 1529 338 debes
1568 279 1582 301 ¹
1621 283 1815 366 samam
1855 286 2094 346 defunffl
2117 293 2293 362 pudo-

216 379 444 436 remque
482 361 774 433 suscipere,
809 358 874 414 ad
914 353 1065 427 quod
1104 367 1263 409 nete
1303 354 1489 410 verbis.⁴
1511 371 1679 426 magis
1702 372 1862 427 quarn
1888 359 2048 414 rebus
2078 362 2292 428 horter,

211 434 481 508 quicquid
519 432 648 488 mihi
682 445 828 504 pater
867 443 986 483 tuus
1020 426 1208 482 debuit
1235 465 1253 491 ,
1299 434 1315 453 ²
1339 441 1621 508 acceptum
1659 427 1757 482 tibi
1783 428 1899 484 fieri
1917 429 2133 499 jubebo,
2173 436 2291 491 Nec

209 509 325 571 est,
363 505 515 580 quod
547 503 772 560 verearis
800 541 814 566 ,
851 519 918 556 ne
957 501 1016 554 srt
1051 500 1183 555 mihi
1211 501 1433 555 onerosa
1472 498 1560 553 ista
1593 500 1834 556 donatio,
1909 501 2044 557 Sunt
2071 507 2295 575 quidem

214 581 447 634 omnino
469 577 618 632 nobis
644 575 889 629 modicae
914 572 1188 628 facultates
1216 611 1232 636 ,
1283 572 1512 644 dignitas
1539 571 1840 642 sumptuosa
1868 612 1884 637 ,
1921 575 2128 631 reditus
2175 595 2297 647 pro.

222 663 344 722 pter
368 651 382 677 ³
403 648 763 705 conditionem
790 646 1111 718 agellorum,
1149 643 1330 700 nescio
1356 646 1561 707 minor,
1597 663 1664 700 an
1688 646 1947 700 incertior
1970 686 1985 710 ‚
2015 647 2103 702 sed
2144 652 2296 721 quod

223 722 458 777 cess'atex
471 720 672 782 reditu,
713 719 1013 790 frugalitate
1028 718 1331 789 suppletur,
1367 734 1582 788 exqua,
1603 718 1784 772 ⁴velut
1806 736 1874 774 ex
1900 717 2082 782 fonte,
2104 721 2294 777 libera-

226 796 337 852 litas
361 790 532 846 nostra
556 791 812 849 decurrit.
887 791 1044 862 Quae
1068 804 1246 845 tamen
1273 790 1344 843 ita
1367 788 1713 857 temperanda
1736 791 1947 852 est,‘ne
1973 792 2134 849 nimia
2169 812 2294 864 pro-

222 863 423 920 fusione
462 871 476 898 ⁵
515 864 784 918 inarescat.
824 862 913 917 sed
952 860 1298 933 temperanda
1333 861 1389 916 in
1425 861 1535 915 aliis
1560 899 1578 926 ,
1614 863 1750 916 inte
1776 880 1907 918 vero
1934 862 2085 919 facile
2108 859 2127 884 ⁶
2157 869 2294 924 ratio

212 934 505 1000 constabit,
544 934 745 991 etiamst
770 935 999 992 modum
1024 935 1319 992 excesserit.
1358 933 1510 988 Vale.

2220 1211 2297 1270 V.

208 1335 384 1394 'repetitio
402 1345 637 1387 Pronominis
659 1360 713 1398 ego
727 1349 764 1386 in
777 1347 1141 1385 commemoratione
1151 1352 1232 1382 tan-
1272 1346 1350 1384 nius
1365 1374 1374 1391 ,
1400 1354 1442 1385 ut
1489 1347 1618 1387 videtis
1657 1359 1702 1387 ex
1750 1356 1841 1387 nota
1887 1347 2073 1387 Gronovii
2118 1348 2164 1388 ad
2212 1349 2298 1389 Lib:

213 1400 341 1432 torum
371 1396 634 1436 beneficiorum
668 1398 861 1436 frustranea
899 1397 947 1435 est
962 1426 972 1442 ,
1000 1408 1069 1434 nec
1091 1396 1233 1433 iteratio
1274 1394 1452 1435 XXVIII.
1473 1398 1566 1438 Hist.
1589 1399 1675 1436 Nat.
1698 1408 1776 1447 cap.
1800 1400 1848 1437 II.
1901 1399 2008 1448 Qod
2020 1398 2056 1448 fi
2076 1412 2203 1436 verum
2226 1401 2297 1450 est,

210 1443 415 1485 -Particulae
434 1473 448 1493 ,
496 1447 541 1485 de
572 1461 646 1498 qua
679 1448 798 1485 forma
832 1448 989 1486 diximus
1021 1446 1068 1483 ad
1103 1445 1234 1483 Sallust.
1273 1447 1409 1484 homini
1442 1456 1636 1496 acceptum
1669 1447 1747 1489 fieri
1783 1458 1956 1497 oportere,
1983 1451 2031 1486 ita
2079 1451 2179 1486 enim
2226 1451 2298 1490 illic

220 1493 299 1541 Cat.
330 1508 406 1546 cap.
439 1498 483 1535 L.
512 1510 546 1534 n.
581 1511 610 1536 1.
666 1499 772 1535 Dum
802 1497 885 1534 haec
917 1499 955 1534 in
969 1498 1101 1546 senatu
1124 1509 1237 1544 agun—
1274 1507 1427 1546 quoque
1448 1498 1555 1535 MSS.
1580 1508 1647 1546 pro
1670 1499 1820 1546 vulgato
1845 1512 1854 1536 :
1881 1508 2054 1547 acceptum
2088 1498 2171 1537 ferri
2202 1509 2297 1549 opor-

219 1556 303 1590 mr,
329 1547 370 1584 &
401 1546 490 1584 dum
521 1547 642 1596 legatis
673 1547 952 1593 Allobrogum...
991 1546 1148 1594 praemia
1178 1546 1233 1582 de·
1274 1555 1358 1583 tere.
1396 1547 1493 1584 ICtis
1516 1559 1594 1584 non
1617 1547 1735 1584 modo
1758 1557 1933 1598 acceptum
1949 1550 2029 1595 fero
2054 1578 2064 1594 ,
2102 1548 2162 1587 sed
2183 1552 2296 1590 etiam

219 1606 426 1633 cernunt-ur.
477 1597 570 1634 Illud
594 1598 738 1634 vivente
757 1607 807 1633 ex
827 1596 1003 1633 Particula
1035 1608 1097 1645 que
1128 1596 1235 1643 plene
1273 1605 1451 1646 acceptum
1474 1596 1607 1642 babeo,
1634 1607 1817 1648 acceptum
1828 1599 1924 1646 facio
1945 1606 2035 1636 nota
2057 1600 2147 1637 sunt.
2201 1600 2297 1650 Leg.

222 1644 413 1693 perscripta
434 1647 620 1690 manavit,
648 1656 741 1695 quae
765 1647 802 1683 in
825 1652 911 1684 vett.
936 1645 1040 1684 Libb.
1074 1658 1138 1695 per
1169 1657 1236 1684 nu-
1273 1655 1304 1690 7.
1329 1662 1369 1683 π.
1393 1647 1440 1685 de
1461 1649 1660 1696 acceptilat.
1707 1654 1796 1685 Sane
1827 1661 1871 1688 co·
1899 1648 1944 1698 fic
1974 1647 2186 1698 acceptilacio
2217 1650 2297 1692 fieri

227 1693 318 1732 dum
343 1707 375 1744 q.
398 1694 465 1733 slsti
488 1695 585 1734 solet.
615 1697 768 1734 Conna.
1159 1729 1164 1731 ,
1270 1695 1410 1743 potest:
1439 1702 1590 1747 Accepta
1615 1698 1699 1740 facis
1721 1699 1862 1736 decem?
1893 1699 1950 1737 ille
1960 1699 2133 1750 respondit
2148 1726 2158 1743 ,
2187 1698 2296 1740 facio.

277 1757 292 1783 1
325 1752 476 1783 Famam
498 1746 691 1795 defuntii]
721 1746 842 1785 Debes
864 1748 1138 1795 quamprimum
1161 1745 1236 1784 adi·
1271 1745 1362 1794 Leg.
1384 1746 1419 1783 8.
1444 1749 1477 1790 §.
1499 1748 1562 1785 ult.
1584 1747 1679 1790 Eod.
1733 1753 1780 1786 Et
1805 1749 1876 1786 ideo
1889 1758 1974 1799 puto
1995 1762 2039 1790 ω·
2061 1756 2190 1788 Graece
2210 1751 2295 1800 posse

227 1806 267 1832 re
290 1796 550 1834 haereditatem
575 1806 761 1845 paternam
784 1809 793 1834 :
830 1797 905 1833 hoc
936 1796 1044 1845 pacto
1066 1796 1235 1835 tutaberis
1270 1804 1464 1845 acceptum
1487 1797 1564 1837 fieri
1579 1826 1589 1842 ‚
1617 1807 1728 1849 atquc
1749 1800 1798 1837 ita
1820 1800 1958 1852 paffim.
2015 1801 2092 1850 Ipse
2123 1798 2295 1842 Catullus

225 1845 364 1883 famam
388 1848 494 1894 patris
515 1848 592 1891 tui,
619 1846 670 1885 sm
692 1847 809 1885 minus
832 1845 1024 1884 declarares
1037 1848 1162 1884 omnia
1174 1847 1233 1884 sua
1271 1858 1316 1884 ex
1340 1858 1387 1885 eo
1410 1857 1516 1887 more
1539 1850 1663 1888 carm.
1686 1850 1865 1888 XXXVI.
1888 1862 1940 1889 vs.
1967 1852 2023 1890 16.

227 1894 452 1943 dilapidasse,
480 1896 583 1947 quod
610 1897 755 1935 summo
787 1897 966 1936 dedecore
987 1897 1089 1935 illum
1113 1899 1234 1935 inure-

227 1952 291 1982 ret.
320 1947 472 1984 (janu.
499 1947 663 1996 suscipere
682 1949 755 1987 hoc
774 1947 873 1985 sensu
905 1947 1234 1997 frequentissimum
1322 1947 1531 1999 Acceptum
1557 1948 1661 1996 face,
1687 1951 1935 2002 redditumque
1956 1959 2118 1998 votum,

230 1993 359 2033 Tullio
373 2024 383 2040 ‚
411 2008 477 2045 pro
498 1999 589 2035 tueri
612 1999 650 2035 δε
663 1996 858 2036 defendere
873 2026 884 2042 ,
910 1997 1119 2048 utsuscipere
1130 2010 1232 2049 remp.
1321 1999 1357 2037 si
1377 2012 1447 2038 non
1467 1999 1646 2050 illepidum
1669 2014 1774 2053 neque
1795 2001 2024 2050 invenustum
2044 2002 2100 2050 cst.

222 2044 386 2094 suscipere
426 2047 561 2086 alutem
580 2047 657 2096 reip.
673 2048 833 2099 suscipere
853 2048 1004 2097 caussam
1036 2050 1165 2094 amici,
1195 2052 1233 2088 ὃς

231 2095 313 2133 Lib.
337 2097 382 2133 V.
421 2096 502 2135 *'am.
525 2097 630 2147 Epist.
654 2098 718 2135 IX.
740 2110 775 2136 n.
800 2110 832 2148 3.
857 2098 1049 2138 Vatinius:
1076 2100 1236 2150 Qcarefi
1272 2098 1460 2138 Praeterea
1482 2112 1549 2150 pro
1571 2101 1688 2148 iubeo,
1716 2105 1877 2152 optimus
1900 2104 2093 2143 Mediceus
2104 2117 2190 2144 cum
2203 2107 2296 2146 Linss

227 2159 281 2183 me
296 2174 305 2189 ,
323 2145 370 2195 stc
389 2159 430 2185 ut
444 2147 530 2197 soles
545 2176 554 2192 ‚
579 2161 701 2192 amas.
731 2149 862 2198 suscipe
885 2162 938 2187 me
958 2160 1084 2187 totum.
1123 2153 1235 2200 Supra
1274 2149 1395 2187 denbr.
1430 2153 1470 2189 ὃ(
1502 2152 1664 2190 Arnzen.
1697 2153 1812 2191 iubebo
1837 2183 1847 2198 ,
1885 2156 2000 2204 iisque
2024 2156 2293 2205 subscripfimus.

227 2208 295 2245 pro
308 2197 496 2242 facilitatis
516 2227 527 2243 ,
554 2210 742 2248 perperam
762 2201 798 2238 in
822 2199 1234 2246 Helmstad.selicitatis,
1274 2199 1450 2251 Denique
1481 2214 1526 2240 ex
1560 2204 1696 2241 eodem
1730 2205 1906 2243 Mediceo
1929 2216 2020 2242 mox
2043 2207 2290 2254 reposuimus:

227 2248 263 2284 in
288 2246 451 2296 Bongars.
466 2249 655 2296 facultatis
676 2251 814 2297 legitur.
870 2251 951 2288 MS.
975 2251 1233 2291 Rrec-ardhinc
1275 2262 1314 2286 ne
1338 2249 1388 2299 fit
1421 2251 1510 2288 mihi
1542 2254 1693 2292 onerosa
1724 2254 1784 2292 ista
1806 2255 1975 2297 donatio,
2002 2266 2088 2292 cum
2111 2256 2293 2304 Vulgatae

225 2308 340 2347 usquc
360 2297 405 2334 ad
426 2299 533 2348 Epist.
556 2299 638 2337 XII.
658 2312 693 2336 n.
715 2313 747 2346 4.
769 2312 836 2338 nos
859 2299 994 2340 deserit.
1273 2300 1448 2338 haberent
1469 2301 1531 2345 ista
1552 2305 1694 2352 onerosa
1714 2305 1868 2341 donatio.
1899 2304 1984 2340 Coa
1994 2317 2053 2342 TE.

275 2360 294 2385 2
324 2353 508 2398 Acceptum
522 2348 652 2398 serri.]
683 2351 786 2388 Volo
800 2378 810 2394 ,
837 2358 877 2388 ut
898 2358 1110 2398 procurator
1123 2363 1226 2390 meus
1325 2361 1343 2398 3
1374 2352 1616 2389 conditionem
1627 2353 1850 2401 agellorum]
1871 2355 2050 2391 Sterilium
2063 2354 2267 2394 admodum
2281 2383 2294 2403 ,

224 2400 283 2436 vel
314 2398 527 2448 dispensator
560 2411 642 2436 eam
673 2400 853 2438 summam
882 2402 1078 2439 rationibus
1112 2401 1226 2444 ferat,
1275 2400 1397 2446 quales
1430 2399 1584 2448 possedit
1615 2403 1719 2449 juxta
1753 2403 1917 2441 Larium.
1956 2405 2054 2441 Nam
2077 2406 2116 2443 in
2139 2406 2293 2446 Thuscis

221 2459 284 2487 me
305 2450 366 2488 tibi
390 2447 537 2487 don-affe
557 2449 695 2488 scilicet.
723 2449 862 2488 Modus
884 2449 1026 2488 dicendi
1049 2451 1144 2498 apud
1166 2462 1230 2488 an·
1273 2449 1338 2486 soli
1359 2449 1559 2487 ubertatem
1584 2453 1832 2491 commendat.
1862 2455 2016 2491 Car-rm.

214 2499 342 2546 ’tiques
366 2500 506 2547 elegans
531 2502 569 2537 ὃς
593 2500 772 2548 frequens.
820 2500 910 2537 Piin.
934 2500 1003 2538 sen.
1019 2501 1096 2538 Lib.
1122 2501 1227 2540 VIII.
1325 2512 1348 2544 4
1376 2500 1473 2537 Velut
1495 2513 1538 2536 ex
1548 2501 1690 2552 fonte]
1723 2505 1777 2543 Sic
1799 2503 1847 2542 est
1868 2505 1906 2541 in
1927 2505 2032 2543 MSS.
2055 2505 2192 2545 nostris.
2219 2507 2294 2548 Alfi

218 2551 472 2598 Magnitudini
486 2552 651 2596 satorum
671 2560 808 2599 accepta
822 2550 914 2596 serri
925 2551 1090 2599 aequius,
1117 2565 1225 2601 quam
1274 2562 1296 2585 a
1310 2551 1436 2595 fonte,
1463 2559 1524 2587 aut
1547 2566 1561 2587 e
1578 2552 1692 2597 fonte.

210 2599 376 2644 ferarum
399 2610 551 2637 naturae
573 2601 739 2638 arbitror.
796 2601 843 2637 Et
866 2601 1065 2646 Caecilius,
1092 2614 1138 2639 an
1161 2614 1227 2651 po·
1327 2614 1345 2648 ς
1377 2601 1590 2650 Ῑηανεβατ.ἶ
1622 2602 1872 2652 Extinguatur.
1899 2605 2033 2644 Perstat
2054 2607 2090 2644 in
2125 2607 2292 2656 Metaph.

217 2650 288 2688 tius
310 2651 453 2688 Domit.
477 2652 513 2688 in
538 2650 645 2699 Epist.
668 2651 712 2688 ad
736 2650 889 2688 Terent.
913 2652 1014 2688 Max.
1042 2658 1226 2689 Summam
1276 2661 1359 2687 curn
1383 2651 1615 2699 pmcmififfet
1639 2652 1794 2692 fontem.
1849 2657 1891 2693 In
1914 2657 2008 2694 hanc
2031 2669 2107 2694 rem
2121 2657 2292 2697 MTun.

213 2703 399 2750 expensam
421 2700 632 2738 liberalitati
654 2716 747 2739 meae
760 2702 875 2748 sves,
903 2702 963 2739 ubi
984 2701 1146 2741 subticuit
1170 2715 1227 2740 ac-
1275 2706 1339 2738 Res
1353 2701 1552 2747 familiaris
1575 2716 1632 2739 nec
1652 2703 1704 2741 ita
1725 2707 1917 2744 claudatur
1934 2734 1944 2750 ,
1971 2719 2012 2744 ut
2031 2720 2109 2745 eam
2131 2707 2290 2757 benigni-

218 2758 370 2797 ceptam.
397 2751 550 2790 Caram.
589 2756 775 2802 Acceptum
797 2751 862 2790 tibi
876 2752 967 2797 ferri
988 2752 1081 2791 iubeo
1103 2755 1227 2801 vulga·
1274 2763 1330 2787 tas
1353 2752 1480 2800 aperire
1502 2765 1569 2789 non
1587 2754 1701 2803 possit:
1733 2768 1791 2792 nec
1819 2758 1870 2794 ita
1888 2756 2055 2804 reseretur
2070 2785 2081 2802 ,
2107 2768 2147 2794 ut
2164 2766 2292 2807 pateat

220 2804 277 2835 tae
295 2799 384 2841 Edd.
418 2814 547 2840 omnes
580 2803 798 2850 ingerebant.
847 2803 988 2840 Contra
1021 2814 1151 2842 omnes
1185 2817 1227 2841 ο-
1273 2802 1442 2840 omnibus.
1474 2804 1594 2840 medus
1624 2803 1838 2843 adhibeatur
1859 2835 1869 2851 ‚
1912 2808 2005 2856 isque
2037 2809 2214 2855 referatur
2241 2811 2292 2847 ad

223 2849 346 2887 mnino
369 2852 473 2890 MSS.
496 2852 603 2891 nostri
626 2863 801 2903 acceptum
813 2864 837 2890 t.
846 2853 924 2899 fieri
937 2854 1131 2899 exhibent,
1159 2868 1227 2894 nec
1266 2853 1472 2898 facultates.
1505 2854 1658 2891 Canu.
1699 2856 1923 2896 Mediccusa
1936 2860 2054 2906 prima
2067 2867 2204 2896 manu:
2234 2861 2294 2899 m'-

225 2894 368 2950 delqehnt
388 2902 501 2940 dictio
520 2905 580 2941 illa
601 2904 788 2953 repudiari.
817 2905 873 2943 Sic
894 2905 1026 2941 iterum
1055 2906 1134 2943 Lib.
1160 2907 1223 2945 VI.
1273 2905 1347 2941 mia
1366 2903 1589 2953 professione
1609 2905 1794 2954 inarescat.

224 2941 329 2994 Epist.
350 2949 520 2990 XXXIV.
543 2967 578 2991 n.
602 2966 634 3003 3.
687 2960 738 2992 Tu
761 2967 881 2992 tamen
902 2954 1078 3001 meruisti,
1105 2969 1147 2992 us
1167 2969 1224 2995 ac-
1320 2955 1342 2990 6
1370 2956 1475 2993 Ratio
1511 2954 1713 3006 connubia]
1755 2957 1798 2995 In
1836 2967 2012 3009 promptu
2050 2960 2116 2998 erit
2165 2960 2290 3007 causa,

223 3002 366 3041 ceptum
393 3002 453 3040 tibi
491 3002 592 3042 fieret
614 3033 624 3049 ,
671 3007 763 3055 quod
793 3020 858 3056 qao
889 3006 1003 3043 minus
1023 3006 1199 3044 exhiberes
1215 3037 1224 3053 ‚
1271 3006 1371 3055 quod
1394 3006 1456 3046 tibi
1479 3005 1618 3050 affinis,
1645 3008 1750 3055 quod
1773 3008 1910 3046 famam
1934 3012 2088 3058 parentis
2119 3013 2175 3050 tui
2208 3023 2292 3059 pro-

223 3055 290 3080 ἢθη
310 3054 365 3100 Pet
383 3058 415 3087 u
434 3050 519 3090 (feeit
554 3083 564 3100 ,
599 3057 662 3094 ubi
686 3057 780 3096 male
811 3057 988 3095 Gruter-'is
1022 3067 1148 3095 contra
1182 3071 1223 3095 0-
1269 3059 1431 3095 rexerim.
1465 3056 1617 3094 Ces-rau.
1641 3057 1738 3096 Vide
1751 3059 1980 3098 Catanaeum
1993 3059 2037 3097 ad
2050 3061 2171 3099 Lib.I.
2186 3060 2293 3109 Epist·

215 3104 320 3133 mnes
342 3095 446 3136 hbrcss
460 3105 595 3147 finem
617 3105 781 3147 malebat.
810 3108 926 3157 Saepe
947 3109 996 3148 ita
1017 3110 1134 3148 maior
1153 3109 1224 3148 Pli-
1271 3109 1314 3146 V.
1341 3117 1432 3148 extr.
1458 3108 1497 3145 &
1520 3107 1747 3196 Schegerum
1770 3110 1816 3149 ad
1840 3111 1910 3150 Lib
1933 3111 1965 3149 1..
1987 3111 2169 3162 Epistjx.
2180 3113 2293 3200 prin&

1670 3170 1689 3196 2
