2616 3686
290 193 388 257 473
523 183 844 241 C.PL1N.
889 178 1213 232 mecm.
1265 174 1425 228 3Εο.
1472 173 1625 225 Lrss.
1675 173 1782 230 vr.
1830 173 1939 225 ΕΡ.
1983 132 2235 226 ¹xxxiv.

227 290 250 343 3
296 277 522 334 magnus
559 263 763 316 animus
790 254 1107 312 ostenditur.
1184 249 1401 307 Vellem
1439 242 1768 301 ’Africanae
1801 284 1818 311 ,
1881 263 2010 318 quas
2036 264 2311 302 coemeras
2334 250 2451 321 plu-

300 333 458 391 rimas
482 373 498 397 ,
559 333 627 387 ad
671 328 1009 403 praefinitum
1045 325 1195 380 diem
1235 319 1628 383 occurrissent,
1692 318 1783 374 sed
1825 319 1949 375 licet
1983 319 2297 374 cessaverint
2335 323 2449 377 illae

306 406 621 477 tempestate
657 407 912 460 detentae
938 439 954 465 ‚
1018 410 1078 452 tu
1128 411 1308 452 tamen
1346 391 1616 454 meruisti,
1654 391 1672 412 ²
1706 406 1765 446 ut
1810 407 2097 465 acceptum
2132 393 2231 447 tibi
2275 391 2461 460 fieret,

311 480 462 555 quod
491 496 604 553 quo
629 479 803 534 minus
830 479 844 506 ³
869 471 1186 535 exhibereS,
1223 487 1334 526 non
1356 485 1451 539 per
1478 479 1531 520 te
1561 462 1722 521 stetit.
1761 465 1912 521 Vale.
2044 466 2047 470 '

311 620 424 657 animi
446 617 506 656 est.
547 618 680 656 Cicero
707 615 786 653 Lib.
810 613 840 650 I.
861 612 907 649 de
929 611 1058 650 officiis
1080 624 1090 648 ε
1131 607 1236 648 Nihil
1265 617 1344 644 tam
1420 605 1465 643 In
1486 605 1560 645 aliis
1581 606 1690 644 MSS.
1713 605 1831 653 reperi
1848 602 2074 653 succurrere}
2101 604 2326 651 concurrere3
2354 606 2458 657 quod

309 669 449 718 angusti
470 670 585 706 animi
605 678 711 718 atque
729 677 808 704 tam
826 663 935 712 parvi
960 691 970 707 ‚
1010 673 1120 711 quam
1144 670 1268 696 amare
1293 657 1346 693 div
1425 658 1500 694 iam
1521 658 1644 704 prodit
1659 685 1669 700 ‚
1698 657 1888 704 vulgatum
1910 658 2095 696 adcurrere
2116 656 2288 694 vitiosum
2315 661 2458 697 eossoco

311 713 424 759 viiias
447 735 458 764 3
489 718 581 757 nihil
605 710 772 763 honestius
797 742 807 758 ,
837 711 1180 760 magnificentiusque
1197 737 1208 754 ,
1237 720 1347 758 quam
1426 705 1508 745 esse.
1541 709 1696 746 CORTE.

308 771 496 824 pecuniam
518 780 757 810 contemnere,
783 775 855 804 σε.
883 763 1094 800 Rucuma.
1344 809 1349 815 ¹
1464 767 1496 793 ‘2
1526 762 1572 795 Ut
1605 767 1784 806 acceptum
1814 757 1879 796 tibi
1894 758 2006 805 fieret.
2029 757 2046 808 ]
2076 759 2131 795 Ut
2153 769 2284 796 omnes
2310 759 2374 799 tibi
2396 761 2463 800 ha·-

368 835 383 861 1
416 818 658 906 Africanae}
687 817 890 855 Panthsrae
915 842 925 858 ,
954 825 1042 863 quas
1067 811 1259 851 Africanas
1282 808 1353 847 dici
1425 806 1557 845 berent
1589 809 1716 857 gratias
1743 836 1754 853 ,
1794 810 1945 858 perinde
1977 821 2020 846 ac
2042 808 2067 847 si
2090 810 2163 848 illas
2185 808 2348 848 dedifl'es.
2377 812 2465 849 CA.

314 873 407 912 Plin.
442 872 522 910 Lib.
561 869 636 908 VII
661 899 669 907 .
707 880 784 917 cap.
825 865 972 904 XVIII.
1009 864 1127 903 tradit.
1179 868 1356 906 Senatus,
1430 869 1544 896 TAN.
1573 858 1647 896 Tibi
1663 858 1803 908 fieret.]
1834 859 2040 898 MaIuiss'em
2057 890 2068 906 ‚
2094 861 2159 898 tibi
2164 862 2331 908 ferrent,
2360 864 2464 913 supra

316 925 461 974 inquit,
491 920 692 971 consultum
708 919 788 967 fuit
809 928 913 955 vetus
928 946 938 962 ,
957 929 997 954 ne
1020 915 1134 954 liceret
1157 913 1355 961 Africanas
1429 920 1583 958 quoque
1615 919 1684 957 pro
1717 909 1783 947 illis
1807 938 1818 953 ,
1855 910 1953 957 cujus
1985 914 2173 950 memoriae
2203 923 2269 949 aut
2293 922 2370 961 opas
2395 914 2466 950 ali-

317 975 359 1014 in
389 972 539 1011 Italiam
572 971 699 1010 vehere
719 987 731 1007 .·
772 979 897 1007 contra
921 967 982 1005 hoc
1005 966 1093 1005 tulit
1119 966 1169 1002 ad
1190 962 1356 1014 populum
1429 959 1608 1016 quonlam
1623 959 1860 1009 spcblaculum
1883 970 1988 1010 atque
2013 962 2073 1000 hoc
2100 960 2308 1010 potiffimum
2333 991 2344 1008 ‚
2376 965 2469 1014 quod

319 1030 391 1063 Cn.
419 1023 583 1073 Aufidius
606 1022 783 1061 Tribunus
805 1019 909 1070 plebis
934 1047 945 1065 ‚
969 1016 1193 1066 permisitque
1216 1014 1360 1053 Circen-
1431 1024 1587 1048 maxime
1601 1012 1727 1058 funeri
1752 1009 1934 1048 debeatur.
1955 1012 2064 1049 Pal-at.
2087 1014 2126 1051 &
2147 1013 2238 1051 Edd.
2263 1015 2364 1053 Vett.
2386 1025 2469 1054 tan-

309 1075 409 1126 fium
430 1076 552 1124 gratia
575 1073 773 1124 importari.
801 1070 1055 1109 celeberrimae
1071 1069 1161 1117 sunt
1181 1067 1221 1104 in
1249 1066 1358 1112 Afri·
1430 1070 1511 1100 tum
1546 1063 1682 1100 habent
1706 1091 1715 1106 ‚
1755 1061 1854 1110 cujus
1886 1064 2072 1100 memoriae
2102 1074 2167 1101 aut
2199 1074 2278 1114 opus
2302 1065 2466 1115 aliquod,

317 1139 357 1164 ca
382 1155 392 1171 ,
421 1125 632 1164 vivacitatis
662 1126 746 1162 adeo
781 1123 897 1160 lentae
918 1150 929 1166 ,
965 1131 1005 1158 ut
1025 1119 1139 1169 ejettis
1159 1117 1354 1155 interaneis
1438 1114 1597 1151 maxime
1613 1112 1789 1160 funebre,
1818 1111 1987 1149 debeatur
2010 1141 2020 1157 ,
2049 1113 2153 1162 quod
2176 1115 2289 1161 ipsum
2314 1116 2408 1155 bene
2432 1119 2468 1156 se

319 1178 382 1215 diu
402 1187 569 1226 pugnent.
606 1175 693 1214 Vid.
717 1176 755 1214 ὅτ
778 1174 935 1222 apertius
961 1171 1041 1210 Lib.
1062 1169 1246 1207 XXXVI.
1284 1173 1356 1205 Ac-
1433 1164 1586 1202 haberet
1610 1192 1620 1210 ,
1660 1163 1686 1201 fi
1720 1162 1970 1202 rescriberetur
1992 1192 2002 1208 ‚
2048 1165 2147 1212 cujus
2180 1165 2366 1203 memoriae
2389 1179 2469 1216 opus

322 1229 407 1267 cidit
431 1257 441 1273 ,
469 1229 588 1278 inquit
610 1257 619 1273 ‚
649 1224 827 1264 Praxiteli
851 1252 862 1269 ‚
900 1233 941 1262 ut
968 1235 1046 1261 cum
1069 1222 1108 1260 in
1131 1216 1328 1257 navalibus
1343 1248 1353 1264 ‚
1434 1215 1582 1265 aliquod
1606 1245 1615 1261 ,
1644 1216 1804 1253 maxime
1816 1213 1970 1260 funebre
1993 1243 2004 1258 ‚
2043 1213 2248 1251 debebatur,
2279 1215 2473 1259 GRu‘rER.

319 1279 380 1318 ubi
402 1281 481 1326 fere
514 1278 712 1326 Africanae
747 1285 853 1314 erant
876 1303 887 1320 ‚
931 1284 989 1325 per
1022 1285 1172 1310 caveam
1211 1271 1354 1308 intuens
1434 1273 1481 1304 Ut
1513 1276 1690 1315 acceptum
1715 1264 1785 1315 fibi
1811 1264 1956 1314 fieren]
1982 1266 2038 1302 Ut
2054 1275 2253 1314 acceptum
2275 1264 2341 1303 fibi
2364 1267 2476 1307 fei-re.

321 1329 452 1369 leonem
468 1329 643 1367 caelaret:
672 1342 716 1366 ex
739 1328 816 1365 alia
837 1338 948 1365 cavea
964 1323 1145 1375 panthera
1162 1330 1358 1370 erumperet
1434 1326 1493 1356 tur
1506 1345 1517 1362 ,
1545 1319 1656 1357 etiam
1670 1317 1840 1355 nondum
1856 1315 2072 1354 exhibitum.
2105 1315 2313 1365 Significat,
2341 1329 2474 1367 quam-

323 1394 395 1419 non
424 1381 499 1419 levi
528 1379 678 1431 periculo
712 1376 961 1428 diligenttffimi
994 1374 1153 1421 artificis.
1191 1373 1295 1411 Dion
1320 1373 1356 1410 in
1436 1371 1490 1407 vis
1520 1381 1598 1407 non
1632 1365 1782 1407 dediffer
1816 1365 2008 1406 Africanas
2030 1382 2042 1412 ;
2083 1367 2141 1405 fic
2172 1376 2300 1406 tamen
2321 1369 2418 1407 aetas
2440 1373 2474 1411 ei

325 1432 488 1480 Caligula
520 1432 679 1480 Lybicas
713 1428 804 1467 feras
828 1458 837 1475 ,
886 1439 976 1478 quas
1008 1425 1120 1464 nostri
1153 1424 1358 1471 Africanas
1436 1421 1588 1469 gratias,
1616 1431 1658 1457 ac
1680 1417 1706 1456 fi
1730 1417 1875 1457 fuissent
1890 1419 2006 1456 datae.
2038 1418 2248 1456 Bucar-sen.
2274 1419 2472 1468 Perperam

325 1481 451 1521 dicunt
475 1510 485 1526 ,
526 1481 722 1531 appellavit
746 1508 756 1525 ,
785 1483 824 1519 ὃς
847 1477 1085 1527 Tranquillus
1105 1477 1146 1514 in
1167 1478 1242 1514 vita
1264 1475 1360 1522 ejus·
1439 1472 1618 1509 Gruterus
1644 1478 1819 1519 acceptum
1841 1467 1907 1507 tibi
1921 1469 2062 1516 ferrent
2086 1467 2304 1518 praetuliffet
2325 1472 2476 1521 imprei-

325 1533 412 1572 dem
435 1533 581 1572 testatur
603 1533 842 1571 venationem
867 1531 1134 1578 Africanarum
1158 1526 1280 1565 datam
1294 1554 1304 1571 ,
1320 1527 1360 1564 &
1437 1523 1497 1562 so:
1525 1532 1705 1571 acceptum
1727 1521 1794 1559 tibi
1807 1519 1917 1567 fieret.
1949 1521 2037 1558 Hoc
2050 1523 2148 1559 enim
2160 1522 2364 1559 Plinianum
2381 1521 2478 1570 effe,

324 1587 362 1626 in
387 1584 542 1623 Claudio
566 1583 692 1622 similia
715 1583 836 1621 refert.
867 1583 934 1620 CA
950 1595 972 1620 τ
989 1592 1062 1618 AN.
1103 1585 1288 1616 occurrere
1312 1576 1361 1614 est
1443 1574 1604 1613 diximus
1627 1573 1673 1611 ad
1695 1572 1776 1610 Lib.
1801 1571 1848 1609 ΙΙ.
1872 1570 1981 1621 Epist.
2007 1572 2075 1610 IV.
2098 1585 2178 1609 n.2.
2198 1573 2375 1622 quidquid
2387 1573 2475 1613 mihi

326 1635 468 1687 pra.·sto
502 1633 573 1674 effe
597 1664 608 1679 ,
644 1637 683 1674 in
710 1642 883 1684 tempore
904 1633 1044 1670 venire.
1073 1631 1225 1670 Sueton.
1249 1627 1364 1676 Calig.
1436 1634 1542 1675 pater
1573 1636 1655 1663 taus
1689 1623 1809 1662 debuit
1837 1652 1847 1668 ,
1894 1630 2086 1672 acceptum
2119 1623 2183 1661 tibi
2214 1623 2289 1662 fieri
2333 1624 2478 1671 iubebo,

327 1699 405 1736 cap.
439 1686 615 1726 XXXIX.
677 1687 776 1724 Adeo
802 1714 812 1731 ,
860 1694 902 1722 ut
932 1683 1155 1733 litigatorum
1188 1679 1365 1730 plerique,
1443 1680 1494 1716 ita
1526 1677 1627 1733 enim
1654 1677 1692 1715 in
1725 1675 1832 1714 MSS.
1853 1674 2007 1724 legitur,
2035 1685 2123 1712 cum
2145 1674 2258 1723 vulgo
2281 1675 2480 1716 obtrudant

329 1740 422 1790 quod
444 1749 635 1776 occurrere
656 1736 815 1785 absentes
840 1735 887 1773 ad
908 1733 1161 1773 vadimonium
1190 1744 1259 1769 non
1289 1731 1365 1779 pos-
1441 1731 1548 1778 ferri.

325 1791 410 1841 sent
432 1818 443 1834 ‚
482 1788 598 1837 caussa
631 1789 811 1826 caderent.
849 1787 987 1825 Seneca
1023 1786 1070 1822 11.
1092 1784 1278 1821 Controv.
1301 1781 1368 1820 XI.
1497 1792 1516 1830 3
1549 1776 1789 1828 Exhiberes.]
1830 1777 1874 1816 In
1905 1776 2113 1826 spetaculo
2147 1776 2260 1816 dares.
2296 1777 2481 1828 Uipianus

339 1841 452 1880 Vultis
476 1867 487 1885 ‚
513 1839 633 1889 inquit
657 1867 668 1883 ‚
690 1840 821 1882 amici,
843 1849 966 1876 eamus
989 1837 1038 1873 ad
1058 1844 1183 1884 raptae
1202 1842 1368 1882 patrem?
1448 1831 1485 1870 ff.
1509 1829 1652 1868 XLIII.
1675 1829 1721 1868 de
1746 1831 1861 1868 libero
1871 1829 2028 1868 homine
2041 1828 2274 1866 exhibendo:
2305 1829 2481 1869 Exhibere

337 1901 575 1930 occurremus
600 1918 611 1934 ,
644 1889 706 1928 ille
736 1890 833 1928 domi
865 1887 921 1935 est.
962 1887 1026 1925 ubi
1059 1887 1160 1937 plura
1195 1883 1371 1932 congessit
1447 1882 1492 1930 est
1511 1882 1548 1919 in
1568 1880 1745 1931 publicum
1765 1880 1949 1930 producere
1975 1908 1986 1924 ,
2011 1890 2055 1918 <J
2077 1879 2225 1917 videndi
2247 1882 2483 1932 tangendique

339 1942 566 1981 Gronovius.
623 1941 681 1978 Sic
716 1942 826 1979 etiam
861 1939 975 1977 scribo
1008 1950 1055 1976 ex
1077 1938 1243 1989 quinque
1265 1935 1374 1975 MSS.
1450 1934 1498 1972 rei
1511 1931 1730 1980 facultatem
1755 1931 1924 1979 praebere.
1975 1932 2126 1979 Proprie
2148 1938 2272 1968 autern
2293 1931 2484 1980 exhibere„

338 1993 436 2043 apud
459 1992 656 2031 Lucanum
681 1992 761 2031 Lib.
784 1991 831 2029 X.
849 2001 901 2030 vs.
924 1989 1007 2039 356.
1452 1985 1500 2023 est
1525 1993 1625 2021 extr-a
1646 1983 1824 2021 secretum
1848 1984 1993 2020 habere.
2030 1982 2078 2019 Er
2100 1982 2179 2019 alibi
2203 2010 2213 2026 ‚
2253 1981 2414 2022 exhibere
2436 1988 2485 2023 ett

1452 2035 1624 2073 materiae
1668 2031 1775 2084 ipsius
1814 2032 2146 2084 apprehendendae
2189 2033 2336 2084 copiam
2350 2035 2490 2075 'facere-

390 2113 464 2126 --
514 2113 578 2126 --
628 2092 728 2143 ceffas
750 2102 942 2132 occurrere
954 2089 1049 2142 solox¹
1457 2087 1489 2124 C
1502 2098 1525 2125 A
1540 2099 1563 2126 τ
1578 2097 1599 2123 A
1614 2097 1653 2124 N.
2478 2080 2489 2085 “

389 2145 460 2185 ‚Ad
481 2145 651 2184 dominae>
661 2143 854 2185 thalamos.

2135 3019 2201 3077 C.
2277 3021 2491 3091 PLt.
