2616 3686
207 367 241 415 7
286 361 445 412 etiam
486 361 540 414 in
578 380 673 416 ore
709 362 819 431 ipso
855 365 1118 435 vultuque
1165 360 1402 414 suavitas.

205 495 236 545 8

291 208 377 276 138

519 210 579 259 e.
648 168 1033 259 PLiNtl
1101 197 2195 257 C'AECILII'SECUNDI

292 290 305 310 ¹
329 288 416 341 illo
443 302 533 341 aut
562 288 770 344 fidelius
792 292 998 353 amico,
1036 303 1124 343 aut
1156 288 1333 343 sodale
1358 284 1676 355 jucundius?
1721 284 1851 338 mira
1873 285 1927 338 i'n
1952 285 2223 353 sermone,
2265 293 2402 350 mira
2458 291 2462 294 ’

1480 358 1568 410 Ad
1607 357 1711 411 hoe
1751 355 1767 374 ²
1800 356 2070 426 ingenium
2093 364 2399 429 excelsum,

285 429 506 496 subtile,
543 447 557 474 ³
593 434 752 488 dulce
778 475 793 498 ,
834 435 986 489 facile
1012 474 1025 496 ,
1073 435 1346 486 eruditum
1377 433 1430 484 in
1462 429 1622 483 causis
1651 428 1884 498 agendis.
1959 429 1978 453 ⁴
2002 428 2256 500 Epistolas
2279 439 2398 508 ηυξ.

283 503 411 558 dem
451 505 657 569 scribit,
700 519 756 559 ut
791 516 804 541 ⁵
843 507 1024 560 Musas
1063 506 1191 572 ipsas
1230 505 1389 558 latine
1433 502 1580 571 loqui
1607 499 1809 554 eredas.
1836 512 2044 553 amatur
2068 520 2095 555 a
2123 519 2209 558 me
2233 509 2423 576 pluri:

281 591 476 640 mum,
536 589 553 612 ⁶
598 594 699 632 nec
759 592 940 633 tamen
997 576 1246 633 vincitur.

278 770 445 812 Enniana
471 773 660 824 descriptio
684 772 930 815 familiaritatis
952 775 1184 813 amicorum:

325 874 395 910 Cui
419 888 471 911 res
490 875 662 914 audaffer
683 888 834 928 magnas
849 887 1053 928 parvasque
1070 875 1248 924 iocumque

327 922 527 974 Eloqueret.

277 1023 307 1061 B
323 1037 343 1061 Α
357 1038 381 1062 n
400 1040 423 1064 τ
439 1039 472 1064 n.
510 1027 608 1066 Vide
641 1029 741 1069 istam
766 1029 877 1068 Enm'i
899 1029 1179 1078 descriptionem
1201 1027 1300 1076 apud

279 1075 445 1115 Gellium
461 1078 543 1117 Lib.
567 1079 648 1119 XII.
675 1080 787 1118 No&
812 1082 888 1118 Att.
912 1093 988 1129 cap.
1013 1081 1080 1117 IV.
1104 1080 1166 1118 ubi
1199 1080 1300 1128 plura

276 1125 316 1164 in
338 1126 436 1164 hune
456 1128 610 1168 sensum.
663 1131 877 1170 Formulam
907 1132 1018 1182 ipsam
1051 1132 1134 1167 iocos
1158 1158 1170 1176 ,
1202 1131 1299 1179 seria

276 1175 436 1225 miscere,
464 1180 608 1220 abunde
632 1181 882 1220 illustravimus
904 1183 950 1220 ad
976 1180 1107 1221 Sallust.
1132 1181 1207 1229 Iug.
1223 1193 1299 1230 cap.

275 1223 418 1266 XCVI.
442 1242 476 1268 n.
500 1243 532 1268 2.
587 1239 663 1269 loca
683 1243 789 1282 atque
810 1234 899 1277 scria
919 1245 997 1270 cnm
1018 1231 1228 1269 humiJIimis
1261 1245 1301 1268 a-

272 1287 375 1324 gere,
403 1283 532 1330 quibus
560 1282 653 1321 adde
687 1282 880 1321 Davifium
913 1283 959 1322 ad
982 1284 1058 1321 Cic.
1083 1281 1131 1320 ΙΙ.
1155 1283 1200 1321 de
1223 1282 1300 1320 Fin.

278 1336 356 1377 Cap.
388 1330 550 1369 XXVII.
602 1337 660 1371 At
694 1335 834 1384 quicum
866 1335 947 1372 ioca
972 1363 982 1379 ‚
1009 1334 1094 1371 seria
1117 1361 1127 1377 ,
1153 1345 1194 1371 ut
1218 1333 1303 1370 dici—

277 1386 339 1414 tur
353 1407 363 1422 ‚
391 1381 529 1429 quicum
551 1396 708 1428 arcanae,
735 1385 875 1434 quicum
895 1385 1025 1422 occulta
1045 1384 1165 1420 omnia
1189 1394 1204 1422 ,2
1243 1384 1301 1423 Ex

279 1437 357 1476 quo
380 1440 480 1478 patet
501 1435 769 1482 proverbialem
791 1435 1023 1474 locutionem
1046 1432 1161 1473 fuiffe.

331 1491 347 1517 1
381 1480 445 1519 lilo
469 1493 531 1522 aut
546 1484 688 1533 fidelius
711 1485 863 1535 amica]
894 1486 950 1524 Sic
973 1484 1130 1534 rescripfi
1141 1485 1300 1526 auetori-

276 1534 350 1584 ῑζιῑε
373 1530 536 1574 Medicei
557 1535 701 1576 codicis.
752 1537 880 1586 Vulgo
904 1545 1001 1576 erat:
1029 1544 1091 1575 aut
1123 1536 1185 1576 illo
1209 1537 1302 1587 fide.-

277 1577 345 1618 ltus
363 1584 482 1623 amico.

280 1679 290 1687 ·
327 1643 347 1668 2
377 1635 559 1684 Ingenium
593 1637 813 1688 excelsum]
864 1638 976 1677 Forte
1005 1639 1140 1679 Plinius
1171 1639 1303 1691 scripfit

274 1685 459 1737 {ngenium
478 1687 674 1727 excultum.
697 1690 853 1727 ‘Bau-ru.
882 1689 943 1727 Est
957 1689 1087 1728 sanein
1099 1690 1302 1732 Hehnstad.

275 1735 455 1782 engenium
474 1738 648 1787 excuffum
663 1768 673 1784 ,
702 1752 748 1777 ex
770 1752 847 1790 quo
878 1740 1068 1778 Barthium
1103 1739 1300 1782 defendas:

275 1781 336 1821 sed
359 1788 602 1835 quamobrem
627 1789 784 1839 displicet
804 1792 976 1841 excelsum
1001 1800 1016 1828 ,ἓ
1045 1790 1138 1828 Non
1159 1795 1275 1841 magis
1289 1824 1299 1840 ,

276 1833 388 1891 credo
402 1865 414 1882 ,
442 1837 499 1876 dis
517 1839 624 1878 licere
647 1841 755 1879 debet
769 1870 780 1886 ,
807 1853 919 1891 quam
942 1840 1060 1878 altum
1084 1869 1095 1886 ,
1123 1845 1274 1882 ereetum
1290 1873 1300 1890 ,

266 1883 423 1933 subhme
446 1916 458 1934 ,
511 1889 617 1930 umile
641 1921 654 1938 ‚
676 1903 770 1942 quae
802 1893 910 1932 toties
943 1891 1040 1941 apud
1066 1893 1228 1941 optimos
1244 1896 1304 1936 le-

277 1944 422 1982 guntur.

330 1998 349 2036 3
380 1989 534 2040 Dulce]
561 1992 684 2032 Potest
707 1995 831 2033 referri
842 1995 915 2033 hoc
929 1993 1085 2033 verbum
1098 1992 1187 2033 ficut
1201 2006 1303 2045 prae—

279 2037 412 2093 cedens
447 2043 486 2078 δε
520 2042 736 2094 subsequens
757 2045 803 2083 ad
826 2047 1112 2094 epigrammata,
1139 2057 1302 2095 quorum

277 2085 492 2137 scriptorem
517 2091 619 2132 fuiffe
640 2095 784 2133 testatur
798 2095 987 2145 Apulejus¹
1012 2096 1044 2132 C
1058 2109 1080 2132 A
1096 2109 1118 2132 ϊ
1134 2109 1157 2132 A
1172 2108 1208 2134 Ν.
1233 2091 1306 2135 Pu-

278 2143 331 2175 tat
355 2139 558 2181 Catanaeus
580 2143 625 2182 ad
648 2146 910 2194 epigrammata
922 2146 1158 2184 referendum
1174 2173 1184 2190 ,
1210 2159 1306 2196 quo-

277 2197 361 2226 rum
396 2191 544 2241 scriptor
579 2193 696 2235 fuerit.
751 2196 870 2246 Atqui
887 2196 1060 2246 'sequitur
1098 2198 1135 2234 in
1174 2197 1303 2237 eadem

277 2240 434 2286 periodo
464 2243 504 2280 in
533 2243 650 2292 cauffis
680 2248 831 2296 agendis.
885 2247 997 2284 Dulce
1028 2248 1152 2297 itaque
1173 2248 1304 2288 intelli-

278 2290 442 2336 gendum
457 2323 468 2339 ,
497 2296 600 2344 quod
623 2301 824 2347 opponitur
845 2298 993 2347 aspero,
1019 2306 1132 2335 torvo
1155 2325 1166 2342 ,
1196 2301 1303 2348 quale

277 2344 544 2382 nonnullorum
567 2375 578 2391 ,
616 2358 702 2386 cum
735 2350 781 2389 ad
815 2347 1115 2398 disceptationem
1139 2351 1302 2390 veniunt.

280 2391 496 2433 Seniani-211.
527 2397 660 2437 Cicero
684 2399 710 2437 I.
734 2400 779 2437 de
802 2400 912 2437 Offie.
936 2410 1012 2450 cap.
1034 2399 1062 2436 I.
1117 2399 1305 2449 Nififorte

280 2445 482 2497 Demetrius
508 2447 696 2487 Phalereus
713 2450 751 2488 in
773 2449 832 2488 hoc
852 2464 994 2488 numero
1029 2449 1151 2488 haberi
1177 2452 1283 2501 potest
1298 2482 1308 2498 ‚

279 2493 478 2543 dtsputator
492 2498 639 2547 subtilis
653 2529 663 2544 ,
690 2512 810 2539 orator
828 2511 960 2552 parum
982 2500 1168 2539 vehemens
1187 2531 1197 2547 ,
1229 2503 1308 2541 dul-

282 2544 330 2582 cis
355 2557 497 2592 tamen,
526 2560 568 2586 ut
592 2549 816 2600 Theophrasti
842 2552 1047 2603 dtscipulum
1073 2551 1169 2602 poffis
1201 2566 1308 2602 agno-

278 2595 376 2642 scere.
432 2597 536 2638 Idem
584 2601 621 2638 in
661 2602 864 2640 Hortensio
896 2602 994 2652 apud
1027 2603 1196 2642 Nonium
1232 2615 1307 2654 cap.

285 2645 353 2683 IV.
387 2659 421 2685 n.
454 2651 533 2688 218.
588 2652 689 2699 Qid
718 2654 811 2690 enim
843 2665 909 2690 aut
943 2654 1115 2691 Herodoto
1145 2652 1308 2701 dulcius,

282 2707 348 2734 aut
371 2698 574 2748 Thucydide
590 2702 768 2752 gravius?
798 2706 835 2741 ὃς
857 2702 905 2742 fic
928 2704 985 2742 ille
1006 2703 1153 2753 saepius.

306 2797 309 2801 Ι
334 2760 356 2792 4
385 2749 558 2798 Epistolas
580 2753 890 2804 quidemscribit.]
921 2754 1135 2794 Mediceus:
1164 2754 1308 2804 Episto-

288 2796 328 2832 lis
348 2801 486 2852 quidem
502 2803 626 2852 scribit
641 2833 651 2849 ‚
679 2816 756 2842 non
780 2805 874 2843 male
889 2834 898 2850 ,
926 2814 966 2844 ut
988 2808 1145 2846 carmine
1163 2833 1175 2850 ,
1205 2808 1310 2855 versu

281 2847 439 2903 scrtbere.
493 2855 696 2901 Spartianus
720 2855 884 2894 Adriano
906 2868 982 2906 cap.
1003 2856 1108 2895 XIV.
1137 2863 1236 2895 Nam
1265 2869 1310 2897 (7¹

291 2897 335 2953 de
347 2898 419 2946 stus
439 2901 570 2939 diletlis
593 2906 710 2941 multa
736 2906 892 2944 versibus
927 2908 1121 2957 composuit.
1174 2907 1309 2946 Cicero

294 2947 373 2986 Lib.
409 2949 432 2986 1.
466 2951 570 3000 Epist.
607 2953 669 2989 IX.
703 2966 735 2989 n.
759 2956 817 2991 68.
872 2957 997 3005 Scripsi
1019 2959 1130 2996 etiam
1152 2957 1310 2996 versibus

291 3009 362 3035 tres
383 2998 487 3038 libros
516 3003 555 3038 de
582 3003 792 3052 temporibus
813 3005 905 3041 meis.
961 3009 1123 3046 Similem
1158 3011 1310 3046 varieta-

291 3056 370 3086 tem
392 3051 487 3099 apud
511 3052 685 3090 eumdem
711 3055 871 3100 reperias.
914 3055 994 3091 Lib.
1022 3057 1087 3093 111.
1111 3058 1218 3106 Epist.
1245 3058 1308 3095 111.

293 3110 328 3138 n.
353 3114 384 3149 ς.
423 3103 483 3140 ubi
507 3103 670 3139 nonnihil
695 3101 862 3143 diximus.
889 3103 998 3144 Adde
1021 3116 1151 3146 notam
1174 3108 1219 3147 ad
1233 3109 1311 3148 Lu-

293 3153 374 3193 cani
395 3153 476 3194 Lib.
498 3153 565 3193 lv.
589 3165 636 3193 vs.
662 3164 742 3204 723).
1214 3157 1219 3161 “

1325 574 1605 645 Equidem
1653 572 1668 599 ⁷
1712 572 1928 643 juvenis
1980 571 2151 629 statim
2178 577 2397 648 juveni,

2237 665 2410 722 quan—

1433 784 1450 820 5
1483 770 1609 821 Musas
1631 770 1720 821 ipsas
1745 770 1836 821 loqui
1858 770 2017 820 credas.]
2048 771 2147 808 Cum
2172 772 2346 813 volumus
2359 786 2415 813 0--

1379 820 1543 859 stendere
1578 825 1786 860 orationem
1819 823 1967 871 alicujus
2002 822 2149 859 i'uavem
2174 850 2185 865 ,
2225 822 2400 872 dodam.

1376 871 1576 908 absolutam
1602 899 1612 914 ‚
1641 871 1793 909 dicimus
1827 872 1943 909 musas
1976 872 2242 921 disciplinarum
2275 877 2402 923 praest-

1376 921 1437 959 des
1460 933 1522 971 per
1547 933 1587 958 os
1609 922 1698 960 illius
1720 921 1870 958 locutas.
1924 923 2023 960 Nam
2047 934 2092 960 ex
2126 923 2223 961 Aelii
2258 926 2404 968 Stilonis

1374 972 1551 1011 sententia
1576 971 1688 1010 refert
1707 969 1836 1010 Fabius
1862 970 2030 1010 Plautino
2041 972 2199 1020 sermone
2222 972 2402 1018 locuturas

1368 1022 1470 1072 fuiffie
1502 1023 1652 1072 nufias,
1662 1020 1697 1071 st
1722 1022 1851 1058 Latine
1873 1021 1966 1071 loqui
1989 1023 2186 1070 voluiſjent.
2209 1027 2314 1076 quod
2335 1029 2404 1068 du..

1375 1073 1478 1110 bium
1503 1074 1641 1112 exemit
1666 1071 1852 1110 Secundus
1874 1083 1894 1108 a
1916 1071 2084 1110 Voconii
2104 1072 2235 1123 scriptis
2258 1105 2270 1122 ,
2299 1078 2403 1120 Lan·-

1375 1135 1423 1161 ne
1446 1123 1592 1169 dicens,
1619 1124 1722 1173 loqui
1747 1122 1878 1161 credas.
1909 1123 2062 1161 CATAN.
2401 1128 2403 1130 ’

1425 1175 1449 1212 6
1477 1181 1547 1213 Nec
1565 1185 1688 1213 tamen
1710 1171 1911 1222 vinciam]
1942 1174 2045 1223 Quid
2067 1172 2200 1213 estltoc
2212 1175 2371 1218 vinciiur
2385 1181 2415 1221 ,2²

1377 1224 1438 1262 An
1464 1226 1561 1264 vinei
1585 1225 1693 1263 debet
1714 1226 1779 1274 qui
1801 1224 1971 1262 amatur?
2001 1237 2096 1275 quae
2119 1234 2244 1264 autem
2268 1228 2328 1267 ista
2340 1231 2405 1271 de·

1376 1275 1436 1313 bet
1459 1275 1529 1315 effe
1553 1276 1739 1320 vietoria,¹
1759 1275 1818 1312 vel
1838 1287 1993 1325 quirum
2019 1287 2140 1314 rerum
2166 1275 2182 1313 ?
2212 1277 2289 1316 Nifi
2313 1283 2417 1322 acci--

1374 1327 1449 1377 pias
1482 1327 1528 1365 de
1558 1338 1686 1365 amore
1710 1354 1725 1371 ,.
1749 1336 1826 1375 quo
1850 1326 2060 1376 superantur
2080 1328 2228 1367 alicuius
2250 1334 2404 1380 merita,

1374 1388 1453 1415 non
1484 1378 1596 1419 video
1620 1406 1630 1424 ,
1669 1375 1758 1427 quid
1789 1376 1880 1414 haee
1911 1377 2024 1415 velint
2049 1391 2057 1414 :
2108 1385 2149 1415 ut
2181 1380 2341 1419 vincitur
2364 1383 2406 1423 ist

1373 1426 1474 1467 idem
1506 1440 1549 1467 ae
1573 1458 1584 1473 ,
1622 1439 1700 1465 non
1723 1435 1864 1465 amatur
1891 1429 2042 1478 amplius
2067 1456 2092 1472 ‚.
2128 1440 2240 1479 quain
2275 1435 2404 1473 merita

1377 1479 1452 1517 eius
1484 1479 1688 1518 admittant.
1743 1478 1836 1516 Non
1869 1479 2012 1518 excedit
2035 1508 2046 1525 ,
2074 1490 2151 1517 non
2174 1481 2315 1530 superat
2341 1494 2405 1524 aut

1377 1531 1490 1569 vincit
1521 1541 1627 1568 amor
1659 1529 1720 1568 ista
1751 1530 1893 1566 merita.
1927 1541 2154 1580 quamquam
2192 1533 2404 1582 ambigam,

1375 1590 1423 1618 an
1455 1581 1489 1620 se
1522 1581 1622 1619 Υεέὶε
1651 1579 1784 1618 habeat
1815 1578 1993 1627 scriptura.
2032 1580 2248 1620 Scmerren.
2277 1583 2405 1624 Immo

1378 1631 1474 1670 nulla
1495 1631 1556 1670 hic
1577 1630 1766 1669 difficultas
1787 1628 1910 1667 nostro
1935 1630 2086 1680 quidem
2109 1633 2246 1671 animo,
2286 1638 2406 1672 Ama-

1380 1693 1442 1720 tur
1462 1695 1485 1719 a
1507 1695 1561 1720 me
1578 1682 1775 1733 plurimum
1789 1708 1800 1725 ,
1828 1693 1885 1719 nec
1908 1692 2029 1719 tamen
2053 1681 2214 1721 vincitur
2246 1684 2320 1721 hoc
2363 1685 2406 1724 ff-

1380 1733 1528 1782 gnificat
1553 1761 1564 1778 ,
1601 1744 1622 1770 a
1646 1733 1826 1770 Voconio
1848 1731 2006 1770 Plinium
2031 1741 2164 1771 mutuo
2196 1734 2245 1772 ita
2267 1738 2420 1782 amari,.

1380 1791 1422 1821 ut
1444 1785 1519 1823 eius
1539 1794 1646 1821 amor
1667 1785 1786 1822 maior
1815 1780 1885 1821 effe
1912 1782 2078 1821 videatur
2105 1798 2118 1827 ;
2154 1785 2291 1824 Plinius
2319 1799 2408 1826 eum

1379 1834 1504 1873 saltem
1536 1844 1665 1872 amore
1696 1845 1776 1871 non
1807 1832 1960 1882 superet.
2014 1834 2151 1873 Vincere
2185 1837 2224 1874 &
2247 1838 2344 1875 vinci
2367 1851 2408 1874 a-

1379 1899 1474 1923 more
1497 1885 1678 1934 eleganter
1691 1884 1844 1930 dicitur,
1871 1892 1912 1922 ut
1925 1883 2087 1929 duritia,
2113 1884 2299 1934 beneficiis,
2327 1901 2409 1926 mu-

1382 1936 1558 1984 nificentia
1580 1935 1698 1980 vinci,
1726 1935 1771 1972 de
1795 1934 1924 1984 quibus
1950 1937 2090 1984 egimus
2111 1936 2158 1975 ad
2183 1938 2315 1976 Sallust.
2329 1939 2408 1989 lug.

1384 1998 1459 2037 cap.
1485 1987 1563 2024 CX.
1586 1998 1621 2023 n.
1647 1999 1680 2035 ς.
1733 1991 1833 2022 Nam
1857 1998 1969 2034 regem
1988 1986 2126 2030 armis,
2153 2000 2262 2037 quam
2285 1992 2410 2029 muni-

1385 2035 1531 2076 ficentia
1555 2038 1677 2082 vinci,
1703 2037 1820 2075 minus
1828 2035 2059 2086 flagitiosum.
2088 2036 2221 2076 Noster
2245 2040 2324 2078 Lib.
2340 2040 2408 2080 IV.

1385 2083 1494 2138 Epist.
1518 2088 1545 2126 Ι.
1569 2100 1602 2127 n.
1626 2101 1658 2137 5.
1715 2093 1815 2125 Nam
1833 2088 1931 2125 vinci
1952 2088 1990 2125 in
2021 2098 2149 2126 amore
2176 2089 2413 2139 turpiffimum.

1383 2140 1438 2186 est.
1453 2139 1849 2189 Quomodo-Origines
1862 2135 1941 2186 περὶ
1964 2137 2072 2184 ἐυχῆς
2083 2148 2162 2186 pag,
2177 2142 2233 2189 36,
2246 2140 2305 2185 ἐμ,
2313 2139 2324 2180 2
2337 2143 2411 2193 ,γὰρ

1387 2188 1437 2226 τὶν
1467 2189 1505 2226 δὲ
1538 2187 1671 2239 πρέπει
1699 2195 1855 2228 NIKAN
1875 2189 1905 2225 ἒν
1938 2190 2017 2229 ταῖς
2037 2188 2240 2236 ἐυποίῖοιις,
2259 2191 2322 2230 καὶ
2342 2209 2412 2239 76⁰·

1389 2244 1506 2289 ρηγεῗν
1535 2240 1710 2287 πλείονι»,
1737 2236 1778 2277 ‹Z'v
1799 2241 1943 2280 anzo-ou
1962 2238 2154 2288 κεχώρηκε.
2193 2244 2249 2282 Sic
2274 2244 2314 2281 &
2334 2243 2408 2282 Xe..

1387 2293 1544 2343 nophon
1576 2292 1786 2342 Cyropaed.
1821 2291 1902 2330 Lib.
1925 2290 1974 2328 V.
2011 2300 2091 2340 pag.
2115 2302 2198 2340 327.
2251 2289 2413 2338 ἀιτέμαί

1384 2359 1421 2380 σε
1437 2372 1446 2388 ,
1471 2340 1527 2383 δός
1550 2358 1609 2386 μοι
1623 2337 1685 2383 τές
1701 2341 1762 2387 ἐμὲ
1775 2344 1951 2386 ‘tepefio-tote
1963 2340 2417 2380 NlKl—izAleZn-ma'neae..

1385 2397 1423 2433 &
1447 2393 1527 2432 Lib.
1548 2392 1657 2431 Vlss.
1683 2404 1762 2444 pag.
1789 2393 1868 2442 581.
1902 2391 1974 2428 Καὶ
2007 2394 2058 2438 τῷ
2082 2392 2143 2436 μὲν
2174 2392 2216 2435 ὃῆ
2250 2392 2400 2438 μεγέθει

1381 2444 1492 2494 δώρων
1517 2449 1836 2482 ΥΠΕΡΒΑΛΕΙΝ.
1864 2441 2155 2491 §Secula-affre&
2172 2439 2398 2490 ἃὲθεραπείᾳ

1379 2496 1442 2533 nx}
1465 2496 1505 2536 τῆ
1517 2494 1710 2541 ἕπιμελειόι
1734 2497 1800 2531 ‘thiu
1819 2492 1930 2542 φίλων
1960 2491 2196 2539 fixo-[Ardaneae
2218 2495 2403 2526 nE‘l’lrE-

1382 2536 1569 2585 ΝΕΣΘΑΙ
1593 2574 1605 2591 ,
1633 2535 1720 2584 7340
1758 2544 2045 2595 ἀξιολογώτεξρν.
2078 2539 2292 2589 Phocyh'des
2320 2539 2399 2578 Ad?

1383 2599 1519 2637 monit.
1541 2608 1591 2636 vs.
1615 2597 1686 2645 76..

1433 2681 1588 2712 NlKAN
1617 2672 1653 2712 εὖ
1673 2673 1832 2724 ἑςὸἇντοις
1855 2671 1915 2710 ἐπὶ
1937 2668 2120 2707 πλεόνετσι
2139 2664 2307 2706 καθίησι.

1381 2749 1518 2789 phalas.
1553 2750 1662 2802 Epist.
1681 2747 1823 2787 XCVI.
1857 2745 2012 2789 Φάλαριν
2037 2741 2111 2789 γὶιξ
2143 2739 2203 2779 ἔτ’
2233 2739 2269 2778 εὖ
2299 2746 2402 2783 ποιῦῗν

1382 2803 1453 2846 τίς,
1483 2802 1549 2841 §fre
1578 2802 1698 2840 κακὰἴς
1743 2797 1881 2835 ἐνίκησε.
1933 2792 2043 2830 Vincit
2078 2802 2167 2840 crgo
2191 2819 2201 2835 ,
2239 2795 2301 2842 qui
2325 2796 2400 2844 plui

1382 2851 1499 2898 facit3
1539 2852 1697 2890 vincitur
1729 2847 1790 2896 qui
1824 2845 1942 2881 minus
1967 2841 2126 2890 praestat.
2180 2842 2399 2884 Voconium

1383 2903 1532 2953 quando
1566 2914 1634 2938 non
1666 2898 1762 2935 vinci
1793 2894 1878 2932 dicit
1900 2920 1910 2937 ,
1951 2904 2037 2929 eum
2071 2904 2188 2943 aeque
2209 2893 2401 2943 ardenter,

1382 2952 1444 2991 aut
1475 2953 1586 2991 etiam
1620 2947 1800 2985 ardentius
1821 2943 1980 2981 Plinium
2002 2953 2148 2987 amare,
2178 2943 2320 2982 indicat.
2350 2948 2403 2986 Si-

1383 3002 1513 3039 militer
1537 3000 1660 3037 dicunt
1683 2995 1794 3033 cedere
1807 3006 1946 3038 amore,
1975 2992 2243 3039 benevolentia,
2276 2997 2402 3037 &alia.

1382 3052 1535 3090 Com-z.

1435 3114 1452 3150 7
1486 3098 1629 3151 Iuvenis
1651 3096 1768 3153 statim
1790 3094 1913 3150 inveni
1933 3107 1965 3144 q.
1988 3096 2091 3144 potui
2107 3105 2145 3146 p.
2159 3095 2241 3148 Vae]
2281 3096 2403 3137 Medi-

2321 3158 2409 3188 GCES
