2616 3686
334 182 430 235 812
546 179 607 228 C.
673 172 1062 227 PLINII
1130 170 1651 223 CAECILII·
1709 172 2221 228 SECUNDI

332 278 392 316 ne
413 275 507 315 non
540 256 610 310 ad
644 255 823 310 turbas
866 259 881 284 ¹
919 253 984 314 ὠ
1008 251 1433 335 illicitoseoetus,
1483 249 1552 305 ad
1572 249 1915 330 sustinendam
1936 263 2217 309 tenatorum
2244 258 2459 332 inopiam

333 343 574 388 utuntur.
651 334 670 360 ²
706 329 769 383 In
788 331 994 383 caeteris
1019 325 1349 391 civitatibus,
1393 343 1520 400 quae
1541 326 1702 397 nostro
1723 329 1843 400 jure
1864 324 2288 404 obstrte’ffaesunt,
2331 338 2346 367 ³
2373 350 2453 390 res

336 403 622 484 hujusmodi
635 402 942 478 prohibenda
967 403 1047 475 est.
2332 397 2346 406 “

764 551 950 609 XCV.
1025 550 1275 607 PLIN
1323 565 1475 604 Ius
1549 545 2054 619 TRAJANo.

909 679 1003 749 Jus
1032 677 1194 732 trium
1214 672 1509 730 liberorum
1533 675 1708 729 amico
1735 677 1889 747 petit.

332 810 565 867 Suetonio
582 809 634 862 in
655 804 1029 862 contubernium
1054 798 1583 936 affumptg‘usbtrium
1617 810 1854 854 natorum
1890 799 1954 856 ab
1991 804 2287 876 imperatore
2298 810 2423 881 petit
2440 847 2461 875 ,

1356 892 1381 927 0
1416 885 1558 929 tenet.

434 1035 730 1103 Uetonium
761 1030 1142 1105 Tranquillum
1175 1068 1191 1094 5
1241 1033 1264 1064 4
1297 1023 1670 1098 probiffimum
1699 1062 1716 1089 ‚
1775 1023 2196 1083 honestissimum
2221 1071 2237 1096 ,
2285 1034 2464 1090 erudi--

335 1041 420 1176 S
442 1111 699 1166 tiffimum
719 1109 893 1162 virum
918 1146 933 1170 ,
975 1106 1027 1159 ἃ
1054 1121 1230 1161 mores
1255 1100 1365 1172 ejus
1390 1099 1603 1155 secutus
1631 1100 1684 1154 &
1714 1098 1883 1154 studia
1901 1143 1913 1163 ,
1941 1100 2267 1173 jampridem
2293 1144 2310 1168 ,
2349 1109 2464 1164 Do-

333 1188 518 1250 mine,
583 1189 636 1241 in
675 1181 1098 1237 contubernium
1143 1174 1403 1247 adsumpsi
1427 1214 1442 1239 ,
1500 1188 1763 1247 tantoque
1803 1177 1969 1247 magis
2001 1176 2226 1249 diligere
2263 1184 2463 1253 coepi,

302 1270 538 1332 2quamo
593 1260 735 1323 hunc
788 1258 1006 1327 propius
1040 1254 1262 1327 inspexi.
1389 1249 1542 1305 Huic
1572 1248 1657 1321 jus
1692 1250 1854 1304 trium
1903 1251 2192 1307 liberorum
2235 1256 2463 1312 necessa-

335 1336 475 1390 rium
501 1335 700 1391 faciunt
722 1330 924 1386 causae.
999 1329 1140 1385 Nam
1169 1330 1222 1384 δε
1265 1323 1496 1396 ‘judicia
1519 1325 1821 1380 amicorum
1861 1340 2206 1398 promeretur
2230 1367 2247 1392 ‚
2289 1329 2345 1384 δε
2368 1348 2460 1403 pa-

2334 1423 2457 1463 I'Um

1423 1516 1732 1568 conjurationum.
1785 1513 1886 1554 Nota
1903 1517 1962 1555 hic
1981 1545 1993 1563 ,
2029 1515 2113 1556 Plus
2142 1516 2244 1558 fuiffe
2273 1519 2454 1560 indultum

1431 1569 1624 1607 foederatis
1641 1567 1837 1606 civitatibus
1859 1568 1918 1605 vel
1936 1569 2076 1617 populis
2097 1595 2109 1613 ,
2145 1581 2255 1619 quam
2275 1572 2285 1610 i
2289 1571 2355 1620 psls
2376 1573 2455 1611 Ro-

1430 1620 1567 1665 manis,
1594 1619 1653 1657 vel
1674 1629 1804 1657 eorum
1818 1619 1901 1667 jure
1923 1619 2116 1658 utentibus.
2139 1620 2152 1657 1
2170 1633 2194 1657 o
2207 1633 2227 1658 ε
2242 1634 2285 1659 Μ.
2447 1614 2456 1622 “

1478 1684 1512 1715 4.
1541 1668 1814 1720 Probiffimum.]
1855 1669 2017 1719 Optimis
2046 1670 2246 1718 praeditum
2278 1674 2450 1713 moribus.

1427 1721 1581 1767 Infamia
1601 1729 1726 1759 tamen
1747 1719 1873 1769 postea
1891 1732 1968 1758 non
1988 1721 2098 1758 caruit
2118 1734 2127 1758 ε
2155 1721 2258 1771 quod
2274 1724 2370 1771 apud
2393 1725 2456 1762 Sa-

329 1522 528 1566 leffionem
563 1525 797 1585 adripuerunt
825 1524 892 1583 Jo.
920 1523 968 1583 de
995 1515 1156 1580 Tridino
1176 1550 1187 1567 ,
1223 1520 1363 1582 Aldus,
1386 1518 1393 1607 Ι

330 1577 461 1625 Junta,
491 1578 708 1616 Schurenus.
745 1576 868 1615 Simile
897 1575 1053 1615 vidimus
1089 1573 1197 1623 Epist.
1217 1572 1358 1611 LXlV.

333 1639 375 1668 n·
390 1640 429 1717 1¹.
449 1684 498 1717 Et
517 1679 651 1718 illicitos
674 1690 782 1717 coetus
803 1676 864 1716 sed
886 1644 979 1728 cet]
1007 1672 1113 1713 Voff.
1131 1675 1358 1723 &princeps

331 1728 404 1768 Ed.
424 1741 468 1769 ω·
486 1730 531 1768 ad
547 1730 678 1769 illititos
698 1737 766 1768 cet.
785 1740 827 1766 ac
846 1729 1007 1766 nesciunt
1028 1738 1119 1765 mox
1130 1725 1194 1775 sed
1215 1754 1225 1771 ,
1260 1736 1357 1775 quae

329 1779 550 1819 adversativa
572 1782 681 1818 etiam
701 1779 794 1818 abest
814 1779 857 1817 ab
878 1778 1018 1816 Aldinis
1039 1778 1077 1815 &
1098 1777 1331 1814 Schureriana
1348 1803 1359 1822 ‚

331 1842 402 1868 nec
417 1832 599 1870 infolitum
614 1858 625 1876 ,
653 1831 824 1869 eamdem
844 1828 1025 1868 interdum
1045 1827 1123 1876 post
1144 1839 1211 1864 non
1231 1826 1357 1864 aueto-

333 1891 391 1920 res
413 1882 593 1921 omittere.
621 1880 752 1920 Sallust.
783 1881 863 1928 Jug.
891 1891 969 1929 cap.
990 1877 1169 1918 XXXHl.
1200 1886 1290 1915 extr.
1300 1876 1358 1927 fin

336 1931 473 1970 reticeat
499 1961 508 1977 ‚
532 1944 622 1970 .non
645 1932 743 1978 sociis
770 1931 876 1975 saluti
892 1932 966 1976 fore
989 1945 1000 1974 ;
1037 1929 1107 1968 sese
1128 1928 1279 1978 suasque
1287 1928 1360 1977 spes

333 1992 602 2071 {utI-rlupticrgcmN
614 1983 676 2020 ubi
704 1981 825 2041 videas
849 1981 1026 2068 {ortigia
1060 1981 1105 2068 {Eeb
1117 1979 1162 2016 ad
1183 1980 1263 2017 Cat.
1283 1990 1361 2066 cacp.

413 2061 421 2070 .
448 2045 484 2071 n·
532 2063 540 2072 .
608 2045 657 2071 ΟΠ
696 2044 812 2070 attur
875 2046 890 2070 e
924 2046 968 2069 'Ue
1003 2043 1084 2068 la!
1109 2043 1147 2066 us
1214 2041 1290 2067 110ss
1345 2043 1360 2067 θ

324 2083 494 2133 sooiorum
513 2084 648 2133 injuriis
669 2097 680 2126 ;
707 2047 846 2121 libertas
866 2088 907 2121 (ῥ’
925 2044 1046 2119 animga
1065 2057 1179 2130 nostra
1200 2079 1238 2117 in
1259 2079 1361 2117 dubio

335 2133 397 2172 est.
436 2134 701 2182 Quinffllianus
731 2132 899 2171 Declam.
929 2134 975 2170 X.
1010 2142 1086 2179 cap.
1121 2129 1227 2167 VlII.
1271 2131 1362 2167 Non

336 2184 411 2232 dico
432 2183 564 2223 crudele
583 2183 650 2230 est,
677 2190 849 2232 portento
868 2182 946 2220 sum
960 2181 1156 2227 ,nefarium
1177 2187 1245 2219 cet.
1271 2179 1360 2218 Vel·

336 2235 428 2284 lejus
454 2235 536 2273 Lib.
557 2235 604 2273 11.
630 2245 709 2284 cap.
726 2232 884 2272 LXXII.
910 2245 947 2272 n.
968 2246 1001 2280 ς.
1027 2245 1105 2270 cum
1117 2232 1268 2278 fortuna
1286 2241 1365 2268 non

337 2285 530 2324 eleoiionem
551 2286 651 2324 daret
674 2312 686 2330 ,
713 2283 922 2333 perfugium
942 2282 1136 2330 ostenderet.
1153 2281 1214 2319 ubi
1236 2281 1366 2328 pariter

340 2336 454 2385 vulgo
491 2335 552 2374 sed
579 2335 773 2388 perfugium
799 2363 811 2381 ‚
846 2334 1022 2383 expunxit
1056 2341 1181 2371 tamen
1200 2330 1265 2381 sed
1287 2330 1368 2370 Cel.

340 2386 571 2426 Burmannus
606 2387 717 2425 fretus
750 2385 961 2423 auctoritate
997 2383 1165 2423 editionis
1200 2382 1338 2429 primae
1358 2409 1371 2427 ,

341 2448 458 2486 quem
479 2438 587 2476 etiam
608 2437 753 2475 consule
772 2436 819 2474 ad
841 2435 1017 2484 Quinciil.
1037 2432 1144 2472 Decl.
1165 2432 1271 2471 XIV.
1290 2443 1367 2481 cap.

342 2487 412 2525 Vl.
444 2488 534 2526 item
574 2486 745 2526 Gronov,
788 2486 833 2525 ad
872 2486 958 2525 Liv.
983 2485 1065 2523 Lib.
1089 2482 1267 2523 XXVIII.
1293 2493 1372 2531 cap.

344 2538 519 2578 XXXIX.
555 2539 636 2578 Lib.
654 2537 834 2578 XXXVI.
867 2547 946 2586 cap.
961 2536 1062 2576 XIX.
1098 2534 1180 2574 Lib.
1195 2533 1369 2572 XXXIX.

347 2601 426 2639 cap.
446 2588 552 2627 vm.
582 2590 912 2627 Lousomus.

400 2651 435 2679 2.
463 2645 505 2677 In
526 2641 663 2679 caeteris
679 2637 884 2678 civitatibus
896 2666 907 2683 ,
920 2637 1018 2689 effa]
1047 2636 1141 2675 Non
1158 2635 1290 2674 mirum
1306 2632 1370 2680 est,

338 2690 496 2731 concedi
514 2690 663 2740 quidem
676 2719 687 2736 ,
717 2702 794 2729 non
813 2689 954 2738 probari
971 2696 1097 2726 tamen
1111 2714 1122 2732 ‚
1136 2687 1223 2736 quin
1243 2685 1363 2734 prohi-

336 2741 411 2781 beri
431 2753 451 2779 a
481 2741 648 2791 Trajano
662 2769 672 2786 ‚
700 2742 737 2780 in
758 2741 830 2779 aliis
848 2739 1045 2778 civitatibus
1059 2766 1070 2783 ,
1094 2748 1189 2787 quae
1204 2748 1280 2774 non
1300 2736 1368 2774 suis

338 2792 399 2842 scd
427 2793 604 2830 Romanis
622 2792 756 2840 legibus
779 2797 988 2834 uterentur,
1015 2790 1157 2827 Eranos
1178 2787 1281 2830 istos;
1301 2788 1366 2836 qui

341 2844 380 2879 δε
400 2843 570 2880 hetaerias
587 2843 672 2892 ipsas
685 2871 695 2887 ,
723 2842 796 2880 five
818 2840 1016 2880 sodalitates
1029 2839 1183 2885 ,institui
1202 2836 1365 2882 nolebat,

340 2902 383 2928 ea
407 2890 451 2928 de
471 2893 570 2930 causa
590 2920 601 2938 ,
640 2904 750 2943 quam
769 2893 870 2941 supra
889 2890 1168 2942 perstrinximus.
1205 2888 1234 2926 B
1247 2900 1271 2926 u
1288 2898 1311 2925 c
1323 2899 1366 2925 H-

337 2952 362 2980 N
381 2952 401 2978 ε
414 2953 449 2978 R.

394 3001 428 3039 3.
457 2995 518 3042 Res
544 2989 742 3039 hujusmodi
761 2992 969 3042 prohibenda
990 2990 1073 3041 est.]
1102 2992 1164 3028 Ne
1195 2986 1366 3027 videlicet

1426 1771 1548 1810 binam
1570 1771 1718 1810 Adriani
1739 1781 1896 1809 uxorem.
1914 1771 2115 1809 familiarius
2125 1770 2159 1809 se
2169 1771 2452 1823 gefferit„quam

1426 1824 1629 1861 reverentia
1651 1822 1784 1860 domus
1803 1822 1938 1860 aulicae
1956 1821 2165 1870 postularet:
2194 1834 2305 1872 quare
2323 1824 2457 1864 succes-

1426 1873 1547 1912 sorem
1570 1873 1703 1912 meruit
1719 1874 1756 1910 in
1777 1872 1979 1920 magisterio
1991 1873 2232 1920 epistolarum.
2259 1873 2292 1910 C
2307 1887 2329 1911 A
2345 1887 2368 1911 τ
2382 1888 2404 1912 Α
2419 1888 2459 1915 u.

1429 1925 1555 1962 Paullo
1576 1924 1658 1973 post
1677 1923 1909 1961 Casaubonus
1931 1924 1969 1962 ὃ(
1992 1923 2118 1961 Minos
2137 1924 2175 1961 in
2196 1924 2381 1974 margine:
2396 1926 2457 1976 fh·

1430 1985 1560 2025 quutus
1574 1974 1694 2024 studia
1709 1973 1921 2023 jampridem
1935 2001 1946 2018 ,
1972 1972 2110 2013 omisso·
2125 1984 2179 2013 ω’.

1482 2039 1518 2074 ς.
1545 2025 1693 2071 Judicia
1710 2025 1900 2063 amicorum
1915 2025 2165 2075 promeretur]
2193 2025 2358 2064 Meretur
2369 2025 2459 2066 affe-'

1427 2077 1490 2124 qui
1514 2076 1624 2119 illud,
1652 2086 1729 2124 quo
1759 2075 1866 2113 amici
1883 2074 2035 2123 dignum
2059 2073 2234 2125 judicant.
2259 2088 2346 2115 nam
2372 2087 2456 2126 pro-

1427 2126 1559 2164 mereri
1589 2127 1626 2163 in
1654 2124 1802 2163 laudem
1837 2125 2017 2173 accipitur.
2066 2125 2256 2174 Apuleius.
2286 2128 2456 2177 ingentem

1430 2173 1468 2212 ob
1489 2176 1527 2213 id
1546 2174 1686 2214 laudem
1705 2175 1799 2225 apud
1816 2174 1990 2225 populares
2002 2174 2082 2222 suos
2111 2177 2342 2224 promeritus.
2372 2178 2456 2217 Vir-

1427 2226 1542 2274 gilius.
1571 2237 1754 2277 nunquam
1776 2226 1891 2274 regina
1909 2225 2033 2275 negabo
2062 2226 2303 2266 Promeritam
2327 2242 2337 2267 t
2376 2229 2455 2273 Te·¹

1428 2277 1563 2315 rentius
1599 2277 1636 2315 in
1674 2275 1879 2325 Adelphis,
1905 2275 2093 2322 promeruit
2127 2276 2225 2315 dixit.
2263 2279 2452 2317 Canu.

1430 2327 1566 2366 Noster
1583 2328 1621 2364 in
1642 2326 1774 2374 Paneg.
1797 2338 1875 2375 cap.
1898 2326 2020 2365 LXll.
2046 2337 2130 2375 n.7.
2155 2328 2318 2380 Quisquis
2328 2327 2451 2377 proba-

1429 2388 1481 2416 tos
1499 2378 1642 2428 senatui
1671 2377 1764 2415 viros
1787 2377 1927 2427 suscipit
1949 2404 1962 2420 ‚
2008 2376 2062 2414 hic
2091 2379 2246 2416 maxims
2268 2378 2448 2427 principem

1429 2437 1673 2478 promeretur.
1699 2427 1849 2466 Sueton.
1891 2427 2004 2474 Calig.
2022 2437 2099 2476 cap.
2117 2430 2181 2466 111.
2207 2428 2451 2465 conciliandae-

1430 2492 1493 2529 que
1510 2478 1689 2516 hominum
1707 2479 1863 2527 gratiae,
1889 2490 1929 2516 ac
1947 2478 2176 2526 promerendi
2185 2479 2308 2515 amoris
2320 2478 2447 2514 mirum
2508 2479 2514 2484 '

1431 2541 1474 2569 <9⁴
1495 2531 1618 2581 efficax
1631 2529 1800 2577 studium.
1827 2529 1904 2567 Tit.
1924 2539 2001 2576 cap.
2011 2527 2039 2565 1.
2064 2538 2205 2566 tantum
2224 2527 2276 2564 illi
2294 2527 2344 2563 ael
2361 2537 2446 2573 pro-

1431 2580 1643 2619 merendam
1663 2581 1818 2618 omm'um
1837 2579 2056 2617 voluntatem
2083 2577 2141 2616 vel
2166 2576 2302 2624 ingenii,
2314 2575 2372 2612 vel
2389 2588 2448 2612 ar-

1431 2631 1499 2676 tis,
1526 2631 1584 2669 vel
1597 2632 1766 2677 fortunae
1782 2629 1965 2680 superfuit.
1986 2626 2123 2675 Judicia
2137 2625 2446 2673 sunt,quibushe-

1431 2692 1487 2720 res
1504 2683 1628 2731 aliquis
1649 2680 1700 2719 fit.
1717 2682 1791 2719 Res
1810 2679 1859 2718 est
1875 2680 1912 2717 in
1933 2680 2016 2725 Jure
2034 2676 2210 2714 notiffima
2223 2683 2283 2719 ,ut
2302 2675 2360 2713 vel
2379 2675 2446 2714 do·

1429 2739 1514 2770 cent
1553 2734 1643 2781 Leg.
1674 2732 1709 2769 8.
1737 2732 1771 2772 ἕ.
1793 2741 1851 2768 10.
1891 2731 1930 2766 &
1968 2729 2060 2773 Leg.
2097 2735 2155 2772 23.
2193 2725 2225 2765 §.
2257 2736 2289 2763 1.
2325 2743 2364 2763 x.
2399 2726 2445 2765 de

1429 2783 1536 2821 inoff.
1555 2783 1631 2820 test.
1646 2783 1734 2830 Leg.
1755 2780 1803 2815 V.
1835 2780 1867 2820 §.
1888 2791 1969 2815 za.
1997 2775 2042 2813 de
2069 2773 2120 2810 his
2139 2783 2231 2821 quae
2251 2781 2291 2812 ut
2312 2775 2447 2825 indign.

1431 2834 1499 2871 aus
1524 2833 1666 2870 Cicero.
1697 2830 1774 2868 Lib.
1795 2828 1894 2866 XIII.
1920 2824 2023 2873 Epist.
2043 2822 2181 2861 XLVI.
2209 2835 2245 2861 n.
2262 2836 2293 2862 1.
2320 2831 2359 2864 L.
2374 2832 2448 2864 No.

1425 2882 1512 2930 flius
1533 2883 1649 2920 Zolius
1666 2880 1708 2926 est
1731 2879 1878 2916 coheres
1896 2887 1986 2912 meus
2006 2900 2017 2918 ,
2053 2873 2155 2911 heres
2173 2885 2289 2912 autem
2305 2878 2446 2925 patroni

1427 2935 1486 2982 sui
1507 2950 1520 2972 .-
1546 2945 1585 2971 ea
1608 2946 1642 2969 re
1660 2940 1837 2977 utrumque
1847 2923 1964 2974 scripfi
1983 2950 1993 2968 ,
2028 2933 2068 2959 ut
2103 2934 2145 2962 (9¹
2174 2924 2262 2962 mihi
2290 2939 2366 2963 cum
2387 2927 2446 2965 ille

1437 2983 1589 3032 caussam
1609 2979 1779 3017 amicitiae
1789 2977 1891 3024 scires
1918 2973 1973 3022 effe
1993 3001 2003 3017 ‚
2040 2983 2080 3012 25
2109 2973 2278 3012 hominem
2304 2978 2446 3027 probum

340 3039 427 3080 fiant
457 3039 585 3087 barani,
610 3054 703 3083 neve
721 3044 923 3091 hetaeriae,
949 3043 1071 3081 fontes
1089 3039 1359 3091 seditionum&
1437 3023 2044 3084 existimares,P‘l'pam'm'judi?iO
2065 3035 2207 3079 imvm
2225 3025 2314 3078 effit·
2342 3028 2451 3065 Sene-
