2616 3686
541 163 886 227 [ABER
953 166 1734 232 vlu-›EPISTOLA
1801 184 1995 239 xxiv.
2233 205 2333 273 ⁶²7

198 273 408 323 {nomen
437 255 651 326 'eripere
686 251 884 305 durum
910 292 928 318 ,
978 249 1153 304 ferum
1176 287 1193 313 ‚
1229 250 1640 335 ’barbarumque
1667 259 1756 314 est.
1835 258 2004 318 Vides
2025 285 2052 320 a
2079 270 2370 342 medicis⁴5

196 332 514 413 ..quanquam
541 330 595 383 in
617 324 836 382 adversa
858 324 1163 380 valetudine
1188 325 1318 380 nihil
1341 326 1476 382 servi
1501 346 1562 382 ac
1586 330 1737 387 liberi
1761 333 2009 391 differant
2027 377 2043 401 ,
2074 347 2088 370 ¹
2113 346 2324 399 mollius

207 424 387 468 tamen
410 404 603 459 liberos
629 402 1056 474 clementiusque
1078 397 1321 455 tractari?
1363 403 1682 462 Recordare
1707 409 1841 481 quid
1862 422 2117 484 >quaeque
2143 419 2325 472 civitas

203 486 396 542 fuerit:
423 495 535 535 non
560 492 620 534 ut
645 476 927 548 despiciaS,
947 475 1101 548 quod
1123 474 1226 530 effe
1250 475 1481 533 deflerit.
1530 485 1549 508 ²
1576 481 1725 537 Abfit
1755 483 2021 556 superbia,
2050 487 2325 560 asperitas:

191 567 218 596 ³
247 577 349 615 nec
372 554 610 612 timueris
635 563 1031 624 contemptum.
1108 551 1200 605 An
1221 555 1593 610 contemnitur
1612 596 1628 621 ,
1668 560 1760 632 qui
1780 560 2066 631 imperium
2085 603 2098 624 ,
2135 567 2228 635 qui
2255 566 2369 624 fei-6

199 634 313 690 sees
339 630 528 688 habet?
569 636 588 665 ⁴
609 627 702 683 nili
729 627 938 682 humilis
964 626 1020 681 δε
1046 624 1327 692 sordidus,
1351 629 1407 683 ἃς
1433 632 1525 701 qui
1553 631 1605 685 se
1631 637 1833 704 primus
1859 634 1969 707 ipse
2003 642 2327 694 contemnit,

199 707 354 765 Male
376 708 485 761 vim
510 704 657 759 suam
676 709 692 740 ⁵
713 701 940 775 potestas
966 703 1195 759 aliorum
1222 705 1565 761 contumeliis
1593 712 1894 780 experitur:
1917 714 1937 737 ⁶
1962 712 2327 768 maleterrore

201 782 479 839 veneratio
502 779 829 853 acquiritur:
869 783 888 815 ⁷
910 778 1182 850 longeque
1204 778 1470 834 valentior
1494 797 1646 836 amor
1677 784 1745 839 ad
1770 784 2130 842 obtinendum
2146 789 2329 862 ‚quod

192 858 326 914 ‘velis
345 896 363 922 ν
403 872 568 928 quam
596 856 780 910 timm'·
838 853 870 884 '⁸
896 854 1038 910 Nam
1067 855 1233 907 timor
1261 853 1369 909 abit
1396 893 1412 919 ‚
1464 853 1502 909 fi
1528 861 1748 914 recedas
1778 899 1794 924 ‚
1839 877 2018 916 manet
2044 880 2222 918 amor:
2264 882 2326 919 ac

2225 938 2330 1003 sie,

246 1103 286 1132 '1.
312 1091 456 1129 Momm
477 1100 593 1128 tamen
613 1085 769 1139 Μᾶγος]
811 1088 865 1126 Ut
886 1088 1041 1128 insuetos
1058 1086 1222 1135 imperari
1292 1076 1393 1114 illam
1422 1079 1635 1127 potestatem
1667 1081 1826 1130 deposuit.
1878 1083 2068 1133 Tranquil.
2103 1085 2328 1131 Jurisdifflio.

192 1145 238 1182 ’δε
260 1155 305 1182 ex
321 1142 534 1192 praescripto
548 1142 693 1185 vivere,
722 1138 824 1190 quod
840 1147 966 1179 contra
983 1141 1021 1179 in
1039 1138 1144 1177 servis
1160 1137 1221 1176 est.
1293 1140 1371 1165 ”³⁷⁷²
1390 1141 1433 1168 <⁹⁶
1443 1130 1706 1189 fideicom'miffis·
1732 1134 1912 1191 etiamper
1925 1136 2124 1192 provinchas
2146 1139 2325 1186 potestati-

192 1194 378 1233 'Bucnn
393 1206 414 1231 E
429 1207 466 1231 R·
1288 1178 1354 1216 bus
1384 1181 1630 1220 demandavit.
1658 1183 1745 1221 Phn.
1781 1186 1896 1223 senior
1919 1197 1929 1225 :
1965 1191 2182 1224 Promlttunt
2211 1189 2326 1227 dentes

246 1264 283 1291 2.
309 1250 411 1302 Abfit
426 1250 620 1309 superbia.]
651 1250 794 1307 Callisto
815 1249 964 1288 auci-ore
984 1277 992 1294 ‚
1030 1249 1219 1307 observan-
1292 1232 1474 1320 sszss‘ffiiefs
1499 1234 1614 1321 'gif-‘T
1626 1234 2021 1324 ζῖθβίίςερἂξῖοϋϊῑὶηοξγ,
2057 1238 2323 1328 Εἳῐεῗαῑξεῇῗὶε

195 1302 286 1341 dum
309 1303 357 1341 est
369 1305 427 1353 jus
454 1302 644 1345 reddenti,
680 1311 720 1339 ut
745 1313 782 1339 in
809 1300 979 1339 adeundo
1009 1300 1158 1349 quidem
1187 1300 1220 1337 se
1477 1312 1485 1320 ·
1691 1312 1701 1322 ·
1792 1299 1801 1323 1
1841 1298 1878 1324 ¹0
1918 1299 2023 1325 lml-ls
2093 1301 2103 1326 1
2130 1318 2139 1327 .
2179 1318 2188 1328 .
2249 1303 2282 1339 pi
2314 1319 2323 1328 .

193 1353 338 1392 facilem
358 1354 532 1402 praebeat.
588 1352 722 1390 Sanum
743 1363 832 1390 vcro
851 1350 1039 1390 confilium
1060 1350 1223 1399 praefidi-
1293 1333 1413 1370 XVH·
1452 1345 1487 1370 n·
1517 1347 1550 1373 2²
1584 1347 1821 1392 ‘infimumque
1844 1348 1961 1387 gram
1982 1338 2103 1376 vale&
2123 1367 2134 1384 2
2173 1341 2324 1377 almam

185 1404 258 1444 ssbus
276 1405 438 1453 Juvenal.
465 1402 620 1453 praebet.
647 1404 718 1441 Sar.
747 1403 848 1440 Vlll.
1294 1383 1491 1421 hononbus
1513 1397 1676 1434 expenss'
1840 1449 1847 1455 .
1989 1451 1994 1457 .
2021 1451 2026 1457 .
2297 1456 2302 1462 .

1344 1445 1378 1482 6.
1406 1445 1504 1484 Male
1532 1457 1657 1486 terrore
1688 1460 1864 1487 veneratio
1894 1451 2124 1502 acquantum]
2154 1452 2244 1492 Inde
2270 1455 2324 1502 Si-v

247 1506 438 1554 Expefflata
463 1503 523 1540 diu
549 1503 692 1540 tandem
716 1503 893 1550 provincia
920 1515 999 1539 cum
1026 1513 1059 1540 te
1293 1494 1381 1534 lius:

246 1559 419 1594 Rectorem
438 1553 572 1603 accipiet
585 1581 595 1598 ,
622 1561 702 1602 pone
717 1553 790 1590 irae
803 1554 908 1598 frena
920 1580 931 1597 ,
957 1554 1181 1603 modumque,
2073 1590 2079 1597 ,

245 1612 338 1644 Pone
362 1617 403 1644 (9¹
424 1604 622 1648 avaritiae,
649 1603 800 1652 miserere
818 1604 958 1653 inopum
971 1605 1151 1654 sociorum.
1341 1614 1389 1648 Et
1416 1610 1532 1650 metui
1558 1612 1694 1652 demem
1718 1613 1884 1652 credebat
1907 1612 2102 1657 honorem·

189 1708 229 1746 C
241 1720 264 1746 Α
279 1720 302 1746 -f
319 1720 338 1745 Α
354 1719 393 1745 η.
1291 1710 1420 1748 Nullus
1441 1714 1540 1750 enim
1560 1714 1759 1752 hominum
1783 1714 1981 1754 secundum
2005 1717 2168 1756 Dionem
2197 1719 2324 1768 sponte

244 1780 279 1817 3.
305 1775 377 1805 Nec
403 1768 556 1805 timueris
587 1766 853 1815 contemptum]
888 1766 979 1804 Non
1007 1765 1115 1804 debes
1147 1765 1218 1806 effe
1249 1782 1252 1816 ς
1287 1761 1468 1810 Ῑυῦἇθὸῗῠς
1488 1763 1561 1807 est,
1589 1764 1649 1802 sed
1669 1765 1808 1814 quandO
1830 1767 1953 1822 fimet,
1977 1770 2197 1816 potentiorem
2219 1772 2320 1821 colit.-

184 1819 290 1857 vtristis
313 1847 324 1863 ,
350 1821 388 1856 ὃς
406 1817 504 1865 asper
526 1845 537 1861 ,
573 1816 674 1865 quod
694 1818 820 1854 timeas
840 1827 887 1854 ne
907 1829 927 1855 a
945 1816 1105 1865 subjeffls
1129 1828 1219 1855 con-
1248 1821 1251 1849 l
1287 1812 1423 1862 quando
1443 1814 1572 1870 tradet,
1595 1823 1717 1864 poenas
1739 1815 1854 1865 sumit
1879 1818 1920 1855 de
1945 1818 2112 1858 debiliore.
2165 1821 2261 1860 Vide
2282 1823 2320 1860 &

191 1870 372 1907 temnaris.
422 1868 513 1905 Non
534 1869 632 1906 enim
653 1867 898 1905 contemnitur
918 1896 929 1912 ,
969 1869 1032 1916 qui
1051 1867 1157 1906 habet
1177 1870 1217 1907 li-
1286 1862 1459 1920 Nostrum
1480 1876 1517 1902 m
1539 1865 1784 1915 l'flssegyriCffl
1813 1873 1894 1904 ΝΜ
1911 1882 1951 1907 ex
1973 1877 2097 1915 metu,
2110 1883 2168 1908 nec
2186 1880 2322 1911 terrore

192 1919 315 1956 beram
342 1917 446 1967 gladii
470 1917 683 1966 potestatem
705 1946 717 1964 ‚
750 1918 812 1957 nisi
837 1919 899 1968 qui
925 1918 1000 1957 vilis
1027 1919 1065 1956 δε
1092 1930 1218 1959 avarus
1285 1914 1488 1958 hommum,
1519 1926 1589 1954 σε.
1618 1917 1723 1955 CAr
1741 1929 1812 1955 AN.

182 1969 310 2010 fuerit.
339 1971 372 2006 C
385 1982 406 2006 A
423 1982 445 2006 τ
458 1982 478 2005 Α
494 1981 531 2006 Ν.
1336 1985 1371 2021 7.
1398 1982 1569 2028 Longeque
1587 1978 1798 2028 valentiam]
1828 1978 1899 2017 Sed
1918 1992 2003 2020 cum
2026 1989 2145 2020 metus
2155 1983 2197 2022 fir
2208 1984 2323 2024 malus

240 2042 274 2075 4,
307 2030 381 2082 Nifi.
399 2028 455 2080 qui
475 2028 616 2067 humilis
633 2037 676 2067 ezy
689 2029 890 2080 fiat-didus]
917 2029 994 2069 Nifi
1020 2036 1056 2069 te
1082 2029 1127 2068 ad
1157 2031 1217 2070 eas
1286 2026 1401 2065 custos
1420 2029 1656 2066 diuturnitatis
1683 2058 1694 2074 ‚
1720 2037 1918 2079 contraque
1942 2033 2193 2072 benevolentia
2211 2035 2323 2075 fidelis

191 2079 355 2119 demittas
373 2092 426 2119 res
456 2107 466 2124 ,
500 2089 593 2127 quae
618 2078 840 2118 sordidissimi
870 2081 1040 2130 cujusque
1073 2082 1111 2118 &
1142 2093 1222 2120 ma·
1287 2080 1345 2116 vel
1362 2079 1407 2117 ad
1424 2080 1700 2129 perpetuitatem
1716 2109 1727 2125 ‚
1755 2080 1861 2120 debet
1883 2082 1998 2121 bonus
2019 2085 2182 2134 princeps
2203 2088 2323 2134 potius

192 2131 292 2169 xime
323 2131 465 2169 humilis
501 2129 574 2168 five
603 2129 739 2168 obscuri
769 2131 925 2169 hominis
957 2134 1034 2170 sunt
1052 2159 1063 2177 ,
1099 2141 1139 2171 ut
1172 2133 1220 2171 est
1290 2128 1383 2178 diligi
1415 2131 1507 2169 velle
1539 2141 1650 2180 quam
1684 2132 1814 2170 timeri.
1844 2134 1901 2172 M.
1928 2134 2061 2172 Cicero
2082 2136 2129 2175 It.
2157 2137 2322 2177 Officior.

190 2182 364 2230 pecuniae
409 2191 514 2219 amor
555 2188 662 2229 atque
699 2180 852 2220 habendi
889 2183 1070 2231 cupiditas.
1133 2186 1220 2233 Qua
1290 2178 1439 2219 IDEM·
1491 2182 1566 2220 Adi
1601 2182 1732 2232 Paneg.
1764 2194 1841 2231 cap.
1868 2183 2006 2223 XLIX.
2039 2197 2075 2222 n.
2099 2197 2132 2232 3.
2170 2189 2209 2225 &
2245 2193 2324 2237 cap.

185 2233 255 2282 ¹qui
282 2233 418 2271 laborat
440 2258 451 2275 ‚
487 2231 594 2279 eique
621 2229 811 2279 indulget,
838 2243 965 2281 parum
985 2245 1134 2273 memor
1159 2235 1221 2274 de·
1252 2251 1254 2256 ·
1289 2230 1487 2271 LXXXV.
1509 2234 1695 2271 Praeterea
1721 2234 1854 2272 Sallust.
1879 2235 1964 2284 Jug.
1989 2246 2069 2284 cap.
2086 2237 2132 2274 X.
2159 2248 2196 2274 n.
2217 2248 2254 2284 4.
2282 2241 2322 2278 ὅ(
2363 2265 2365 2267 -

190 2282 266 2321 cori
294 2284 330 2320 δε
356 2283 426 2321 loci
447 2309 457 2325 ,
494 2292 571 2318 non
609 2280 818 2329 dignitatem
844 2283 1000 2321 tuebitur
1018 2312 1029 2327 ‚
1064 2288 1102 2323 ὅ(
1129 2297 1221 2324 mox
1291 2292 1385 2330 qus-ie
1411 2283 1468 2321 ibi.

187 2333 346 2372 incurret
382 2339 611 2369 contemtum
632 2345 644 2374 ;
685 2342 761 2379 quo
786 2333 859 2379 jam
888 2334 1076 2372 contracto
1107 2338 1224 2384 proci·
1343 2343 1377 2380 8.
1405 2350 1503 2380 Nam
1532 2345 1635 2382 timor
1653 2344 1727 2383 abit
1750 2373 1760 2389 ‚
1791 2345 1826 2393 fi
1841 2346 1975 2385 recedas
1996 2374 2008 2391 ,
2042 2360 2139 2386 amor
2160 2350 2319 2402 manem]

190 2384 277 2423 dere
295 2384 545 2422 annositatem
577 2379 717 2419 necesse
747 2382 795 2419 est
815 2410 827 2428 ,
863 2384 901 2421 in
928 2395 999 2433 qua
1024 2387 1077 2423 vis
1103 2388 1223 2444 Pmni?
1293 2394 1446 2440 Quanto
1465 2396 1690 2442 praestantius
1713 2394 1753 2433 slt
1767 2398 1878 2435 amari
1901 2424 1911 2442 ‚
1948 2407 2059 2446 quam
2085 2400 2204 2439 timeri
2226 2429 2237 2447 ,
2271 2414 2318 2440 ex

189 2435 406 2483 magistratus
433 2433 481 2472 est
504 2431 576 2489 fita.
603 2432 630 2470 Β
645 2443 702 2468 UC
718 2443 778 2469 HN
791 2445 811 2469 E
826 2446 865 2472 R·
904 2435 1051 2491 V91g0=
1078 2436 1142 2493 nfi
1161 2449 1221 2486 qul
1294 2455 1340 2481 eo
1361 2444 1515 2482 ostendit
1535 2472 1546 2489 ‚
1586 2446 1687 2495 quod
1706 2457 1812 2484 amor
1829 2455 2006 2497 perpetuo
2027 2461 2172 2489 maneat
2192 2479 2203 2497 ‚
2238 2452 2321 2491 licet

192 2484 330 2523 humilis
352 2499 377 2522 e.
390 2485 423 2535 s.
454 2483 585 2522 Mehus
609 2482 843 2522 membranae
864 2497 872 2522 :
913 2485 977 2533 mfi
1005 2486 1150 2525 humilis
1179 2499 1222 2527 ω·
1294 2495 1435 2532 recedat
1459 2504 1596 2533 amatus
1615 2526 1625 2543 ‚
1661 2504 1723 2534 aut
1744 2525 1754 2541 ,
1789 2498 1892 2546 plane
1919 2500 2026 2536 etiam
2046 2500 2148 2540 abeat
2169 2516 2178 2540 ;
2210 2503 2321 2541 timor

181 2537 358 2586 sordidus.
1296 2556 1375 2583 non
1393 2548 1563 2593 ampliuS,
1592 2558 1702 2595 quam
1721 2547 1845 2586 adsunt
1863 2551 2014 2588 timendi
2037 2552 2323 2602 causaeffquibus·

241 2609 274 2646 5.
306 2592 495 2644 Potestas.]
535 2592 696 2640 Quilibet
732 2592 948 2641 magistratus
972 2596 1112 2646 potestas
1139 2594 1222 2635 dici.
1291 2595 1428 2634 sublatis
1446 2623 1457 2640 ‚
1487 2597 1564 2645 jam
1589 2599 1698 2635 timor
1717 2598 1789 2646 ipse
1811 2602 2000 2638 evanescit.
2051 2602 2194 2641 Deinde
2221 2604 2322 2652 quod

188 2651 266 2690 tur,
293 2644 476 2693 nequeiest
494 2643 601 2682 officii
623 2652 836 2688 nomen‚ut
852 2645 998 2694 quidam
1017 2648 1219 2684 ariolantur.
1292 2647 1403 2684 timor
1436 2648 1471 2684 in
1509 2647 1636 2685 odium
1660 2676 1671 2694 ,
1708 2660 1812 2686 amor
1850 2651 1886 2687 in
1921 2654 2160 2696 reverentiam
2199 2662 2325 2694 vertat.

189 2694 315 2734 Paulus
336 2695 380 2733 de
404 2696 599 2734 verborum
622 2693 767 2742 fignific.
792 2694 970 2741 Potestatis
993 2697 1105 2734 verbo
1123 2698 1220 2738 plura
1293 2697 1467 2744 Quorum
1489 2697 1641 2736 alterum
1665 2699 1753 2737 nihil
1773 2700 1838 2737 turi
1866 2702 1903 2737 &
1933 2701 2042 2739 securi
2061 2703 2169 2741 habet
2186 2719 2197 2748 ;
2237 2705 2324 2744 alte-

192 2744 437 2794 fignificantur.
488 2745 532 2783 In
559 2748 707 2793 persona
736 2745 1001 2794 magistratuum
1020 2747 1220 2797 imperium,
1292 2757 1372 2784 rum
1405 2748 1462 2784 vel
1491 2751 1738 2788 aeternitatem
1767 2752 1982 2798 promittere
2007 2753 2135 2800 potest.
2185 2755 2325 2796 Ennius

192 2796 229 2832 in
256 2798 399 2844 persona
435 2797 628 2835 liberorum
651 2795 770 2846 patria
795 2797 936 2846 potestas
962 2826 972 2842 ,
1005 2798 1041 2835 in
1072 2799 1220 2847 persona
1292 2797 1386 2845 apud
1412 2799 1630 2837 Ciceronem
1660 2801 1737 2837 Lib.
1762 2802 1808 2837 11.
1835 2800 1879 2838 de
1913 2801 2074 2841 Officiis:
2100 2806 2214 2853 Qem
2243 2818 2323 2846 me—

193 2845 281 2885 servi
300 2847 498 2886 dominium.
550 2846 760 2892 Justinianus
783 2847 819 2884 in
840 2847 948 2885 Instir.
967 2849 1047 2902 Qi
1068 2848 1217 2897 potesta·
1291 2857 1421 2892 ruunt,
1447 2849 1602 2886 oderunt.
1643 2851 1765 2905 Qem
1790 2852 1924 2902 quisque
1940 2855 2070 2891 metuit
2085 2882 2095 2898 ,
2116 2855 2243 2905 periisse
2260 2871 2322 2895 ex-

196 2903 269 2932 tem
293 2897 446 2946 aliquam
465 2896 592 2935 habent
608 2899 644 2945 se
665 2898 822 2947 excusare
836 2897 966 2947 possunt
988 2911 1009 2934 a
1030 2899 1141 2938 tutelis
1156 2911 1216 2943 ‚ut
1284 2899 1379 2946 petit.
1433 2899 1607 2947 Galgacus
1642 2901 1737 2949 apud
1773 2901 1946 2940 Tacitum
1988 2903 2095 2942 Vitae
2131 2908 2320 2954 Agricolae

198 2945 304 2982 divus
329 2952 467 2984 Marcus
493 2947 663 2998 rescripsit.
692 2949 730 2986 ὅ(
758 2960 805 2986 ne
834 2957 975 2987 tantum
1001 2950 1217 2997 JConsulto·
1289 2960 1364 2996 cap.
1384 2948 1539 2987 ΧΧΧΙΙ.
1569 2952 1690 2988 Metus
1714 2962 1753 2991 ⁹5·
1773 2959 1887 2990 terror
1904 2953 2044 3001 infirma
2068 2956 2210 2993 vincula
2233 2961 2322 2997 cari-

196 3005 275 3031 rum
308 2997 510 3036 testimonio
540 3008 681 3043 utamur
701 3027 712 3043 ‚
749 2999 962 3037 accedamus
995 3000 1040 3039 ad
1070 3001 1220 3039 nostros.
1289 3000 1400 3040 tatis;
1438 3013 1523 3049 quae
1559 3001 1618 3038 ubi
1644 3003 1825 3040 removeris
1847 3032 1856 3047 ,
1896 3006 1955 3055 qui
1986 3007 2115 3045 timere
2139 3007 2319 3057 desierint,

196 3044 357 3084 Valerius
393 3046 437 3085 de
472 3049 589 3088 Caffio
626 3049 730 3088 Trib.
762 3052 808 3100 pl.
833 3050 1020 3104 Postquam
1039 3079 1051 3099 ,
1077 3052 1218 3103 inquit,
1249 3028 1255 3086 l
1287 3049 1384 3099 odiffe
1399 3050 1565 3100 incipient.
1594 3052 1656 3090 Bu
1681 3063 1702 3088 c
1719 3065 1740 3089 n
1758 3068 1779 3091 N
1796 3066 1814 3090 ε
1831 3067 1866 3093 R.

1670 3102 1703 3140 K
1715 3104 1737 3142 l<
1749 3105 1772 3143 k
1786 3103 1807 3142 1<
1836 3116 1855 3142 2
2225 3120 2256 3145 1.
2282 3113 2325 3146 In
