<?xml version="1.0" encoding="UTF-8"?>
<!DOCTYPE html PUBLIC "-//W3C//DTD XHTML 1.0 Transitional//EN"
    "http://www.w3.org/TR/xhtml1/DTD/xhtml1-transitional.dtd">
<html xmlns="http://www.w3.org/1999/xhtml" xml:lang="en" lang="en">
 <head>
  <title>
</title>
<meta http-equiv="Content-Type" content="text/html;charset=utf-8" />
  <meta name='ocr-system' content='tesseract 3.04.00' />
  <meta name='ocr-capabilities' content='ocr_page ocr_carea ocr_par ocr_line ocrx_word'/>
</head>
<body>
  <div class='ocr_page' id='page_1' title='image "./caiipliniicaecil00plin_0876.png"; bbox 0 0 2616 3686; ppageno 0'>
   <div class='ocr_carea' id='block_1_1' title="bbox 291 181 2219 570">
    <p class='ocr_par' dir='ltr' id='par_1_1' title="bbox 291 181 2219 570">
     <span class='ocr_line' id='line_1_1' title="bbox 291 181 2219 252; baseline -0.006 -1"><span class='ocrx_word' id='word_1_1' title='bbox 291 203 390 252; x_wconf 73' lang='lat'><em>‚810</em></span> <span class='ocrx_word' id='word_1_2' title='bbox 532 199 591 245; x_wconf 90' lang='lat' dir='ltr'>C.</span> <span class='ocrx_word' id='word_1_3' title='bbox 659 195 697 243; x_wconf 92' lang='lat' dir='ltr'>P</span> <span class='ocrx_word' id='word_1_4' title='bbox 733 192 777 242; x_wconf 94' lang='lat' dir='ltr'>L</span> <span class='ocrx_word' id='word_1_5' title='bbox 812 194 837 242; x_wconf 94' lang='lat' dir='ltr'>I</span> <span class='ocrx_word' id='word_1_6' title='bbox 875 191 923 243; x_wconf 93' lang='lat' dir='ltr'>N</span> <span class='ocrx_word' id='word_1_7' title='bbox 966 191 1048 240; x_wconf 55' lang='lat'>121</span> <span class='ocrx_word' id='word_1_8' title='bbox 1092 184 1288 238; x_wconf 57' lang='lat' dir='ltr'>&#39;CJAE</span> <span class='ocrx_word' id='word_1_9' title='bbox 1323 181 1430 236; x_wconf 78' lang='lat' dir='ltr'>C⁵1-</span> <span class='ocrx_word' id='word_1_10' title='bbox 1461 190 1506 238; x_wconf 96' lang='lat' dir='ltr'>L</span> <span class='ocrx_word' id='word_1_11' title='bbox 1536 189 1626 239; x_wconf 73' lang='lat'>11</span> <span class='ocrx_word' id='word_1_12' title='bbox 1673 184 1730 237; x_wconf 86' lang='lat' dir='ltr'>-S</span> <span class='ocrx_word' id='word_1_13' title='bbox 1766 183 1810 238; x_wconf 80' lang='lat' dir='ltr'>E</span> <span class='ocrx_word' id='word_1_14' title='bbox 1838 187 1890 238; x_wconf 36' lang='lat' dir='ltr'>*C</span> <span class='ocrx_word' id='word_1_15' title='bbox 1918 184 2068 242; x_wconf 53' lang='lat' dir='ltr'>,UQN</span> <span class='ocrx_word' id='word_1_16' title='bbox 2106 191 2155 239; x_wconf 93' lang='lat' dir='ltr'>D</span> <span class='ocrx_word' id='word_1_17' title='bbox 2194 191 2219 239; x_wconf 95' lang='lat' dir='ltr'>I</span> 
     </span>
     <span class='ocr_line' id='line_1_2' title="bbox 726 319 2002 415; baseline -0.005 -9"><span class='ocrx_word' id='word_1_18' title='bbox 726 348 898 406; x_wconf 75' lang='lat' dir='ltr'>XCII.</span> <span class='ocrx_word' id='word_1_19' title='bbox 973 319 1520 415; x_wconf 47' lang='lat' dir='ltr'>T&#39;RAJnuus</span> <span class='ocrx_word' id='word_1_20' title='bbox 1601 345 2002 402; x_wconf 79' lang='lat' dir='ltr'>PL&#39;1N10.</span> 
     </span>
     <span class='ocr_line' id='line_1_3' title="bbox 986 491 1749 570; baseline -0.001 -17"><span class='ocrx_word' id='word_1_21' title='bbox 986 496 1261 553; x_wconf 80' lang='lat' dir='ltr'>Permittit</span> <span class='ocrx_word' id='word_1_22' title='bbox 1301 491 1498 551; x_wconf 85' lang='lat' dir='ltr'>deduci</span> <span class='ocrx_word' id='word_1_23' title='bbox 1542 512 1749 570; x_wconf 83' lang='lat' dir='ltr'>aquam.</span> 
     </span>
    </p>
   </div>
   <div class='ocr_carea' id='block_1_2' title="bbox 309 642 2448 1028">
    <p class='ocr_par' dir='ltr' id='par_1_2' title="bbox 480 642 2439 726">
     <span class='ocr_line' id='line_1_4' title="bbox 480 642 2439 726; baseline -0.003 -18"><span class='ocrx_word' id='word_1_24' title='bbox 480 650 530 708; x_wconf 87' lang='lat' dir='ltr'><em>T</em></span> <span class='ocrx_word' id='word_1_25' title='bbox 555 649 743 726; x_wconf 80' lang='lat' dir='ltr'>coepisti</span> <span class='ocrx_word' id='word_1_26' title='bbox 767 646 986 705; x_wconf 78' lang='lat' dir='ltr'><em>Secunde</em></span> <span class='ocrx_word' id='word_1_27' title='bbox 1011 642 1250 714; x_wconf 74' lang='lat' dir='ltr'>carffme</span> <span class='ocrx_word' id='word_1_28' title='bbox 1271 685 1286 710; x_wconf 91' lang='lat'>‚</span> <span class='ocrx_word' id='word_1_29' title='bbox 1327 643 1530 719; x_wconf 79' lang='lat' dir='ltr'>explora</span> <span class='ocrx_word' id='word_1_30' title='bbox 1554 643 1820 720; x_wconf 72' lang='lat' dir='ltr'>diligenter</span> <span class='ocrx_word' id='word_1_31' title='bbox 1840 690 1855 711; x_wconf 89' lang='lat'>‚</span> <span class='ocrx_word' id='word_1_32' title='bbox 1895 665 1962 701; x_wconf 80' lang='lat' dir='ltr'>cm</span> <span class='ocrx_word' id='word_1_33' title='bbox 1983 647 2115 702; x_wconf 82' lang='lat' dir='ltr'>locus</span> <span class='ocrx_word' id='word_1_34' title='bbox 2137 645 2250 712; x_wconf 85' lang='lat' dir='ltr'>ille,</span> <span class='ocrx_word' id='word_1_35' title='bbox 2295 666 2439 722; x_wconf 84' lang='lat' dir='ltr'>quem</span> 
     </span>
    </p>

    <p class='ocr_par' dir='ltr' id='par_1_3' title="bbox 309 713 2448 1028">
     <span class='ocr_line' id='line_1_5' title="bbox 481 713 2439 802; baseline 0.008 -39"><span class='ocrx_word' id='word_1_36' title='bbox 481 742 490 763; x_wconf 90' lang='lat'>1</span> <span class='ocrx_word' id='word_1_37' title='bbox 507 727 793 802; x_wconf 60' lang='lat' dir='ltr'>fltspecium</span> <span class='ocrx_word' id='word_1_38' title='bbox 819 723 965 779; x_wconf 78' lang='lat' dir='ltr'>habes</span> <span class='ocrx_word' id='word_1_39' title='bbox 993 766 1006 785; x_wconf 90' lang='lat'><strong>,</strong></span> <span class='ocrx_word' id='word_1_40' title='bbox 1031 722 1276 795; x_wconf 70' lang='lat' dir='ltr'>sustinere</span> <span class='ocrx_word' id='word_1_41' title='bbox 1298 736 1414 794; x_wconf 86' lang='lat' dir='ltr'>opus</span> <span class='ocrx_word' id='word_1_42' title='bbox 1445 722 1794 793; x_wconf 62' lang='lat' dir='ltr'>aquaeduft&#39;us</span> <span class='ocrx_word' id='word_1_43' title='bbox 1812 721 1966 796; x_wconf 65' lang='lat' dir='ltr'>suffit.</span> <span class='ocrx_word' id='word_1_44' title='bbox 2046 730 2063 754; x_wconf 84' lang='lat'><strong>²</strong></span> <span class='ocrx_word' id='word_1_45' title='bbox 2098 713 2278 797; x_wconf 74' lang='lat' dir='ltr'>Neque</span> <span class='ocrx_word' id='word_1_46' title='bbox 2311 729 2439 778; x_wconf 78' lang='lat' dir='ltr'>euim</span> 
     </span>
     <span class='ocr_line' id='line_1_6' title="bbox 310 795 2448 875; baseline -0.005 -16"><span class='ocrx_word' id='word_1_47' title='bbox 310 803 647 859; x_wconf 70' lang='lat' dir='ltr'>dumtano&#39;mu</span> <span class='ocrx_word' id='word_1_48' title='bbox 680 814 801 875; x_wconf 85' lang='lat' dir='ltr'>puto</span> <span class='ocrx_word' id='word_1_49' title='bbox 830 840 846 864; x_wconf 89' lang='lat'>‚</span> <span class='ocrx_word' id='word_1_50' title='bbox 892 799 1018 873; x_wconf 78' lang='lat' dir='ltr'>quin</span> <span class='ocrx_word' id='word_1_51' title='bbox 1049 814 1186 870; x_wconf 77' lang='lat' dir='ltr'>aqua</span> <span class='ocrx_word' id='word_1_52' title='bbox 1216 795 1614 869; x_wconf 75' lang='lat' dir='ltr'>perducendoſst</span> <span class='ocrx_word' id='word_1_53' title='bbox 1637 801 1691 850; x_wconf 76' lang='lat' dir='ltr'>in</span> <span class='ocrx_word' id='word_1_54' title='bbox 1714 797 1948 852; x_wconf 73' lang='lat' dir='ltr'>colomam</span> <span class='ocrx_word' id='word_1_55' title='bbox 1985 800 2288 873; x_wconf 64' lang='lat' dir='ltr'>Sinopensem</span> <span class='ocrx_word' id='word_1_56' title='bbox 2315 837 2329 862; x_wconf 91' lang='lat'>‚</span> <span class='ocrx_word' id='word_1_57' title='bbox 2372 805 2388 833; x_wconf 83' lang='lat'>³</span> <span class='ocrx_word' id='word_1_58' title='bbox 2399 800 2448 865; x_wconf 79' lang='grc' dir='ltr'>[ί</span> 
     </span>
     <span class='ocr_line' id='line_1_7' title="bbox 311 862 2443 949; baseline -0.003 -16"><span class='ocrx_word' id='word_1_59' title='bbox 311 879 451 934; x_wconf 81' lang='lat' dir='ltr'>modo</span> <span class='ocrx_word' id='word_1_60' title='bbox 479 880 541 939; x_wconf 54' lang='grc' dir='ltr'>ὅγ’</span> <span class='ocrx_word' id='word_1_61' title='bbox 565 877 767 932; x_wconf 69' lang='lat' dir='ltr'>virzbus</span> <span class='ocrx_word' id='word_1_62' title='bbox 779 876 895 949; x_wconf 75' lang='lat' dir='ltr'>suis</span> <span class='ocrx_word' id='word_1_63' title='bbox 926 880 946 910; x_wconf 89' lang='lat'><strong>⁴</strong></span> <span class='ocrx_word' id='word_1_64' title='bbox 977 872 1080 946; x_wconf 79' lang='lat' dir='ltr'>z&#39;pfh</span> <span class='ocrx_word' id='word_1_65' title='bbox 1099 872 1152 926; x_wconf 74' lang='lat' dir='ltr'>ui</span> <span class='ocrx_word' id='word_1_66' title='bbox 1175 871 1365 944; x_wconf 77' lang='lat' dir='ltr'>affequi</span> <span class='ocrx_word' id='word_1_67' title='bbox 1385 870 1534 943; x_wconf 73' lang='lat' dir='ltr'>potest</span> <span class='ocrx_word' id='word_1_68' title='bbox 1554 909 1570 935; x_wconf 89' lang='lat'>‚</span> <span class='ocrx_word' id='word_1_69' title='bbox 1609 888 1721 924; x_wconf 81' lang='lat' dir='ltr'>cum</span> <span class='ocrx_word' id='word_1_70' title='bbox 1737 872 2016 946; x_wconf 78' lang='lat' dir='ltr'>plurimum</span> <span class='ocrx_word' id='word_1_71' title='bbox 2042 892 2097 929; x_wconf 77' lang='lat' dir='ltr'>eu</span> <span class='ocrx_word' id='word_1_72' title='bbox 2122 892 2200 930; x_wconf 71' lang='lat' dir='ltr'>res</span> <span class='ocrx_word' id='word_1_73' title='bbox 2227 862 2443 946; x_wconf 70' lang='lat' dir='ltr'>&amp;salu-</span> 
     </span>
     <span class='ocr_line' id='line_1_8' title="bbox 309 946 1404 1028; baseline -0.007 -21"><span class='ocrx_word' id='word_1_74' title='bbox 309 954 493 1009; x_wconf 77' lang='lat' dir='ltr'>britati</span> <span class='ocrx_word' id='word_1_75' title='bbox 525 953 590 1016; x_wconf 60' lang='lat' dir='ltr'>dy</span> <span class='ocrx_word' id='word_1_76' title='bbox 609 951 871 1028; x_wconf 82' lang='lat' dir='ltr'>voluptati</span> <span class='ocrx_word' id='word_1_77' title='bbox 890 951 1002 1024; x_wconf 83' lang='lat' dir='ltr'>ejus</span> <span class='ocrx_word' id='word_1_78' title='bbox 1024 948 1292 1002; x_wconf 80' lang='lat' dir='ltr'>conlatura</span> <span class='ocrx_word' id='word_1_79' title='bbox 1309 946 1404 1016; x_wconf 72' lang='lat' dir='ltr'>sit.</span> 
     </span>
    </p>
   </div>
   <div class='ocr_carea' id='block_1_3' title="bbox 690 1095 2029 1296">
    <p class='ocr_par' dir='ltr' id='par_1_4' title="bbox 690 1095 2029 1296">
     <span class='ocr_line' id='line_1_9' title="bbox 737 1095 2029 1169; baseline -0.005 -12"><span class='ocrx_word' id='word_1_80' title='bbox 737 1097 932 1157; x_wconf 68' lang='lat' dir='ltr'>XCIII.</span> <span class='ocrx_word' id='word_1_81' title='bbox 1008 1097 1447 1154; x_wconf 80' lang='lat' dir='ltr'>PL1N1us</span> <span class='ocrx_word' id='word_1_82' title='bbox 1523 1095 2029 1169; x_wconf 73' lang='lat' dir='ltr'>TRAJANQ.</span> 
     </span>
     <span class='ocr_line' id='line_1_10' title="bbox 690 1208 1833 1296; baseline -0.001 -17"><span class='ocrx_word' id='word_1_83' title='bbox 690 1208 707 1224; x_wconf 40' lang='grc' dir='ltr'>Φ</span> <span class='ocrx_word' id='word_1_84' title='bbox 955 1224 1043 1279; x_wconf 92' lang='lat' dir='ltr'>De</span> <span class='ocrx_word' id='word_1_85' title='bbox 1083 1224 1349 1296; x_wconf 87' lang='lat' dir='ltr'>petitione</span> <span class='ocrx_word' id='word_1_86' title='bbox 1392 1222 1796 1279; x_wconf 83' lang='lat' dir='ltr'>Amisenorum.</span> <span class='ocrx_word' id='word_1_87' title='bbox 1824 1234 1833 1243; x_wconf 69' lang='grc'>“’</span> 
     </span>
    </p>
   </div>
   <div class='ocr_carea' id='block_1_4' title="bbox 621 1348 2115 1502">
    <p class='ocr_par' dir='ltr' id='par_1_5' title="bbox 621 1348 2115 1502">
     <span class='ocr_line' id='line_1_11' title="bbox 621 1348 2115 1424; baseline -0.003 -16"><span class='ocrx_word' id='word_1_88' title='bbox 621 1354 727 1410; x_wconf 87' lang='lat' dir='ltr'>Per</span> <span class='ocrx_word' id='word_1_89' title='bbox 748 1350 966 1408; x_wconf 73' lang='lat' dir='ltr'>libellum</span> <span class='ocrx_word' id='word_1_90' title='bbox 992 1349 1346 1422; x_wconf 73' lang='lat' dir='ltr'>Amisenorum</span> <span class='ocrx_word' id='word_1_91' title='bbox 1365 1352 1495 1424; x_wconf 80' lang='lat' dir='ltr'>petit</span> <span class='ocrx_word' id='word_1_92' title='bbox 1516 1348 1708 1405; x_wconf 77' lang='lat' dir='ltr'>concedi</span> <span class='ocrx_word' id='word_1_93' title='bbox 1734 1348 2115 1422; x_wconf 78' lang='lat' dir='ltr'>magistratum,</span> 
     </span>
     <span class='ocr_line' id='line_1_12' title="bbox 1026 1424 1718 1502; baseline -0.004 -22"><span class='ocrx_word' id='word_1_94' title='bbox 1026 1431 1114 1502; x_wconf 76' lang='lat' dir='ltr'>qui</span> <span class='ocrx_word' id='word_1_95' title='bbox 1133 1426 1272 1480; x_wconf 83' lang='lat' dir='ltr'>oiom&#39;s</span> <span class='ocrx_word' id='word_1_96' title='bbox 1288 1426 1501 1500; x_wconf 72' lang='lat' dir='ltr'>publicis</span> <span class='ocrx_word' id='word_1_97' title='bbox 1512 1424 1718 1501; x_wconf 78' lang='lat' dir='ltr'>praefit.</span> 
     </span>
    </p>
   </div>
   <div class='ocr_carea' id='block_1_5' title="bbox 303 1507 2437 1652">
    <p class='ocr_par' dir='ltr' id='par_1_6' title="bbox 303 1507 2437 1652">
     <span class='ocr_line' id='line_1_13' title="bbox 303 1507 2437 1652; baseline -0.001 -12"><span class='ocrx_word' id='word_1_98' title='bbox 303 1588 331 1652; x_wconf 62' lang='grc' dir='ltr'>ξ’</span> <span class='ocrx_word' id='word_1_99' title='bbox 349 1507 492 1652; x_wconf 84' lang='grc' dir='ltr'><strong>Α</strong></span> <span class='ocrx_word' id='word_1_100' title='bbox 516 1581 858 1640; x_wconf 86' lang='lat' dir='ltr'>Misenorum</span> <span class='ocrx_word' id='word_1_101' title='bbox 895 1577 1093 1648; x_wconf 64' lang='lat' dir='ltr'>civitas}</span> <span class='ocrx_word' id='word_1_102' title='bbox 1116 1576 1170 1632; x_wconf 71' lang='grc' dir='ltr'>δε</span> <span class='ocrx_word' id='word_1_103' title='bbox 1195 1575 1362 1632; x_wconf 85' lang='lat' dir='ltr'>libera</span> <span class='ocrx_word' id='word_1_104' title='bbox 1385 1576 1440 1632; x_wconf 68' lang='grc' dir='ltr'>δε</span> <span class='ocrx_word' id='word_1_105' title='bbox 1467 1576 1745 1633; x_wconf 80' lang='lat' dir='ltr'>foederata</span> <span class='ocrx_word' id='word_1_106' title='bbox 1771 1572 2037 1629; x_wconf 86' lang='lat' dir='ltr'>beneficio</span> <span class='ocrx_word' id='word_1_107' title='bbox 2066 1576 2437 1652; x_wconf 75' lang='lat' dir='ltr'>indulgentiae</span> 
     </span>
    </p>
   </div>
   <div class='ocr_carea' id='block_1_6' title="bbox 2301 1658 2438 1713">
    <p class='ocr_par' dir='ltr' id='par_1_7' title="bbox 2301 1658 2438 1713">
     <span class='ocr_line' id='line_1_14' title="bbox 2301 1658 2438 1713; baseline 0.015 -2"><span class='ocrx_word' id='word_1_108' title='bbox 2301 1658 2438 1713; x_wconf 66' lang='lat' dir='ltr'>&#39;tuae</span> 
     </span>
    </p>
   </div>
   <div class='ocr_carea' id='block_1_7' title="bbox 291 1733 2434 3064">
    <p class='ocr_par' dir='ltr' id='par_1_8' title="bbox 294 1733 2430 1890">
     <span class='ocr_line' id='line_1_15' title="bbox 356 1733 2430 1795; baseline -0.001 -13"><span class='ocrx_word' id='word_1_109' title='bbox 356 1754 390 1782; x_wconf 86' lang='lat'>1.</span> <span class='ocrx_word' id='word_1_110' title='bbox 415 1743 646 1795; x_wconf 66' lang='lat' dir='ltr'>Suspefflum.]</span> <span class='ocrx_word' id='word_1_111' title='bbox 675 1740 781 1780; x_wconf 85' lang='lat' dir='ltr'>Voff.</span> <span class='ocrx_word' id='word_1_112' title='bbox 808 1742 847 1780; x_wconf 87' lang='lat'>&amp;</span> <span class='ocrx_word' id='word_1_113' title='bbox 872 1738 933 1786; x_wconf 85' lang='lat' dir='ltr'>JO.</span> <span class='ocrx_word' id='word_1_114' title='bbox 959 1738 1010 1777; x_wconf 38' lang='lat' dir='ltr'>de*</span> <span class='ocrx_word' id='word_1_115' title='bbox 1038 1736 1198 1776; x_wconf 84' lang='lat' dir='ltr'>Tridino</span> <span class='ocrx_word' id='word_1_116' title='bbox 1218 1738 1332 1789; x_wconf 84' lang='lat' dir='ltr'>susce-</span> <span class='ocrx_word' id='word_1_117' title='bbox 1404 1737 1486 1776; x_wconf 79' lang='lat' dir='ltr'>Lib.</span> <span class='ocrx_word' id='word_1_118' title='bbox 1507 1736 1556 1775; x_wconf 86' lang='grc' dir='ltr'>Π.</span> <span class='ocrx_word' id='word_1_119' title='bbox 1582 1736 1690 1786; x_wconf 83' lang='lat' dir='ltr'>Epist.</span> <span class='ocrx_word' id='word_1_120' title='bbox 1710 1733 1800 1773; x_wconf 83' lang='lat' dir='ltr'>VII.</span> <span class='ocrx_word' id='word_1_121' title='bbox 1828 1744 1865 1773; x_wconf 86' lang='lat' dir='ltr'>n.</span> <span class='ocrx_word' id='word_1_122' title='bbox 1892 1746 1922 1772; x_wconf 88' lang='lat'>1.</span> <span class='ocrx_word' id='word_1_123' title='bbox 1949 1735 2010 1785; x_wconf 77' lang='lat' dir='ltr'>qui</span> <span class='ocrx_word' id='word_1_124' title='bbox 2029 1735 2128 1774; x_wconf 85' lang='lat' dir='ltr'>decu-s</span> <span class='ocrx_word' id='word_1_125' title='bbox 2146 1737 2236 1785; x_wconf 81' lang='lat' dir='ltr'>istud</span> <span class='ocrx_word' id='word_1_126' title='bbox 2251 1740 2430 1790; x_wconf 65' lang='lat' dir='ltr'>sudore&amp;</span> 
     </span>
     <span class='ocr_line' id='line_1_16' title="bbox 294 1783 2430 1845; baseline -0.001 -13"><span class='ocrx_word' id='word_1_127' title='bbox 294 1802 397 1845; x_wconf 78' lang='lat' dir='ltr'>ptum</span> <span class='ocrx_word' id='word_1_128' title='bbox 412 1824 422 1839; x_wconf 94' lang='lat'>,</span> <span class='ocrx_word' id='word_1_129' title='bbox 450 1804 490 1834; x_wconf 89' lang='lat' dir='ltr'>ut</span> <span class='ocrx_word' id='word_1_130' title='bbox 511 1794 629 1833; x_wconf 90' lang='lat' dir='ltr'>modo</span> <span class='ocrx_word' id='word_1_131' title='bbox 649 1801 734 1832; x_wconf 83' lang='lat' dir='ltr'>ante</span> <span class='ocrx_word' id='word_1_132' title='bbox 763 1790 991 1836; x_wconf 85' lang='lat' dir='ltr'>monuimus,</span> <span class='ocrx_word' id='word_1_133' title='bbox 1004 1790 1236 1838; x_wconf 85' lang='lat' dir='ltr'>nostramque</span> <span class='ocrx_word' id='word_1_134' title='bbox 1254 1792 1332 1828; x_wconf 87' lang='lat' dir='ltr'>sen·-</span> <span class='ocrx_word' id='word_1_135' title='bbox 1394 1789 1567 1838; x_wconf 79' lang='lat' dir='ltr'>sanguine</span> <span class='ocrx_word' id='word_1_136' title='bbox 1585 1802 1629 1829; x_wconf 62' lang='grc' dir='ltr'>ω’</span> <span class='ocrx_word' id='word_1_137' title='bbox 1644 1788 1753 1835; x_wconf 64' lang='lat' dir='ltr'>fae&#39;iis</span> <span class='ocrx_word' id='word_1_138' title='bbox 1764 1783 2059 1835; x_wconf 82' lang='lat' dir='ltr'>adsequebantur.</span> <span class='ocrx_word' id='word_1_139' title='bbox 2085 1788 2291 1838; x_wconf 85' lang='lat' dir='ltr'>Tranquill.</span> <span class='ocrx_word' id='word_1_140' title='bbox 2302 1792 2430 1831; x_wconf 80' lang='lat' dir='ltr'>Claud.</span> 
     </span>
     <span class='ocr_line' id='line_1_17' title="bbox 301 1837 2430 1890; baseline -0.003 -7"><span class='ocrx_word' id='word_1_141' title='bbox 301 1847 452 1884; x_wconf 87' lang='lat' dir='ltr'>tentiam</span> <span class='ocrx_word' id='word_1_142' title='bbox 474 1846 643 1885; x_wconf 87' lang='lat' dir='ltr'><strong>diximus.</strong></span> <span class='ocrx_word' id='word_1_143' title='bbox 1403 1851 1481 1888; x_wconf 89' lang='lat' dir='ltr'>cap.</span> <span class='ocrx_word' id='word_1_144' title='bbox 1506 1839 1573 1876; x_wconf 83' lang='lat'>111.</span> <span class='ocrx_word' id='word_1_145' title='bbox 1604 1845 1726 1877; x_wconf 82' lang='lat' dir='ltr'>Verum</span> <span class='ocrx_word' id='word_1_146' title='bbox 1750 1849 1791 1873; x_wconf 85' lang='lat' dir='ltr'>ne</span> <span class='ocrx_word' id='word_1_147' title='bbox 1807 1837 1852 1880; x_wconf 80' lang='lat' dir='ltr'>stc</span> <span class='ocrx_word' id='word_1_148' title='bbox 1872 1837 2010 1887; x_wconf 81' lang='lat' dir='ltr'>quidem</span> <span class='ocrx_word' id='word_1_149' title='bbox 2032 1837 2222 1888; x_wconf 77' lang='lat' dir='ltr'><em>quidquam</em></span> <span class='ocrx_word' id='word_1_150' title='bbox 2248 1841 2430 1890; x_wconf 77' lang='lat' dir='ltr'><em>dignitatis</em></span> 
     </span>
    </p>

    <p class='ocr_par' dir='ltr' id='par_1_9' title="bbox 294 1888 2434 2048">
     <span class='ocr_line' id='line_1_18' title="bbox 350 1888 2430 1948; baseline -0.002 -15"><span class='ocrx_word' id='word_1_151' title='bbox 350 1907 387 1934; x_wconf 87' lang='lat'>2.</span> <span class='ocrx_word' id='word_1_152' title='bbox 413 1902 535 1948; x_wconf 77' lang='lat' dir='ltr'>Neque</span> <span class='ocrx_word' id='word_1_153' title='bbox 552 1893 689 1946; x_wconf 68' lang='lat' dir='ltr'>enim]</span> <span class='ocrx_word' id='word_1_154' title='bbox 722 1893 827 1932; x_wconf 79' lang='lat' dir='ltr'>Vofl.</span> <span class='ocrx_word' id='word_1_155' title='bbox 850 1893 962 1931; x_wconf 81' lang='lat' dir='ltr'>etiam</span> <span class='ocrx_word' id='word_1_156' title='bbox 985 1891 1043 1929; x_wconf 90' lang='lat' dir='ltr'>hic</span> <span class='ocrx_word' id='word_1_157' title='bbox 1059 1898 1121 1934; x_wconf 89' lang='lat' dir='ltr'>,ut</span> <span class='ocrx_word' id='word_1_158' title='bbox 1138 1888 1215 1926; x_wconf 87' lang='lat' dir='ltr'>fere</span> <span class='ocrx_word' id='word_1_159' title='bbox 1235 1888 1330 1926; x_wconf 89' lang='lat' dir='ltr'>sem·</span> <span class='ocrx_word' id='word_1_160' title='bbox 1403 1889 1615 1940; x_wconf 85' lang='lat' dir='ltr'>adsequi.de</span> <span class='ocrx_word' id='word_1_161' title='bbox 1638 1889 1870 1928; x_wconf 78' lang='lat' dir='ltr'>HLGramm.</span> <span class='ocrx_word' id='word_1_162' title='bbox 1892 1888 2145 1937; x_wconf 82' lang='lat' dir='ltr'>cap.X1.extr.</span> <span class='ocrx_word' id='word_1_163' title='bbox 2166 1902 2213 1929; x_wconf 83' lang='lat' dir='ltr'>ex</span> <span class='ocrx_word' id='word_1_164' title='bbox 2236 1890 2430 1932; x_wconf 70' lang='lat' dir='ltr'>Bibaculo:</span> 
     </span>
     <span class='ocr_line' id='line_1_19' title="bbox 297 1936 2434 1996; baseline -0.01 -12"><span class='ocrx_word' id='word_1_165' title='bbox 297 1957 362 1995; x_wconf 86' lang='lat' dir='ltr'>per</span> <span class='ocrx_word' id='word_1_166' title='bbox 381 1948 493 1994; x_wconf 88' lang='lat' dir='ltr'>solet,</span> <span class='ocrx_word' id='word_1_167' title='bbox 520 1959 598 1986; x_wconf 93' lang='lat' dir='ltr'>non</span> <span class='ocrx_word' id='word_1_168' title='bbox 617 1945 775 1996; x_wconf 82' lang='lat' dir='ltr'>agnoscit</span> <span class='ocrx_word' id='word_1_169' title='bbox 799 1943 1006 1993; x_wconf 80' lang='lat' dir='ltr'>particulam</span> <span class='ocrx_word' id='word_1_170' title='bbox 1027 1939 1328 1989; x_wconf 84' lang='lat' dir='ltr'>enim,idemque</span> <span class='ocrx_word' id='word_1_171' title='bbox 2408 1936 2434 1963; x_wconf 69' lang='grc'>·,</span> 
     </span>
     <span class='ocr_line' id='line_1_20' title="bbox 294 1988 2087 2048; baseline -0.004 -13"><span class='ocrx_word' id='word_1_172' title='bbox 294 1997 381 2036; x_wconf 86' lang='lat' dir='ltr'>facit</span> <span class='ocrx_word' id='word_1_173' title='bbox 399 1999 564 2048; x_wconf 86' lang='lat' dir='ltr'>princeps</span> <span class='ocrx_word' id='word_1_174' title='bbox 587 1997 652 2038; x_wconf 87' lang='lat' dir='ltr'>Ed.</span> <span class='ocrx_word' id='word_1_175' title='bbox 673 1995 771 2035; x_wconf 90' lang='lat' dir='ltr'>Vide</span> <span class='ocrx_word' id='word_1_176' title='bbox 789 1994 897 2045; x_wconf 85' lang='lat' dir='ltr'>Epist.</span> <span class='ocrx_word' id='word_1_177' title='bbox 918 1994 1034 2031; x_wconf 81' lang='lat' dir='ltr'>LXX.</span> <span class='ocrx_word' id='word_1_178' title='bbox 1061 1999 1150 2030; x_wconf 88' lang='lat' dir='ltr'><strong>extr.</strong></span> <span class='ocrx_word' id='word_1_179' title='bbox 1677 1989 1800 2038; x_wconf 85' lang='lat' dir='ltr'>quibus</span> <span class='ocrx_word' id='word_1_180' title='bbox 1821 1990 1878 2027; x_wconf 86' lang='lat' dir='ltr'>ille</span> <span class='ocrx_word' id='word_1_181' title='bbox 1902 1988 2087 2040; x_wconf 82' lang='lat' dir='ltr'>disciplinis</span> 
     </span>
    </p>

    <p class='ocr_par' dir='ltr' id='par_1_10' title="bbox 350 2040 2114 2098">
     <span class='ocr_line' id='line_1_21' title="bbox 350 2040 2114 2098; baseline -0.006 -11"><span class='ocrx_word' id='word_1_182' title='bbox 350 2060 388 2098; x_wconf 83' lang='lat'>3.</span> <span class='ocrx_word' id='word_1_183' title='bbox 412 2051 447 2087; x_wconf 85' lang='lat' dir='ltr'>Si</span> <span class='ocrx_word' id='word_1_184' title='bbox 466 2051 563 2087; x_wconf 86' lang='lat' dir='ltr'>modo</span> <span class='ocrx_word' id='word_1_185' title='bbox 587 2048 724 2087; x_wconf 79' lang='lat' dir='ltr'>viribus</span> <span class='ocrx_word' id='word_1_186' title='bbox 736 2047 852 2096; x_wconf 63' lang='lat' dir='ltr'>suis]</span> <span class='ocrx_word' id='word_1_187' title='bbox 883 2045 975 2083; x_wconf 81' lang='lat' dir='ltr'>Viros</span> <span class='ocrx_word' id='word_1_188' title='bbox 997 2071 1008 2088; x_wconf 91' lang='lat'>‚</span> <span class='ocrx_word' id='word_1_189' title='bbox 1036 2042 1219 2080; x_wconf 84' lang='lat' dir='ltr'>facultates</span> <span class='ocrx_word' id='word_1_190' title='bbox 1235 2041 1326 2080; x_wconf 84' lang='lat' dir='ltr'>sunt.</span> <span class='ocrx_word' id='word_1_191' title='bbox 1410 2058 1412 2061; x_wconf 93' lang='lat'>·</span> <span class='ocrx_word' id='word_1_192' title='bbox 1456 2041 1670 2092; x_wconf 70' lang='lat' dir='ltr'>Tautamsst</span> <span class='ocrx_word' id='word_1_193' title='bbox 1683 2040 1893 2092; x_wconf 77' lang='lat' dir='ltr'><em>sapientiam</em></span> <span class='ocrx_word' id='word_1_194' title='bbox 1915 2040 2114 2081; x_wconf 75' lang='lat' dir='ltr'>adsecmus.</span> 
     </span>
    </p>

    <p class='ocr_par' dir='ltr' id='par_1_11' title="bbox 297 2092 1416 2148">
     <span class='ocr_line' id='line_1_22' title="bbox 297 2092 1416 2148; baseline -0.007 -12"><span class='ocrx_word' id='word_1_195' title='bbox 297 2097 410 2147; x_wconf 82' lang='lat' dir='ltr'>Supra</span> <span class='ocrx_word' id='word_1_196' title='bbox 436 2098 713 2148; x_wconf 81' lang='lat' dir='ltr'>Epist.XXXV.</span> <span class='ocrx_word' id='word_1_197' title='bbox 741 2099 777 2135; x_wconf 87' lang='lat' dir='ltr'>Si</span> <span class='ocrx_word' id='word_1_198' title='bbox 798 2096 974 2141; x_wconf 66' lang='lat' dir='ltr'>instruuio</span> <span class='ocrx_word' id='word_1_199' title='bbox 996 2094 1080 2131; x_wconf 82' lang='lat' dir='ltr'>novi</span> <span class='ocrx_word' id='word_1_200' title='bbox 1102 2092 1229 2130; x_wconf 77' lang='lat' dir='ltr'>balinei</span> <span class='ocrx_word' id='word_1_201' title='bbox 1250 2105 1327 2129; x_wconf 84' lang='lat' dir='ltr'>one·</span> <span class='ocrx_word' id='word_1_202' title='bbox 1413 2120 1416 2121; x_wconf 20' lang='grc' dir='ltr'><em>ν</em></span> 
     </span>
    </p>

    <p class='ocr_par' dir='ltr' id='par_1_12' title="bbox 297 2140 2432 2303">
     <span class='ocr_line' id='line_1_23' title="bbox 297 2140 2431 2200; baseline 0 -15"><span class='ocrx_word' id='word_1_203' title='bbox 297 2160 426 2188; x_wconf 82' lang='lat' dir='ltr'>ratura</span> <span class='ocrx_word' id='word_1_204' title='bbox 448 2152 539 2189; x_wconf 82' lang='lat' dir='ltr'>vires</span> <span class='ocrx_word' id='word_1_205' title='bbox 562 2148 778 2200; x_wconf 80' lang='lat' dir='ltr'><em>Prusensium</em></span> <span class='ocrx_word' id='word_1_206' title='bbox 810 2160 876 2185; x_wconf 87' lang='lat' dir='ltr'>non</span> <span class='ocrx_word' id='word_1_207' title='bbox 911 2144 965 2190; x_wconf 75' lang='lat' dir='ltr'>est.</span> <span class='ocrx_word' id='word_1_208' title='bbox 1001 2144 1203 2181; x_wconf 86' lang='lat' dir='ltr'>Eumenius</span> <span class='ocrx_word' id='word_1_209' title='bbox 1229 2143 1327 2180; x_wconf 86' lang='lat' dir='ltr'>Rhe.</span> <span class='ocrx_word' id='word_1_210' title='bbox 1402 2142 1534 2180; x_wconf 74' lang='lat' dir='ltr'>Cicero</span> <span class='ocrx_word' id='word_1_211' title='bbox 1556 2142 1593 2180; x_wconf 87' lang='lat' dir='ltr'>in</span> <span class='ocrx_word' id='word_1_212' title='bbox 1615 2142 1732 2180; x_wconf 89' lang='lat' dir='ltr'>Pison.</span> <span class='ocrx_word' id='word_1_213' title='bbox 1751 2153 1828 2191; x_wconf 84' lang='lat' dir='ltr'>cap.</span> <span class='ocrx_word' id='word_1_214' title='bbox 1853 2140 1880 2180; x_wconf 91' lang='lat'>1.</span> <span class='ocrx_word' id='word_1_215' title='bbox 1909 2146 1943 2181; x_wconf 82' lang='lat' dir='ltr'>Is</span> <span class='ocrx_word' id='word_1_216' title='bbox 1965 2141 2056 2180; x_wconf 78' lang='lat' dir='ltr'>mihi</span> <span class='ocrx_word' id='word_1_217' title='bbox 2073 2143 2179 2180; x_wconf 85' lang='lat' dir='ltr'>etiam</span> <span class='ocrx_word' id='word_1_218' title='bbox 2197 2144 2431 2194; x_wconf 60' lang='lat' dir='ltr'>gloriabitur-3</span> 
     </span>
     <span class='ocr_line' id='line_1_24' title="bbox 298 2191 2432 2250; baseline -0.005 -13"><span class='ocrx_word' id='word_1_219' title='bbox 298 2208 359 2240; x_wconf 90' lang='lat' dir='ltr'>tor</span> <span class='ocrx_word' id='word_1_220' title='bbox 377 2212 444 2250; x_wconf 90' lang='lat' dir='ltr'>pro</span> <span class='ocrx_word' id='word_1_221' title='bbox 463 2201 696 2241; x_wconf 80' lang='lat' dir='ltr'>restaurandis</span> <span class='ocrx_word' id='word_1_222' title='bbox 719 2199 879 2237; x_wconf 86' lang='lat' dir='ltr'>Scholis:</span> <span class='ocrx_word' id='word_1_223' title='bbox 923 2195 1102 2232; x_wconf 82' lang='lat' dir='ltr'>Salarium</span> <span class='ocrx_word' id='word_1_224' title='bbox 1123 2207 1176 2231; x_wconf 86' lang='lat' dir='ltr'>me</span> <span class='ocrx_word' id='word_1_225' title='bbox 1198 2192 1327 2230; x_wconf 85' lang='lat' dir='ltr'>libera·</span> <span class='ocrx_word' id='word_1_226' title='bbox 1393 2193 1427 2240; x_wconf 81' lang='lat' dir='ltr'>se</span> <span class='ocrx_word' id='word_1_227' title='bbox 1449 2204 1563 2229; x_wconf 81' lang='lat' dir='ltr'>omnes</span> <span class='ocrx_word' id='word_1_228' title='bbox 1583 2191 1886 2244; x_wconf 75' lang='lat' dir='ltr'>magistratusfine</span> <span class='ocrx_word' id='word_1_229' title='bbox 1905 2192 2042 2242; x_wconf 73' lang='lat' dir='ltr'>repulfiz</span> <span class='ocrx_word' id='word_1_230' title='bbox 2061 2192 2283 2236; x_wconf 74' lang='lat' dir='ltr'>adsecutum,</span> <span class='ocrx_word' id='word_1_231' title='bbox 2303 2198 2337 2235; x_wconf 86' lang='lat' dir='ltr'>L</span> <span class='ocrx_word' id='word_1_232' title='bbox 2350 2209 2374 2235; x_wconf 93' lang='lat'><em>0</em></span> <span class='ocrx_word' id='word_1_233' title='bbox 2388 2208 2432 2237; x_wconf 77' lang='grc' dir='ltr'>Ν.-</span> 
     </span>
     <span class='ocr_line' id='line_1_25' title="bbox 298 2244 1603 2303; baseline -0.006 -13"><span class='ocrx_word' id='word_1_234' title='bbox 298 2251 415 2299; x_wconf 77' lang='lat' dir='ltr'>Iiffimi.</span> <span class='ocrx_word' id='word_1_235' title='bbox 438 2253 607 2303; x_wconf 83' lang='lat' dir='ltr'><em>Principes</em></span> <span class='ocrx_word' id='word_1_236' title='bbox 627 2265 668 2290; x_wconf 73' lang='lat' dir='ltr'>ex</span> <span class='ocrx_word' id='word_1_237' title='bbox 690 2249 793 2298; x_wconf 78' lang='lat' dir='ltr'>hujus</span> <span class='ocrx_word' id='word_1_238' title='bbox 815 2248 906 2295; x_wconf 78' lang='lat' dir='ltr'>Reip.</span> <span class='ocrx_word' id='word_1_239' title='bbox 933 2246 1065 2284; x_wconf 85' lang='lat' dir='ltr'>viribus</span> <span class='ocrx_word' id='word_1_240' title='bbox 1085 2244 1230 2293; x_wconf 78' lang='lat' dir='ltr'>occipere</span> <span class='ocrx_word' id='word_1_241' title='bbox 1250 2244 1328 2293; x_wconf 83' lang='lat' dir='ltr'>jus-</span> <span class='ocrx_word' id='word_1_242' title='bbox 1399 2255 1425 2280; x_wconf 86' lang='lat' dir='ltr'><strong>G</strong></span> <span class='ocrx_word' id='word_1_243' title='bbox 1441 2254 1466 2280; x_wconf 95' lang='lat' dir='ltr'>o</span> <span class='ocrx_word' id='word_1_244' title='bbox 1479 2255 1499 2280; x_wconf 86' lang='lat'>1.</span> <span class='ocrx_word' id='word_1_245' title='bbox 1513 2254 1603 2282; x_wconf 79' lang='lat' dir='ltr'>ms.</span> 
     </span>
    </p>

    <p class='ocr_par' dir='ltr' id='par_1_13' title="bbox 291 2293 2428 2445">
     <span class='ocr_line' id='line_1_26' title="bbox 291 2293 2427 2354; baseline -0.003 -12"><span class='ocrx_word' id='word_1_246' title='bbox 291 2302 428 2352; x_wconf 81' lang='lat' dir='ltr'>serunt.</span> <span class='ocrx_word' id='word_1_247' title='bbox 456 2305 548 2342; x_wconf 83' lang='lat' dir='ltr'>Vires</span> <span class='ocrx_word' id='word_1_248' title='bbox 569 2301 770 2354; x_wconf 79' lang='lat' dir='ltr'><em>patrimonii</em></span> <span class='ocrx_word' id='word_1_249' title='bbox 791 2298 952 2337; x_wconf 72' lang='lat' dir='ltr'>{imiliter</span> <span class='ocrx_word' id='word_1_250' title='bbox 974 2297 1104 2346; x_wconf 84' lang='lat' dir='ltr'>Ulpiar</span> <span class='ocrx_word' id='word_1_251' title='bbox 1116 2306 1155 2332; x_wconf 90' lang='lat' dir='ltr'>us</span> <span class='ocrx_word' id='word_1_252' title='bbox 1174 2294 1261 2332; x_wconf 85' lang='lat' dir='ltr'>dixit</span> <span class='ocrx_word' id='word_1_253' title='bbox 1282 2296 1328 2332; x_wconf 81' lang='lat' dir='ltr'>L.</span> <span class='ocrx_word' id='word_1_254' title='bbox 1456 2306 1492 2342; x_wconf 80' lang='grc' dir='ltr'>ς.</span> <span class='ocrx_word' id='word_1_255' title='bbox 1518 2294 1801 2345; x_wconf 71' lang='lat' dir='ltr'>Amisenorum]</span> <span class='ocrx_word' id='word_1_256' title='bbox 1833 2293 1979 2342; x_wconf 82' lang='lat' dir='ltr'>Amisus</span> <span class='ocrx_word' id='word_1_257' title='bbox 1996 2294 2119 2332; x_wconf 84' lang='lat' dir='ltr'>civitas</span> <span class='ocrx_word' id='word_1_258' title='bbox 2141 2296 2427 2342; x_wconf 39' lang='lat' dir='ltr'>nobilis‡,distans</span> 
     </span>
     <span class='ocr_line' id='line_1_27' title="bbox 297 2344 2428 2394; baseline -0.004 -3"><span class='ocrx_word' id='word_1_259' title='bbox 297 2354 341 2392; x_wconf 86' lang='lat' dir='ltr'>In</span> <span class='ocrx_word' id='word_1_260' title='bbox 376 2353 560 2393; x_wconf 86' lang='lat' dir='ltr'>arbitrium</span> <span class='ocrx_word' id='word_1_261' title='bbox 596 2354 625 2392; x_wconf 89' lang='grc' dir='ltr'>Ι.</span> <span class='ocrx_word' id='word_1_262' title='bbox 661 2353 696 2394; x_wconf 86' lang='lat'>§.</span> <span class='ocrx_word' id='word_1_263' title='bbox 734 2363 767 2390; x_wconf 91' lang='lat'>1.</span> <span class='ocrx_word' id='word_1_264' title='bbox 804 2351 842 2388; x_wconf 89' lang='lat' dir='ltr'>in</span> <span class='ocrx_word' id='word_1_265' title='bbox 876 2348 951 2387; x_wconf 89' lang='lat' dir='ltr'>fine</span> <span class='ocrx_word' id='word_1_266' title='bbox 977 2348 1027 2386; x_wconf 85' lang='lat' dir='ltr'>D.</span> <span class='ocrx_word' id='word_1_267' title='bbox 1054 2346 1101 2385; x_wconf 88' lang='lat' dir='ltr'>de</span> <span class='ocrx_word' id='word_1_268' title='bbox 1127 2346 1257 2394; x_wconf 82' lang='lat' dir='ltr'>Legat.</span> <span class='ocrx_word' id='word_1_269' title='bbox 1284 2345 1333 2392; x_wconf 85' lang='grc' dir='ltr'>ΙΙ.</span> <span class='ocrx_word' id='word_1_270' title='bbox 1402 2355 1422 2382; x_wconf 84' lang='lat' dir='ltr'>a</span> <span class='ocrx_word' id='word_1_271' title='bbox 1445 2345 1581 2394; x_wconf 86' lang='lat' dir='ltr'>Sinope</span> <span class='ocrx_word' id='word_1_272' title='bbox 1600 2345 1714 2384; x_wconf 87' lang='lat' dir='ltr'>stadiis</span> <span class='ocrx_word' id='word_1_273' title='bbox 1730 2344 1926 2392; x_wconf 79' lang='lat' dir='ltr'>nonaginta</span> <span class='ocrx_word' id='word_1_274' title='bbox 1942 2372 1954 2390; x_wconf 91' lang='lat'>,</span> <span class='ocrx_word' id='word_1_275' title='bbox 1981 2345 2083 2383; x_wconf 85' lang='lat' dir='ltr'>estin</span> <span class='ocrx_word' id='word_1_276' title='bbox 2106 2345 2252 2390; x_wconf 87' lang='lat' dir='ltr'>Ponto,</span> <span class='ocrx_word' id='word_1_277' title='bbox 2278 2346 2428 2384; x_wconf 64' lang='lat' dir='ltr'>auetore</span> 
     </span>
     <span class='ocr_line' id='line_1_28' title="bbox 299 2396 2424 2445; baseline -0.002 -6"><span class='ocrx_word' id='word_1_278' title='bbox 299 2404 328 2442; x_wconf 89' lang='lat' dir='ltr'>B</span> <span class='ocrx_word' id='word_1_279' title='bbox 339 2417 364 2442; x_wconf 85' lang='lat' dir='ltr'>u</span> <span class='ocrx_word' id='word_1_280' title='bbox 379 2418 402 2444; x_wconf 83' lang='lat'><em>0</em></span> <span class='ocrx_word' id='word_1_281' title='bbox 415 2417 439 2441; x_wconf 72' lang='lat' dir='ltr'>H</span> <span class='ocrx_word' id='word_1_282' title='bbox 452 2418 475 2442; x_wconf 71' lang='grc' dir='ltr'><strong>Ν</strong></span> <span class='ocrx_word' id='word_1_283' title='bbox 490 2418 510 2443; x_wconf 70' lang='lat'>12,</span> <span class='ocrx_word' id='word_1_284' title='bbox 522 2419 563 2443; x_wconf 73' lang='lat' dir='ltr'>R,</span> <span class='ocrx_word' id='word_1_285' title='bbox 1402 2396 1598 2445; x_wconf 82' lang='lat' dir='ltr'>Stephano.</span> <span class='ocrx_word' id='word_1_286' title='bbox 1625 2396 1759 2434; x_wconf 87' lang='lat' dir='ltr'>omiffis</span> <span class='ocrx_word' id='word_1_287' title='bbox 1781 2397 1886 2444; x_wconf 83' lang='lat' dir='ltr'>igitur</span> <span class='ocrx_word' id='word_1_288' title='bbox 1905 2407 1999 2444; x_wconf 87' lang='lat' dir='ltr'>quae</span> <span class='ocrx_word' id='word_1_289' title='bbox 2019 2407 2039 2432; x_wconf 88' lang='lat' dir='ltr'>a</span> <span class='ocrx_word' id='word_1_290' title='bbox 2058 2396 2176 2439; x_wconf 84' lang='lat' dir='ltr'>Plinio</span> <span class='ocrx_word' id='word_1_291' title='bbox 2189 2424 2200 2441; x_wconf 87' lang='lat'>,</span> <span class='ocrx_word' id='word_1_292' title='bbox 2228 2396 2399 2434; x_wconf 86' lang='lat' dir='ltr'>Strabone</span> <span class='ocrx_word' id='word_1_293' title='bbox 2413 2423 2424 2441; x_wconf 92' lang='lat'>‚</span> 
     </span>
    </p>

    <p class='ocr_par' dir='ltr' id='par_1_14' title="bbox 296 2445 2426 3064">
     <span class='ocr_line' id='line_1_29' title="bbox 352 2445 2425 2506; baseline -0.004 -13"><span class='ocrx_word' id='word_1_294' title='bbox 352 2468 378 2504; x_wconf 84' lang='lat'><strong>4</strong></span> <span class='ocrx_word' id='word_1_295' title='bbox 416 2455 492 2504; x_wconf 87' lang='lat' dir='ltr'>Ipsa</span> <span class='ocrx_word' id='word_1_296' title='bbox 510 2456 548 2495; x_wconf 85' lang='lat' dir='ltr'>id</span> <span class='ocrx_word' id='word_1_297' title='bbox 570 2453 744 2506; x_wconf 68' lang='lat' dir='ltr'>adsequi]</span> <span class='ocrx_word' id='word_1_298' title='bbox 774 2450 881 2490; x_wconf 87' lang='lat' dir='ltr'>Voff.</span> <span class='ocrx_word' id='word_1_299' title='bbox 911 2451 950 2489; x_wconf 73' lang='grc' dir='ltr'>δε</span> <span class='ocrx_word' id='word_1_300' title='bbox 977 2450 1092 2499; x_wconf 84' lang='lat' dir='ltr'>prima</span> <span class='ocrx_word' id='word_1_301' title='bbox 1121 2447 1189 2486; x_wconf 88' lang='lat' dir='ltr'>Ed.</span> <span class='ocrx_word' id='word_1_302' title='bbox 1210 2448 1331 2497; x_wconf 78' lang='lat' dir='ltr'>expel-</span> <span class='ocrx_word' id='word_1_303' title='bbox 1404 2448 1442 2484; x_wconf 86' lang='lat'>&amp;</span> <span class='ocrx_word' id='word_1_304' title='bbox 1464 2447 1681 2486; x_wconf 81' lang='lat' dir='ltr'>Ptolomaeo</span> <span class='ocrx_word' id='word_1_305' title='bbox 1701 2447 1747 2486; x_wconf 86' lang='lat' dir='ltr'>de</span> <span class='ocrx_word' id='word_1_306' title='bbox 1769 2447 1891 2496; x_wconf 78' lang='lat' dir='ltr'>Amiso</span> <span class='ocrx_word' id='word_1_307' title='bbox 1905 2446 2124 2490; x_wconf 86' lang='lat' dir='ltr'>scribuntur,</span> <span class='ocrx_word' id='word_1_308' title='bbox 2146 2446 2297 2495; x_wconf 85' lang='lat' dir='ltr'>Appiani</span> <span class='ocrx_word' id='word_1_309' title='bbox 2314 2445 2425 2484; x_wconf 84' lang='lat' dir='ltr'>histo-</span> 
     </span>
     <span class='ocr_line' id='line_1_30' title="bbox 299 2495 2423 2556; baseline -0.006 -10"><span class='ocrx_word' id='word_1_310' title='bbox 299 2510 380 2547; x_wconf 88' lang='lat' dir='ltr'>lunt</span> <span class='ocrx_word' id='word_1_311' title='bbox 397 2508 467 2556; x_wconf 80' lang='lat' dir='ltr'>ipsa</span> <span class='ocrx_word' id='word_1_312' title='bbox 488 2508 526 2545; x_wconf 86' lang='lat' dir='ltr'>id</span> <span class='ocrx_word' id='word_1_313' title='bbox 549 2536 559 2552; x_wconf 93' lang='lat'>‚</span> <span class='ocrx_word' id='word_1_314' title='bbox 598 2508 636 2544; x_wconf 89' lang='lat'>&amp;</span> <span class='ocrx_word' id='word_1_315' title='bbox 662 2504 810 2556; x_wconf 85' lang='lat' dir='ltr'>quidem</span> <span class='ocrx_word' id='word_1_316' title='bbox 843 2503 941 2541; x_wconf 80' lang='lat' dir='ltr'>salvo</span> <span class='ocrx_word' id='word_1_317' title='bbox 963 2499 1077 2539; x_wconf 88' lang='lat' dir='ltr'>sensu.</span> <span class='ocrx_word' id='word_1_318' title='bbox 1103 2500 1173 2538; x_wconf 82' lang='lat' dir='ltr'>Cui</span> <span class='ocrx_word' id='word_1_319' title='bbox 1193 2499 1293 2536; x_wconf 86' lang='lat' dir='ltr'>enim</span> <span class='ocrx_word' id='word_1_320' title='bbox 1317 2527 1328 2544; x_wconf 90' lang='lat'>‚</span> <span class='ocrx_word' id='word_1_321' title='bbox 1399 2499 1444 2536; x_wconf 86' lang='lat' dir='ltr'>ria</span> <span class='ocrx_word' id='word_1_322' title='bbox 1467 2500 1631 2536; x_wconf 87' lang='lat' dir='ltr'>contenti</span> <span class='ocrx_word' id='word_1_323' title='bbox 1651 2499 1795 2537; x_wconf 85' lang='lat' dir='ltr'>erimus.</span> <span class='ocrx_word' id='word_1_324' title='bbox 1824 2496 2005 2540; x_wconf 83' lang='lat' dir='ltr'>Lucullus,</span> <span class='ocrx_word' id='word_1_325' title='bbox 2028 2497 2167 2546; x_wconf 83' lang='lat' dir='ltr'>inquit,</span> <span class='ocrx_word' id='word_1_326' title='bbox 2186 2496 2236 2533; x_wconf 81' lang='lat' dir='ltr'>ad</span> <span class='ocrx_word' id='word_1_327' title='bbox 2259 2495 2423 2534; x_wconf 87' lang='lat' dir='ltr'>Amisum</span> 
     </span>
     <span class='ocr_line' id='line_1_31' title="bbox 301 2546 2425 2610; baseline -0.008 -12"><span class='ocrx_word' id='word_1_328' title='bbox 301 2560 365 2610; x_wconf 89' lang='lat' dir='ltr'>qui</span> <span class='ocrx_word' id='word_1_329' title='bbox 385 2557 636 2596; x_wconf 86' lang='lat' dir='ltr'>antecedentia</span> <span class='ocrx_word' id='word_1_330' title='bbox 655 2557 779 2606; x_wconf 82' lang='lat' dir='ltr'>legerit</span> <span class='ocrx_word' id='word_1_331' title='bbox 799 2583 811 2600; x_wconf 89' lang='lat'>‚</span> <span class='ocrx_word' id='word_1_332' title='bbox 843 2554 1012 2602; x_wconf 88' lang='lat' dir='ltr'>ignotum</span> <span class='ocrx_word' id='word_1_333' title='bbox 1036 2550 1078 2589; x_wconf 83' lang='lat' dir='ltr'>fit</span> <span class='ocrx_word' id='word_1_334' title='bbox 1099 2578 1110 2595; x_wconf 93' lang='lat'><strong>‚</strong></span> <span class='ocrx_word' id='word_1_335' title='bbox 1152 2549 1332 2598; x_wconf 82' lang='lat' dir='ltr'>Sinopen·</span> <span class='ocrx_word' id='word_1_336' title='bbox 1392 2550 1503 2599; x_wconf 85' lang='lat' dir='ltr'>supra</span> <span class='ocrx_word' id='word_1_337' title='bbox 1521 2549 1662 2599; x_wconf 83' lang='lat' dir='ltr'>Sinopen</span> <span class='ocrx_word' id='word_1_338' title='bbox 1681 2548 1792 2597; x_wconf 88' lang='lat' dir='ltr'><em>castra</em></span> <span class='ocrx_word' id='word_1_339' title='bbox 1806 2549 1917 2598; x_wconf 83' lang='lat' dir='ltr'>posuit</span> <span class='ocrx_word' id='word_1_340' title='bbox 1937 2575 1948 2593; x_wconf 91' lang='lat'>,</span> <span class='ocrx_word' id='word_1_341' title='bbox 1969 2557 2012 2586; x_wconf 65' lang='lat' dir='ltr'>w·</span> <span class='ocrx_word' id='word_1_342' title='bbox 2033 2546 2163 2584; x_wconf 70' lang='lat' dir='ltr'>civibus</span> <span class='ocrx_word' id='word_1_343' title='bbox 2175 2554 2234 2595; x_wconf 82' lang='lat' dir='ltr'>per</span> <span class='ocrx_word' id='word_1_344' title='bbox 2252 2557 2348 2583; x_wconf 85' lang='lat' dir='ltr'>mare</span> <span class='ocrx_word' id='word_1_345' title='bbox 2359 2546 2425 2590; x_wconf 86' lang='lat' dir='ltr'>su-</span> 
     </span>
     <span class='ocr_line' id='line_1_32' title="bbox 300 2594 2426 2656; baseline -0.008 -6"><span class='ocrx_word' id='word_1_346' title='bbox 300 2613 376 2650; x_wconf 87' lang='lat' dir='ltr'>sem</span> <span class='ocrx_word' id='word_1_347' title='bbox 399 2609 583 2647; x_wconf 82' lang='lat' dir='ltr'>coloniam</span> <span class='ocrx_word' id='word_1_348' title='bbox 603 2607 804 2656; x_wconf 82' lang='lat' dir='ltr'>efle‚quae</span> <span class='ocrx_word' id='word_1_349' title='bbox 824 2605 860 2643; x_wconf 92' lang='lat' dir='ltr'>id</span> <span class='ocrx_word' id='word_1_350' title='bbox 883 2603 1036 2642; x_wconf 87' lang='lat' dir='ltr'>voluerit</span> <span class='ocrx_word' id='word_1_351' title='bbox 1053 2600 1343 2650; x_wconf 42' lang='lat' dir='ltr'>adsequifidquef</span> <span class='ocrx_word' id='word_1_352' title='bbox 1399 2600 1570 2648; x_wconf 84' lang='lat' dir='ltr'>gientibus</span> <span class='ocrx_word' id='word_1_353' title='bbox 1590 2628 1601 2646; x_wconf 92' lang='lat'><strong>,</strong></span> <span class='ocrx_word' id='word_1_354' title='bbox 1639 2613 1716 2638; x_wconf 89' lang='lat' dir='ltr'>cum</span> <span class='ocrx_word' id='word_1_355' title='bbox 1746 2598 1961 2648; x_wconf 83' lang='lat' dir='ltr'>intellexiffet</span> <span class='ocrx_word' id='word_1_356' title='bbox 1989 2609 2074 2634; x_wconf 83' lang='lat' dir='ltr'>eam·</span> <span class='ocrx_word' id='word_1_357' title='bbox 2096 2595 2213 2632; x_wconf 76' lang='lat' dir='ltr'>urbem</span> <span class='ocrx_word' id='word_1_358' title='bbox 2241 2595 2286 2630; x_wconf 85' lang='lat' dir='ltr'>ab</span> <span class='ocrx_word' id='word_1_359' title='bbox 2306 2594 2426 2633; x_wconf 84' lang='lat' dir='ltr'>Athe·</span> 
     </span>
     <span class='ocr_line' id='line_1_33' title="bbox 301 2644 2424 2710; baseline -0.008 -10"><span class='ocrx_word' id='word_1_360' title='bbox 301 2662 416 2710; x_wconf 86' lang='lat' dir='ltr'>ipsum</span> <span class='ocrx_word' id='word_1_361' title='bbox 439 2658 510 2699; x_wconf 83' lang='lat' dir='ltr'>effe</span> <span class='ocrx_word' id='word_1_362' title='bbox 526 2670 658 2707; x_wconf 79' lang='lat' dir='ltr'>aquam</span> <span class='ocrx_word' id='word_1_363' title='bbox 679 2657 888 2707; x_wconf 84' lang='lat' dir='ltr'>perducere.</span> <span class='ocrx_word' id='word_1_364' title='bbox 916 2655 956 2693; x_wconf 89' lang='lat' dir='ltr'>In</span> <span class='ocrx_word' id='word_1_365' title='bbox 976 2654 1047 2692; x_wconf 78' lang='lat' dir='ltr'>sola</span> <span class='ocrx_word' id='word_1_366' title='bbox 1059 2652 1333 2691; x_wconf 87' lang='lat' dir='ltr'>Minoishaeret</span> <span class='ocrx_word' id='word_1_367' title='bbox 1405 2651 1576 2701; x_wconf 67' lang='lat' dir='ltr'>mensibus</span> <span class='ocrx_word' id='word_1_368' title='bbox 1589 2681 1597 2692; x_wconf 82' lang='grc'>,</span> <span class='ocrx_word' id='word_1_369' title='bbox 1626 2651 1712 2688; x_wconf 85' lang='lat' dir='ltr'>dum</span> <span class='ocrx_word' id='word_1_370' title='bbox 1733 2649 1827 2687; x_wconf 81' lang='lat' dir='ltr'>mari</span> <span class='ocrx_word' id='word_1_371' title='bbox 1847 2648 2084 2699; x_wconf 80' lang='lat' dir='ltr'>imperitarent</span> <span class='ocrx_word' id='word_1_372' title='bbox 2104 2673 2117 2689; x_wconf 91' lang='lat'><em>,</em></span> <span class='ocrx_word' id='word_1_373' title='bbox 2142 2644 2316 2681; x_wconf 78' lang='lat' dir='ltr'>conditam</span> <span class='ocrx_word' id='word_1_374' title='bbox 2329 2646 2424 2695; x_wconf 86' lang='lat' dir='ltr'>fuis-</span> 
     </span>
     <span class='ocr_line' id='line_1_34' title="bbox 301 2693 2424 2763; baseline -0.008 -12"><span class='ocrx_word' id='word_1_375' title='bbox 301 2713 441 2763; x_wconf 69' lang='lat' dir='ltr'>exftqui</span> <span class='ocrx_word' id='word_1_376' title='bbox 453 2723 520 2761; x_wconf 90' lang='lat' dir='ltr'>pro</span> <span class='ocrx_word' id='word_1_377' title='bbox 541 2710 705 2760; x_wconf 77' lang='lat' dir='ltr'>adsequi,</span> <span class='ocrx_word' id='word_1_378' title='bbox 732 2708 853 2746; x_wconf 84' lang='lat' dir='ltr'>nescio</span> <span class='ocrx_word' id='word_1_379' title='bbox 869 2719 914 2744; x_wconf 86' lang='lat' dir='ltr'>ex</span> <span class='ocrx_word' id='word_1_380' title='bbox 935 2705 1114 2744; x_wconf 86' lang='lat' dir='ltr'>destinato</span> <span class='ocrx_word' id='word_1_381' title='bbox 1130 2715 1175 2741; x_wconf 85' lang='lat' dir='ltr'>an</span> <span class='ocrx_word' id='word_1_382' title='bbox 1198 2713 1334 2748; x_wconf 89' lang='lat' dir='ltr'>errore,</span> <span class='ocrx_word' id='word_1_383' title='bbox 1399 2703 1433 2751; x_wconf 77' lang='lat' dir='ltr'>se</span> <span class='ocrx_word' id='word_1_384' title='bbox 1456 2730 1468 2746; x_wconf 89' lang='lat'>‚</span> <span class='ocrx_word' id='word_1_385' title='bbox 1503 2715 1549 2743; x_wconf 64' lang='grc' dir='ltr'>ω’</span> <span class='ocrx_word' id='word_1_386' title='bbox 1577 2702 1706 2740; x_wconf 82' lang='lat' dir='ltr'>diutius</span> <span class='ocrx_word' id='word_1_387' title='bbox 1737 2700 1890 2751; x_wconf 77' lang='lat' dir='ltr'>populari</span> <span class='ocrx_word' id='word_1_388' title='bbox 1923 2697 2089 2735; x_wconf 78' lang='lat' dir='ltr'>civilitate</span> <span class='ocrx_word' id='word_1_389' title='bbox 2117 2693 2245 2750; x_wconf 16' lang='lat' dir='ltr'>usiam),</span> <span class='ocrx_word' id='word_1_390' title='bbox 2274 2694 2424 2743; x_wconf 84' lang='lat' dir='ltr'>subinde</span> 
     </span>
     <span class='ocr_line' id='line_1_35' title="bbox 301 2746 2422 2813; baseline -0.009 -12"><span class='ocrx_word' id='word_1_391' title='bbox 301 2765 404 2813; x_wconf 89' lang='lat' dir='ltr'>quod</span> <span class='ocrx_word' id='word_1_392' title='bbox 430 2774 547 2812; x_wconf 86' lang='lat' dir='ltr'>paene</span> <span class='ocrx_word' id='word_1_393' title='bbox 566 2760 780 2800; x_wconf 84' lang='lat' dir='ltr'>crediderim</span> <span class='ocrx_word' id='word_1_394' title='bbox 805 2787 816 2804; x_wconf 93' lang='lat'>,</span> <span class='ocrx_word' id='word_1_395' title='bbox 853 2759 1031 2809; x_wconf 85' lang='lat' dir='ltr'>quoniam</span> <span class='ocrx_word' id='word_1_396' title='bbox 1059 2754 1144 2793; x_wconf 88' lang='lat' dir='ltr'>illud</span> <span class='ocrx_word' id='word_1_397' title='bbox 1176 2754 1332 2792; x_wconf 86' lang='lat' dir='ltr'>alterum</span> <span class='ocrx_word' id='word_1_398' title='bbox 1404 2754 1592 2803; x_wconf 64' lang='lat' dir='ltr'>Petfarum</span> <span class='ocrx_word' id='word_1_399' title='bbox 1610 2751 1752 2800; x_wconf 68' lang='lat' dir='ltr'>paruiſje</span> <span class='ocrx_word' id='word_1_400' title='bbox 1770 2750 1900 2799; x_wconf 79' lang='lat' dir='ltr'>regibus</span> <span class='ocrx_word' id='word_1_401' title='bbox 1922 2776 1932 2793; x_wconf 89' lang='lat'><strong>,</strong></span> <span class='ocrx_word' id='word_1_402' title='bbox 1967 2746 2075 2783; x_wconf 78' lang='lat' dir='ltr'>denuo</span> <span class='ocrx_word' id='word_1_403' title='bbox 2110 2757 2191 2781; x_wconf 81' lang='lat' dir='ltr'>vero</span> <span class='ocrx_word' id='word_1_404' title='bbox 2216 2756 2257 2802; x_wconf 41' lang='lat' dir='ltr'>m·</span> <span class='ocrx_word' id='word_1_405' title='bbox 2275 2746 2422 2785; x_wconf 83' lang='lat' dir='ltr'>eandem</span> 
     </span>
     <span class='ocr_line' id='line_1_36' title="bbox 300 2794 2423 2858; baseline -0.008 -6"><span class='ocrx_word' id='word_1_406' title='bbox 300 2821 440 2853; x_wconf 81' lang='lat' dir='ltr'>tueatur</span> <span class='ocrx_word' id='word_1_407' title='bbox 461 2812 756 2855; x_wconf 81' lang='lat' dir='ltr'>Casauboniana,</span> <span class='ocrx_word' id='word_1_408' title='bbox 782 2821 893 2858; x_wconf 89' lang='lat' dir='ltr'>quam</span> <span class='ocrx_word' id='word_1_409' title='bbox 914 2816 1039 2847; x_wconf 85' lang='lat' dir='ltr'>tamen</span> <span class='ocrx_word' id='word_1_410' title='bbox 1056 2806 1111 2844; x_wconf 84' lang='lat' dir='ltr'>illa</span> <span class='ocrx_word' id='word_1_411' title='bbox 1131 2805 1336 2854; x_wconf 87' lang='lat' dir='ltr'>usquequa·</span> <span class='ocrx_word' id='word_1_412' title='bbox 1404 2804 1652 2842; x_wconf 87' lang='lat' dir='ltr'>democratiam</span> <span class='ocrx_word' id='word_1_413' title='bbox 1675 2801 1868 2847; x_wconf 81' lang='lat' dir='ltr'>restitutam</span> <span class='ocrx_word' id='word_1_414' title='bbox 1897 2797 1942 2834; x_wconf 83' lang='lat' dir='ltr'>ab</span> <span class='ocrx_word' id='word_1_415' title='bbox 1968 2794 2176 2850; x_wconf 62' lang='lat' dir='ltr'>Alexfaudro</span> <span class='ocrx_word' id='word_1_416' title='bbox 2198 2822 2208 2838; x_wconf 91' lang='lat'><em>,</em></span> <span class='ocrx_word' id='word_1_417' title='bbox 2244 2806 2371 2833; x_wconf 73' lang='lat' dir='ltr'>iterum</span> <span class='ocrx_word' id='word_1_418' title='bbox 2399 2810 2423 2835; x_wconf 84' lang='lat' dir='ltr'><em>a</em></span> 
     </span>
     <span class='ocr_line' id='line_1_37' title="bbox 302 2845 2426 2913; baseline -0.011 -12"><span class='ocrx_word' id='word_1_419' title='bbox 302 2875 374 2911; x_wconf 86' lang='lat' dir='ltr'>que</span> <span class='ocrx_word' id='word_1_420' title='bbox 391 2865 489 2913; x_wconf 88' lang='lat' dir='ltr'>sequi</span> <span class='ocrx_word' id='word_1_421' title='bbox 509 2865 607 2902; x_wconf 86' lang='lat' dir='ltr'>solet.</span> <span class='ocrx_word' id='word_1_422' title='bbox 635 2863 717 2900; x_wconf 86' lang='lat' dir='ltr'>Nec</span> <span class='ocrx_word' id='word_1_423' title='bbox 737 2861 888 2900; x_wconf 75' lang='lat' dir='ltr'>diffitear</span> <span class='ocrx_word' id='word_1_424' title='bbox 913 2888 923 2905; x_wconf 93' lang='lat'><em>‚</em></span> <span class='ocrx_word' id='word_1_425' title='bbox 959 2860 994 2898; x_wconf 89' lang='lat' dir='ltr'>se</span> <span class='ocrx_word' id='word_1_426' title='bbox 1023 2857 1110 2895; x_wconf 87' lang='lat' dir='ltr'>mihi</span> <span class='ocrx_word' id='word_1_427' title='bbox 1138 2857 1226 2895; x_wconf 91' lang='lat' dir='ltr'>olim</span> <span class='ocrx_word' id='word_1_428' title='bbox 1249 2868 1336 2905; x_wconf 89' lang='lat' dir='ltr'>pro·</span> <span class='ocrx_word' id='word_1_429' title='bbox 1406 2855 1554 2893; x_wconf 84' lang='lat' dir='ltr'>Ponticis</span> <span class='ocrx_word' id='word_1_430' title='bbox 1574 2853 1778 2901; x_wconf 64' lang='lat' dir='ltr'>fubanam.</span> <span class='ocrx_word' id='word_1_431' title='bbox 1805 2849 1900 2887; x_wconf 75' lang='lat' dir='ltr'>urbis</span> <span class='ocrx_word' id='word_1_432' title='bbox 1909 2847 2038 2903; x_wconf 70' lang='lat' dir='ltr'>firtem</span> <span class='ocrx_word' id='word_1_433' title='bbox 2056 2845 2240 2891; x_wconf 72' lang='lat' dir='ltr'>mtseratus</span> <span class='ocrx_word' id='word_1_434' title='bbox 2259 2847 2426 2885; x_wconf 82' lang='lat' dir='ltr'>Alexan-</span> 
     </span>
     <span class='ocr_line' id='line_1_38' title="bbox 303 2893 2424 2964; baseline -0.009 -14"><span class='ocrx_word' id='word_1_435' title='bbox 303 2913 396 2952; x_wconf 72' lang='lat' dir='ltr'>batte</span> <span class='ocrx_word' id='word_1_436' title='bbox 424 2914 513 2951; x_wconf 85' lang='lat' dir='ltr'>istud</span> <span class='ocrx_word' id='word_1_437' title='bbox 541 2915 672 2964; x_wconf 81' lang='lat' dir='ltr'>exsequi</span> <span class='ocrx_word' id='word_1_438' title='bbox 696 2941 707 2956; x_wconf 87' lang='lat'><strong>‚</strong></span> <span class='ocrx_word' id='word_1_439' title='bbox 745 2911 939 2962; x_wconf 89' lang='lat' dir='ltr'>quomodo</span> <span class='ocrx_word' id='word_1_440' title='bbox 977 2909 1149 2957; x_wconf 87' lang='lat' dir='ltr'>accipitur</span> <span class='ocrx_word' id='word_1_441' title='bbox 1183 2909 1220 2945; x_wconf 92' lang='lat' dir='ltr'>in</span> <span class='ocrx_word' id='word_1_442' title='bbox 1252 2908 1337 2945; x_wconf 86' lang='lat' dir='ltr'>Liv.</span> <span class='ocrx_word' id='word_1_443' title='bbox 1407 2905 1463 2942; x_wconf 88' lang='lat' dir='ltr'>dri</span> <span class='ocrx_word' id='word_1_444' title='bbox 1481 2905 1519 2943; x_wconf 84' lang='lat' dir='ltr'>in</span> <span class='ocrx_word' id='word_1_445' title='bbox 1539 2901 1815 2946; x_wconf 79' lang='lat' dir='ltr'>mortem,cuius</span> <span class='ocrx_word' id='word_1_446' title='bbox 1829 2893 2316 2954; x_wconf 39' lang='lat' dir='ltr'>glortam·aemteiabatur‚ey</span> <span class='ocrx_word' id='word_1_447' title='bbox 2335 2899 2424 2949; x_wconf 71' lang='lat' dir='ltr'>quod</span> 
     </span>
     <span class='ocr_line' id='line_1_39' title="bbox 304 2944 2424 3013; baseline -0.006 -13"><span class='ocrx_word' id='word_1_448' title='bbox 304 2963 385 3000; x_wconf 86' lang='lat' dir='ltr'>Lib.</span> <span class='ocrx_word' id='word_1_449' title='bbox 406 2963 520 3002; x_wconf 85' lang='lat' dir='ltr'>XXX.</span> <span class='ocrx_word' id='word_1_450' title='bbox 547 2977 623 3013; x_wconf 78' lang='lat' dir='ltr'>cap.</span> <span class='ocrx_word' id='word_1_451' title='bbox 646 2964 715 3001; x_wconf 80' lang='lat' dir='ltr'>IV.</span> <span class='ocrx_word' id='word_1_452' title='bbox 742 2969 801 3001; x_wconf 81' lang='lat' dir='ltr'>Ita</span> <span class='ocrx_word' id='word_1_453' title='bbox 817 2964 909 3002; x_wconf 87' lang='lat' dir='ltr'>tollit</span> <span class='ocrx_word' id='word_1_454' title='bbox 936 2961 1096 3002; x_wconf 67' lang='lat' dir='ltr'>inducias</span> <span class='ocrx_word' id='word_1_455' title='bbox 1117 2988 1127 3004; x_wconf 95' lang='lat'>‚</span> <span class='ocrx_word' id='word_1_456' title='bbox 1167 2958 1342 2997; x_wconf 25' lang='lat' dir='ltr'>utsslibera·</span> <span class='ocrx_word' id='word_1_457' title='bbox 1403 2968 1508 3005; x_wconf 84' lang='lat' dir='ltr'>genus</span> <span class='ocrx_word' id='word_1_458' title='bbox 1527 2955 1600 3004; x_wconf 81' lang='lat' dir='ltr'>esset</span> <span class='ocrx_word' id='word_1_459' title='bbox 1621 2953 1805 3005; x_wconf 63' lang='lat' dir='ltr'>Atticum.</span> <span class='ocrx_word' id='word_1_460' title='bbox 1822 2949 1895 2997; x_wconf 73' lang='lat' dir='ltr'>suu</span> <span class='ocrx_word' id='word_1_461' title='bbox 1910 2944 2040 3002; x_wconf 40' lang='lat' dir='ltr'>&#39;legibus</span> <span class='ocrx_word' id='word_1_462' title='bbox 2062 2959 2181 2984; x_wconf 75' lang='lat' dir='ltr'>vivere</span> <span class='ocrx_word' id='word_1_463' title='bbox 2201 2946 2303 2995; x_wconf 75' lang='lat' dir='ltr'>Juffi&#39;t.</span> <span class='ocrx_word' id='word_1_464' title='bbox 2339 2951 2424 2987; x_wconf 75' lang='lat' dir='ltr'>CA-</span> 
     </span>
     <span class='ocr_line' id='line_1_40' title="bbox 296 2995 2424 3064; baseline -0.008 -10"><span class='ocrx_word' id='word_1_465' title='bbox 296 3014 370 3064; x_wconf 77' lang='lat' dir='ltr'>fide-</span> <span class='ocrx_word' id='word_1_466' title='bbox 388 3016 527 3059; x_wconf 84' lang='lat' dir='ltr'>incepta</span> <span class='ocrx_word' id='word_1_467' title='bbox 554 3015 821 3063; x_wconf 78' lang='lat' dir='ltr'>exsequeretur.</span> <span class='ocrx_word' id='word_1_468' title='bbox 854 3013 917 3052; x_wconf 86' lang='lat' dir='ltr'>sed</span> <span class='ocrx_word' id='word_1_469' title='bbox 942 3015 978 3051; x_wconf 85' lang='lat' dir='ltr'>in</span> <span class='ocrx_word' id='word_1_470' title='bbox 1009 3019 1177 3057; x_wconf 87' lang='lat' dir='ltr'>ternpore</span> <span class='ocrx_word' id='word_1_471' title='bbox 1201 3008 1334 3050; x_wconf 84' lang='lat' dir='ltr'>didici,-</span> <span class='ocrx_word' id='word_1_472' title='bbox 1407 3017 1520 3042; x_wconf 76' lang='lat' dir='ltr'>TAN.</span> <span class='ocrx_word' id='word_1_473' title='bbox 1571 3004 1695 3041; x_wconf 87' lang='lat' dir='ltr'>Immo</span> <span class='ocrx_word' id='word_1_474' title='bbox 1730 3007 1849 3047; x_wconf 77' lang='lat' dir='ltr'>potius</span> <span class='ocrx_word' id='word_1_475' title='bbox 1882 2995 2057 3034; x_wconf 79' lang='lat' dir='ltr'>videndus</span> <span class='ocrx_word' id='word_1_476' title='bbox 2087 2997 2139 3034; x_wconf 87' lang='lat' dir='ltr'>est</span> <span class='ocrx_word' id='word_1_477' title='bbox 2158 2996 2366 3038; x_wconf 79' lang='lat' dir='ltr'>Plutarchus</span> <span class='ocrx_word' id='word_1_478' title='bbox 2387 3002 2424 3038; x_wconf 87' lang='lat' dir='ltr'>in</span> 
     </span>
    </p>
   </div>
   <div class='ocr_carea' id='block_1_8' title="bbox 301 3045 2431 3150">
    <p class='ocr_par' dir='ltr' id='par_1_15' title="bbox 301 3045 2431 3150">
     <span class='ocr_line' id='line_1_41' title="bbox 301 3045 2431 3137; baseline -0.009 -31"><span class='ocrx_word' id='word_1_479' title='bbox 301 3076 379 3106; x_wconf 72' lang='lat' dir='ltr'>non</span> <span class='ocrx_word' id='word_1_480' title='bbox 403 3063 476 3106; x_wconf 84' lang='lat' dir='ltr'>effe</span> <span class='ocrx_word' id='word_1_481' title='bbox 494 3062 752 3104; x_wconf 85' lang='lat' dir='ltr'>sollicitandam</span> <span class='ocrx_word' id='word_1_482' title='bbox 763 3072 949 3114; x_wconf 84' lang='lat' dir='ltr'>receptam</span> <span class='ocrx_word' id='word_1_483' title='bbox 965 3061 1176 3102; x_wconf 66' lang='lat' dir='ltr'>leffionem.</span> <span class='ocrx_word' id='word_1_484' title='bbox 1202 3059 1336 3099; x_wconf 87' lang='lat' dir='ltr'>Plinius</span> <span class='ocrx_word' id='word_1_485' title='bbox 1401 3053 1586 3099; x_wconf 88' lang='lat' dir='ltr'>Lucullo,</span> <span class='ocrx_word' id='word_1_486' title='bbox 1613 3050 1709 3090; x_wconf 87' lang='lat' dir='ltr'>unde</span> <span class='ocrx_word' id='word_1_487' title='bbox 1726 3049 1788 3088; x_wconf 83' lang='lat' dir='ltr'>iste</span> <span class='ocrx_word' id='word_1_488' title='bbox 1809 3048 1866 3087; x_wconf 80' lang='lat' dir='ltr'>sua</span> <span class='ocrx_word' id='word_1_489' title='bbox 1886 3045 2050 3086; x_wconf 83' lang='lat' dir='ltr'>hauserit.</span> <span class='ocrx_word' id='word_1_490' title='bbox 2074 3047 2183 3087; x_wconf 89' lang='lat' dir='ltr'>Adde</span> <span class='ocrx_word' id='word_1_491' title='bbox 2200 3049 2431 3137; x_wconf 57' lang='lat' dir='ltr'>Ciceronen}&gt;</span> 
     </span>
     <span class='ocr_line' id='line_1_42' title="bbox 2365 3112 2398 3150; baseline 0 -14"><span class='ocrx_word' id='word_1_492' title='bbox 2365 3112 2398 3150; x_wconf 68' lang='lat' dir='ltr'>pl</span> 
     </span>
    </p>
   </div>
   <div class='ocr_carea' id='block_1_9' title="bbox 1455 2013 1648 2023">
    <p class='ocr_par' dir='ltr' id='par_1_16' title="bbox 1455 2013 1648 2023">
     <span class='ocr_line' id='line_1_43' title="bbox 1455 2013 1648 2023; baseline 0 0"><span class='ocrx_word' id='word_1_493' title='bbox 1455 2013 1648 2023; x_wconf 95' lang='lat' dir='ltr'> </span> 
     </span>
    </p>
   </div>
   <div class='ocr_carea' id='block_1_10' title="bbox 2560 0 2616 1413">
    <p class='ocr_par' dir='ltr' id='par_1_17' title="bbox 2560 0 2616 1413">
     <span class='ocr_line' id='line_1_44' title="bbox 2560 0 2616 1413; baseline 0 0"><span class='ocrx_word' id='word_1_494' title='bbox 2560 0 2616 1413; x_wconf 95' lang='lat' dir='ltr'> </span> 
     </span>
    </p>
   </div>
  </div>
 </body>
</html>
