2616 3686
315 193 394 241 -14
538 178 1050 228 C.PLINII
1120 177 2209 232 CAECIL-IISECUNDI

326 257 487 322 serat,
526 276 538 296 ¹
575 277 733 330 quam
770 260 862 318 sub
891 261 1109 316 Nerone
1132 297 1146 320 ,
1200 259 1292 313 sed
1319 254 1334 272 ²
1361 257 1600 311 teftiora.
1672 255 1873 326 Coepit
1900 264 2074 316 vereri
2098 280 2165 317 ne
2199 264 2290 321 fibi
2328 263 2430 327 ira2

324 329 527 385 scerer:
569 349 669 385 nec
693 331 967 385 fallebatur
991 369 1004 393 ,
1047 329 1319 384 irascebar.
1373 349 1387 374 ε
1417 328 1619 382 Rustici
1648 329 1871 382 Aruleni
1896 335 2188 400 periculum
2224 346 2241 370 ⁴
2275 337 2424 397 fove..

326 417 434 466 rat,
475 405 803 458 exultaverat
839 416 1016 456 morte
1047 441 1064 465 ,
1113 401 1252 454 adeo
1296 416 1356 454 ut
1391 398 1586 454 librum
1625 402 1874 454 recitaret
1898 405 2330 481 publicaretque,
2368 416 2421 470 in

327 493 437 547 quo
472 476 752 530 Rusticum
790 474 1103 538 inseciatur,
1147 488 1310 545 atque
1345 473 1506 526 etiam
1555 473 1568 500 ⁵
1601 470 1888 527 Stoicorum
1925 475 2133 540 stmiam
2179 486 2421 554 appellat,

327 546 531 617 Adjicit
557 548 574 571 ⁶
600 547 884 604 Vitelli-ana
911 549 1162 602 cicatrice
1186 546 1511 616 stigmosum.
1590 545 1853 616 Agnoscis
1878 545 1893 571 ⁷
1918 548 2282 620 eloquentiam
2310 557 2419 614 Re-

325 623 452 690 guli.
507 619 737 676 Lacerat
781 616 797 641 ³
837 621 1182 675 Herennium
1207 620 1562 674 Senecionem
1585 631 1696 672 vtam
1722 619 2143 691 intemperanter
2170 626 2418 698 quidem,

326 707 384 747 ut
412 694 611 752 dixerit
637 696 684 746 ei
711 693 727 716 ⁹
767 695 972 748 Metius
1010 693 1219 755 Carus;
1263 693 1294 713 ¹⁰
1319 691 1583 767 Qcidtihi
1597 709 1709 745 cum
1723 692 2127 749 meis-mortuis?
2165 695 2427 772 quuid

330 783 416 840 ego
438 777 531 818 aut
562 776 589 798 ¹¹
615 766 788 834 Craffo
815 780 912 821 ant
940 767 1215 821 Camerino
1247 763 1479 837 molestus
1504 765 1625 834 firm
1651 764 1676 819 ‚2
1715 782 1850 837 quos
1874 765 1958 819 ille
1990 767 2080 821 sub
2105 769 2323 826 Nerone
2338 793 2420 829 ae.

329 840 611 895 cusaverar.
650 839 809 895 Haec
839 859 925 897 me
959 841 1204 912 Regulus
1232 837 1667 895 dolentertuliffe
1682 837 1964 893 credebat:
2007 845 2038 865 ¹²
2054 859 2229 915 eoque
2259 846 2419 905 etiam

2291 937 2418 978 Cum

377 1027 394 1054 1
426 1016 548 1064 Quam
568 1015 636 1067 sub
657 1017 829 1069 Nerone]
859 1017 959 1057 Vide
979 1018 1048 1057 hac
1058 1017 1103 1058 de
1115 1029 1153 1057 re
1166 1017 1344 1058 Taciturn
1365 1026 1381 1059 ,ί
1401 1028 1487 1053 nam
1507 1016 1700 1055 cicatricem
1720 1015 1763 1054 ad
1777 1026 1899 1055 mores
1913 1045 1924 1062 ‚
1950 1016 2053 1066 quod
2066 1028 2150 1056 cum
2161 1017 2313 1059 Vitellio
2327 1019 2421 1063 con-f

323 1067 480 1116 prolixe.
511 1069 543 1106 C
557 1083 579 1107 Α
594 1081 653 1106 u
667 1082 704 1107 Ν.
1372 1067 1377 1087 ’
1400 1066 1573 1116 spirasset.
1601 1068 1645 1104 M
1677 1067 1825 1106 Tullius
1845 1066 1891 1104 de
1916 1068 2083 1113 Officiis,
2111 1081 2184 1108 non
2195 1070 2388 1121 stigmosum
2402 1083 2418 1105 .-

375 1129 396 1155 2
426 1119 615 1169 Ttaliam]
675 1119 889 1160 Secundum
933 1120 1208 1170 Imperatorum
1240 1123 1346 1170 inge·
1401 1119 1462 1156 sed
1487 1119 1713 1167 stigmatiam
1736 1146 1748 1164 2
1791 1119 1887 1156 nmis
1918 1118 2114 1156 hominem
2148 1124 2417 1170 COfflPfflfflum

323 1169 453 1207 nium:
481 1171 543 1208 sub
577 1172 730 1210 Nerone
758 1173 797 1210 in
829 1174 1025 1222 propatulo
1055 1174 1256 1224 peccabat,
1283 1173 1346 1212 sub
1397 1169 1502 1208 dixir-
1530 1170 1598 1208 CA
1621 1183 1732 1208 τΑ-Ν-
1760 1170 1966 1218 stigmosum
1989 1198 2000 1214 ‚
2027 1178 2218 1220 tamquam
2248 1174 2418 1222 cicatrix,

324 1219 548 1259 Domitiano
563 1249 573 1265 ,
599 1223 777 1260 malitiam
799 1222 1052 1262 dilfimulabar.
1080 1225 1195 1263 [nam.
1367 1216 1373 1270 ξ
1397 1231 1509 1270 quam
1526 1229 1717 1269 acceperat
1735 1219 1900 1259 Rusticus
1916 1248 1924 1262 .
1946 1231 2031 1258 cum
2048 1222 2185 1261 Vitellii
2206 1222 2420 1264 esset·Pr.ae-

377 1282 395 1319 3
444 1272 570 1319 Rustici
599 1272 792 1321 Aruleni.]
824 1274 979 1324 Adjuvit
998 1275 1347 1315 Rusticiaccusatio-
1367 1276 1372 1342 ι
1394 1279 1476 1315 tor,
1505 1283 1571 1321 pro
1590 1272 1755 1321 stigmate
1774 1272 1897 1310 haberi
1920 1271 2069 1311 deberet
2096 1302 2108 1319 ‚
2137 1285 2214 1323 quo
2237 1275 2419 1315 fueritin.

323 1332 411 1359 nem
437 1323 598 1373 Regulus
618 1325 678 1362 sub
696 1325 920 1363 Domitiano
944 1353 956 1370 ,
989 1327 1091 1375 quod
1110 1327 1342 1374 philosopha·
1367 1347 1371 1399 Ι
1394 1322 1490 1361 ustus
1512 1326 1560 1360 ob
1579 1322 1766 1362 servitium
1780 1322 1934 1361 Vitellio
1946 1324 2154 1372 praestitum
2171 1353 2181 1369 ,
2210 1337 2295 1362 cum
2308 1325 2419 1365 habe·

322 1383 442 1425 retur,
472 1375 510 1412 8<
536 1375 941 1419 Thraleamlaudasset‚
972 1380 1168 1428 virumque
1179 1377 1341 1416 sanetum
1366 1402 1370 1418 .
1393 1382 1517 1412 rentur
1536 1374 1628 1412 odio
1643 1403 1653 1419 ,
1671 1376 1735 1424 qui
1753 1374 1924 1413 stetissent
1943 1375 2302 1424 aVitelIiipartibus,
2331 1388 2418 1418 cum

325 1423 487 1462 dixillet:
515 1437 637 1475 neque
659 1428 694 1464 in
716 1427 832 1475 ipsum
851 1429 972 1465 modo
989 1429 1180 1466 auctorem
1198 1457 1209 1472 ‚
1235 1428 1343 1468 sedin
1366 1430 1370 1442 '
1392 1425 1438 1464 ad
1458 1426 1655 1473 imperium
1679 1425 1831 1464 veniffet
1857 1425 2106 1473 Vespasianus.
2135 1427 2193 1466 Sc
2208 1440 2229 1465 Η
2246 1439 2296 1465 Er
2312 1441 2364 1465 rr.
2381 1436 2421 1468 a.

323 1473 433 1512 libros
450 1487 604 1526 quoque
621 1478 697 1526 eius
718 1478 896 1516 saevitum
916 1477 967 1516 est
986 1506 997 1522 ,
1025 1479 1194 1526 delegato
1210 1480 1344 1519 trium·
1366 1449 1370 1513 Ι
1393 1476 1453 1514 Sic
1481 1476 1629 1524 adparet
1652 1505 1662 1521 ‚
1696 1488 1760 1515 cur
1790 1487 1881 1514 mox
1912 1477 2166 1526 eloquentiam
2189 1479 2319 1526 Reguli
2342 1479 2419 1517 irri-

322 1526 408 1563 viris
433 1527 657 1571 ministerio,
686 1538 724 1566 ut
744 1537 990 1568 monumenta
1001 1530 1345 1571 clariffimorumin-
1366 1516 1371 1540 ⁸
1393 1527 1497 1565 deat:
1526 1538 1754 1577 quamquam
1782 1527 1840 1566 alii
1857 1529 1933 1565 hoc
1951 1527 1997 1565 de
2027 1526 2200 1566 inusitato
2232 1527 2415 1569 vocabulo

321 1578 518 1625 geniorum
542 1579 578 1616 in
596 1580 680 1618 foro
700 1589 901 1619 urerentur.
932 1580 984 1618 In
999 1593 1020 1619 Β
1034 1595 1075 1620 m.
1389 1571 1588 1627 stigmvfitm
1607 1589 1738 1626 capere
1760 1578 1900 1615 malint.

381 1641 403 1673 4
431 1629 621 1678 Foverat.]
664 1631 769 1668 I-laec
795 1631 876 1669 sunt
903 1631 1111 1671 delatorum
1145 1631 1259 1671 studia
1281 1631 1344 1670 sub
1443 1640 1463 1675 7
1503 1627 1786 1679 Eloquentiam]
1825 1627 1983 1665 Ironice.
2014 1639 2103 1666 narn
2126 1635 2203 1667 erat
2220 1630 2276 1667 vir
2302 1631 2417 1673 malus

325 1680 546 1728 principibus
574 1680 689 1719 maiis.
744 1681 936 1721 Bonorum
971 1684 1137 1721 virorum
1183 1683 1344 1733 pericula
1397 1678 1544 1718 dicendi
1565 1681 1763 1728 imperitus.
1792 1678 1985 1716 CATAN·
2171 1717 2176 1722 .

316 1731 449 1775 fhvent
470 1757 481 1774 ,
512 1729 549 1768 id
573 1731 620 1768 est
645 1759 654 1776 ,
689 1741 919 1780 promovent
946 1736 984 1771 &
1014 1744 1164 1783 augent.
1218 1734 1344 1772 Exitio
1447 1731 1469 1769 8
1500 1731 1713 1768 Herennium
1738 1728 1989 1776 senecionem]
2024 1730 2098 1767 Hic
2127 1730 2163 1768 in
2191 1731 2335 1770 Baetica
2352 1736 2419 1772 na:

327 1791 405 1818 non
425 1781 603 1819 laetantur
625 1791 790 1827 tantum,
819 1783 878 1821 sed
898 1783 1004 1832 plane
1023 1785 1214 1823 exsultant.
1266 1784 1346 1822 De·
1396 1787 1477 1824 tus,
1506 1783 1544 1819 ὅ(
1574 1781 1622 1819 ibi
1654 1782 1847 1829 Quaestor.
1901 1779 2107 1818 Accusame
2138 1783 2260 1819 Metio
2294 1784 2417 1829 Caro,

327 1833 443 1878 nique
461 1844 508 1869 ne
531 1835 686 1870 mortuis
703 1834 853 1881 quidem
879 1832 1011 1883 quies',
1045 1847 1124 1884 quo
1154 1836 1273 1873 minus
1301 1835 1347 1874 ab
1397 1831 1617 1870 interficitur
1637 1830 1658 1868 ὲ
1680 1831 1925 1875 DomitianO,
1952 1831 2058 1879 quod
2081 1830 2222 1871 nullum
2236 1834 2418 1881 magistra-

327 1881 575 1930 ipfisinfamia
599 1883 844 1927 iudiciorum,
871 1884 1006 1934 scriptis
1034 1888 1145 1925 etiam
1175 1886 1348 1935 quando·
1396 1890 1476 1920 tum
1526 1882 1606 1932 post
1641 1883 1884 1930 Quaesturam
1927 1880 2046 1930 longo
2080 1890 2253 1931 tempore
2289 1885 2418 1928 medio

325 1944 401 1985 que
422 1932 649 1983 adfligantur.
702 1936 922 1974 Senarrsa.
1398 1932 1577 1982 petiisset,
1604 1933 1709 1984 quod
1729 1932 1895 1971 Helvidii
1912 1931 2019 1970 Prisci
2048 1934 2162 1972 vitam
2194 1934 2422 1984 composuit}

382 1999 400 2033 ς
441 1988 627 2023 stoicorum
647 1984 836 2036 fimum]
876 1987 937 2025 Sic
957 1988 1130 2028 Titianus
1147 1987 1348 2038 appellatus
1393 1985 1446 2022 set
1473 2013 1484 2030 ,
1523 1985 1682 2034 acceptis
1725 1983 1746 2021 a
1791 1982 1929 2022 Fannia
1967 1994 2085 2022 uxore
2131 1986 2421 2035 commentariis.

329 2035 379 2072 est
392 2035 500 2084 simia
517 2037 675 2086 temporis
693 2038 858 2088 fuiquod
872 2039 1234 2078 omniaimitaretur:
1263 2051 1349 2078 cum
1394 2035 1450 2073 11>
1466 2049 1485 2074 E
1499 2048 1540 2075 M·

330 2086 432 2124 fimia
458 2085 498 2125 fit
523 2088 659 2125 animal
680 2090 919 2127 imitativum.
943 2090 1133 2128 CATAN.
1162 2091 1239 2129 Cur
1265 2092 1351 2128 Stoi-
1443 2099 1466 2136 9
1498 2089 1628 2126 Metius
1663 2084 1816 2134 Carus.]
1860 2086 1934 2124 Cui
1953 2085 2145 2124 videbatur
2168 2085 2331 2134 Regulus
2352 2088 2418 2126 eit-¹

330 2147 475 2175 corum?
502 2149 580 2176 non
602 2139 720 2177 modo
741 2140 825 2189 quia
846 2140 978 2179 sedam
1000 2153 1080 2178 earn
1095 2142 1266 2186 amabat,
1292 2143 1349 2182 sed
1391 2139 1563 2186 probrare
1581 2151 1716 2178 necem
1741 2137 1955 2175 Senecionis
1973 2165 1982 2179 ‚
2014 2147 2128 2185 quem
2151 2147 2253 2174 reum
2285 2138 2420 2186 impie-j

331 2189 370 2225 δί
390 2190 476 2238 quia
497 2198 572 2226 erat
593 2197 678 2227 ante
697 2199 833 2228 ceteras
852 2190 965 2229 invisa
986 2191 1047 2231 sub
1080 2192 1183 2230 malis
1218 2193 1344 2241 princi
1391 2189 1473 2226 tatis
1490 2189 1526 2228 se
1546 2189 1668 2227 fecisse
1684 2188 1831 2226 testatur
1844 2187 1906 2226 lib·
1930 2187 2004 2224 VII
2025 2186 2239 2232 Secundus,
2268 2188 2305 2225 &
2320 2188 2417 2228 sum-

330 2239 461 2287 pibus‚
485 2247 677 2289 tamquam
707 2242 815 2278 nimis
843 2242 994 2279 inimica
1033 2244 1072 2281 δε
1111 2243 1258 2280 adversa
1294 2245 1350 2282 vi·
1394 2251 1500 2277 mum
1529 2240 1733 2278 delatorem
1761 2237 1823 2276 sub
1851 2237 2073 2276 Domitiano
2096 2266 2107 2284 ,
2155 2239 2339 2284 juvenalis
2377 2239 2417 2280 &

331 2290 389 2327 tiis
404 2318 415 2334 ‚
441 2291 550 2329 nimis
572 2303 698 2330 amans
718 2291 912 2336 libertatis,
940 2293 1100 2341 denique
1124 2293 1347 2342 solisapienti
1389 2290 1581 2329 Martialis.
1609 2290 1675 2328 CA
1690 2303 1714 2328 ‘r
1730 2302 1806 2330 ΑΝ.
1844 2291 2007 2338 Oportet
2026 2290 2134 2337 plane
2150 2290 2333 2338 Regulum
2356 2298 2421 2330 exi

328 2339 396 2378 suo
425 2353 554 2380 verum
586 2344 704 2391 regis,
742 2344 1000 2391 imperatoris,
1037 2344 1182 2382 domini
1203 2355 1347 2383 nomen
1391 2349 1511 2380 treme
1540 2343 1733 2380 inimicum
1764 2351 1991 2391 gravemque
2027 2338 2131 2378 fuisse
2171 2341 2253 2378 viris
2290 2341 2423 2387 bonis,'

329 2391 538 2436 vindicans;
568 2393 727 2443 reliquos
749 2405 883 2431 omnes
904 2403 1074 2444 reputans
1091 2406 1157 2443 pro
1178 2396 1283 2434 servis
1300 2404 1353 2435 at-
1394 2403 1476 2430 cum
1505 2404 1553 2430 ne
1572 2394 1694 2431 Metio
1718 2392 1816 2429 Caro
1837 2391 1986 2442 quidem
2003 2420 2013 2436 ,
2041 2391 2080 2428 ὃς
2110 2390 2175 2439 ipsi
2204 2399 2419 2440 temporum

331 2452 406 2490 que
432 2443 551 2482 stultis.
606 2445 681 2483 Cur
709 2443 848 2491 limiam
871 2455 886 2483 ,Ρ
925 2447 1010 2494 quia
1039 2447 1172 2484 imitari
1193 2447 1351 2485 cultores
1393 2455 1523 2481 eorum
1547 2444 1727 2488 delatori,
1756 2444 1910 2492 probare
1929 2441 1963 2480 se
1992 2442 2154 2491 potuerit
2173 2469 2185 2488 2
2229 2441 2290 2481 sed
2312 2443 2356 2482 ab
2371 2452 2418 2486 ΕΩ

331 2493 412 2531 eius
439 2493 554 2532 seciae
580 2495 719 2534 studeat
753 2496 931 2544 gravitate
961 2497 1082 2540 vitae,
1109 2496 1351 2547 libertateque
1398 2495 1506 2533 fuerit
1528 2494 1773 2543 reprehensus·
1804 2492 1996 2532 Seuere
2013 2506 2086 2531 ει.

332 2543 511 2582 sermonis
536 2572 546 2588 ‚
583 2547 691 2583 faciat
723 2547 759 2584 id
787 2555 910 2584 autem
944 2547 1096 2585 ridicule
1136 2558 1178 2586 ac
1210 2549 1351 2597 inepte.
1449 2558 1493 2583 ¹0
1519 2540 2416 2595 Qidtibicummeismortuis.]Quoniamaccui

332 2595 356 2631 S
370 2607 392 2632 c
409 2608 431 2632 Η
446 2608 495 2633 nr
509 2608 528 2633 ε
544 2608 564 2634 E
579 2609 617 2634 tt.
646 2596 816 2635 Sidonius
840 2598 920 2636 Lib.
942 2598 968 2636 Ι.
994 2598 1103 2647 Epist.
1125 2599 1152 2636 I.
1173 2610 1352 2638 oratorum
1395 2601 1492 2634 lante
1509 2599 1609 2634 Caro
1629 2596 1805 2646 supplicio
1827 2597 1977 2633 fuerunt
1996 2593 2148 2634 adfecti.
2178 2595 2290 2632 Imm.

328 2643 448 2692 fimia.
1451 2659 1491 2685 11
1522 2647 1678 2697 Craffo.]
1707 2647 1843 2684 Pisonis
1866 2647 1998 2688 fratrc.
2028 2644 2174 2694 Regulo
2201 2640 2412 2697 accusa-nte.

389 2697 411 2733 6
441 2698 647 2743 Vitelliam,
675 2700 773 2749 cata]
813 2701 995 2738 Notatum
1017 2700 1186 2738 cicatrice
1210 2714 1256 2739 ex
1275 2703 1351 2740 vul.
1396 2698 1594 2736 interfecto
1629 2698 1649 2735 a
1681 2696 1847 2735 Nerone.
1877 2696 2074 2734 CATAN.
2109 2696 2208 2750 [sege
2234 2690 2353 2747 Tacit.
2385 2691 2414 2730 1.

338 2758 449 2790 nere,
477 2750 578 2799 quod
600 2751 1193 2799 tumultuVitellianoacceperat.
1222 2754 1354 2792 Vic‘tor
1398 2749 1536 2787 Histor.
1553 2761 1631 2798 cap.
1654 2748 1839 2786 XLVIII.
1865 2749 1904 2786 δε
1925 2747 1970 2784 de
1991 2746 2192 2800 Camerino
2213 2739 2318 2780 XIII.
2333 2741 2416 2800 Αῐι-Ζ

339 2807 500 2847 namque
523 2801 688 2840 Vitellius
708 2804 772 2849 (ut
789 2802 907 2840 scribit
926 2803 1105 2848 Tacitus)
1122 2802 1261 2851 legatos
1285 2816 1354 2853 pro
1396 2800 1468 2838 nal.
1501 2811 1580 2850 cap.
1612 2800 1695 2838 LII.
1723 2799 1915 2836 Mediceus
1939 2810 1948 2833 :
1986 2793 2170 2843 Numqusd
2199 2804 2253 2839 ego
2275 2790 2413 2840 Craſjb‚

339 2850 538 2887 concordia
562 2853 597 2887 δε
620 2864 708 2899 pace
723 2853 901 2891 suadenda
932 2853 977 2891 ad
1005 2854 1115 2891 duces
1147 2854 1356 2904 Vespasiani
1397 2860 1461 2888 aut
1490 2852 1700 2894 Camerino,
1728 2846 1863 2888 omisso
1886 2848 2000 2901 astef‘!
2025 2854 2102 2882 ‘⁸¹⁴'-
2174 2895 2180 2900 .

340 2898 460 2939 rnilit.
490 2899 547 2937 sed
580 2905 677 2939 varia
704 2903 910 2951 legatorum
942 2905 1014 2942 sors
1043 2906 1140 2942 fuit:
1179 2917 1264 2943 nam
1289 2908 1353 2955 qui
1452 2913 1493 2941 η
1525 2902 1690 2951 Ideoque
1709 2901 1816 2937 etiam
1837 2910 1913 2933 cum
1934 2893 2054 2942 reem]
2091 2895 2415 2950 Optimae-mem?

335 2949 466 2987 Petilio
487 2950 628 2988 Cereali
647 2963 905 2997 occurrerunt,
933 2965 1140 2992 extremum
1162 2957 1354 2996 discrimen
1397 2953 1551 2991 branae:
1579 2963 1703 2999 eoque
1723 2952 1830 2986 etiam
1853 2975 1863 2990 ‚
1900 2956 2054 2994 quarum
2078 2945 2285 3001 auffifflsssstl
2307 2945 2415 2981 αἰόλ’

339 3001 460 3038 adiere
486 3027 496 3042 ,
546 3001 736 3040 vulnerato
767 3012 933 3049 praetore
975 3007 1139 3042 Aruleno
1182 3008 1354 3053 Rustico,
1399 3015 1479 3040 mus
1494 3000 1638 3040 neceffe
1661 3001 1721 3036 est.
1775 3003 1844 3039 Eo,
1875 3008 1940 3044 pro
1965 2996 2036 3032 ideo
2057 3023 2067 3039 ‚
2101 2996 2223 3033 sslffllb‘
2247 3007 2323 3033 ¹³0ss
2349 2994 2417 3032 Ob·

337 3051 632 3088 auxitinvidiarn
658 3054 905 3102 snperlcgati‚
934 3056 1356 3103 praetorisquenonicn‚
1397 3055 1499 3090 vium
1535 3052 1596 3089 est·
1650 3049 1802 3087 Tacitus
1842 3047 1888 3084 ῘῘ-
1928 3046 2017 3103 Hlst·
2056 3058 2132 3102 ΕῘΊΡ.
2168 3047 2284 3083 LXV·
2319 3058 2417 3082 tam·

335 3104 484 3152 propria
501 3101 663 3151 dignatio
686 3105 762 3141 tiri.
815 3105 904 3141 Sunt
925 3105 987 3153 qni
1008 3106 1166 3143 referant
1199 3108 1353 3146 Vitellia·
1397 3116 1504 3156 quam
1531 3128 1542 3142 .
1568 3129 1578 3142 .
1604 3129 1616 3141 .
1643 3129 1652 3140 .
1683 3098 1897 3149 posseffionem
1938 3099 2191 3148 fltspamarum
2232 3097 2415 3185 tensaffi'tg

2291 3157 2412 3196 coqu,
