2616 3686
283 222 386 271 σω.
501 178 2185 279 C.PL1N11‚CAECILII'SECUNDI

250 311 453 372 zquam
481 311 660 360 me05,
684 294 825 367 lego.
856 309 982 348 nam
1019 289 1074 344 δε
1107 303 1258 343 meos
1297 283 1512 340 invitus.
1595 279 1856 337 Retrafio
1893 283 2076 342 enim-¹
2098 285 2421 350 afflunculas

293 371 583 446 quasdam,
608 370 760 443 quod
782 368 897 443 post
919 361 1386 433 intercapedinem
1412 357 1675 429 temporis
1699 355 1752 410 &
1781 356 2066 429 frigidum,
2086 362 2138 416 ἃ
2163 366 2422 425 acerbum

255 447 385 516 3est.
424 454 479 485 2²
509 445 774 502 Rationes
797 488 812 508 ,
863 441 1007 517 quast
1038 438 1257 495 absente
1296 451 1386 491 me
1410 473 1425 498 ‚
1475 432 1838 504 negliguntur.
1922 434 2207 495 Interdum
2243 451 2425 501 tamen

293 540 500 599 equum
524 520 836 577 conscendo
853 561 868 582 ‚
910 518 966 571 δι
986 511 1427 588 patremfamiliae
1449 506 1702 563 hactenus
1730 523 1865 579 ago,
1887 509 2039 580 quod
2059 511 2283 586 aliquam
2309 535 2429 590 par-

294 613 409 655 tem
433 596 816 672 praediorum,
855 592 946 647 sed
973 597 992 626 ³
1013 607 1113 661 pro
1140 586 1466 661 gestatione,
1501 600 1781 656 percurro.
1857 582 1951 638 Tu
1979 585 2425 652 consuetudinem

293 673 474 743 serva,
512 670 774 746 nobisque
791 674 815 705 ⁴
837 666 905 723 fic
926 665 1131 725 rusticis
1155 661 1361 718 urbana
1382 655 1494 717 amota
1520 657 1806 731 perscribe.
1848 657 1990 716 Vale.

408 819 564 879 XVI.
636 818 704 875 C.
780 816 1222 875 PL1u1us
1300 810 1945 868 MAM1L1AN0
2021 809 2198 866 Suo
2275 813 2329 871 S,

295 972 422 1031 Non
425 969 528 1044 fibi
551 977 780 1044 occupato
802 969 934 1021 circa
942 963 1138 1039 stert'les
1160 957 1446 1016 vindemias
1472 956 1615 1012 licere
1637 959 1855 1023 venari,
1892 976 1975 1013 nec
1993 959 2212 1032 placere,
2234 962 2424 1038 firtbt't

615 1042 950 1107 Mamiliano,
971 1042 1066 1113 Jed
1076 1055 1171 1114 pro
1189 1033 1345 1107 musto
1369 1050 1524 1088 novos
1547 1031 1812 1104 vetficulos
1829 1034 2110 1109 pollicetur.

351 1285 387 1315 ι.
412 1269 686 1319 Ααὶαηικῑας.]
714 1266 848 1306 Breves
867 1264 1049 1310 actiones,
1074 1259 1336 1304 oratiunculas,
1388 1267 1427 1298 n.
1449 1268 1506 1308 18·
1531 1257 1614 1300 Lib.
1631 1257 1695 1296 tx.
1721 1255 1830 1306 Epist.
1851 1255 1936 1297 VH.
1961 1267 1996 1295 n.
2011 1267 2045 1295 2.
2072 1258 2113 1297 ὅ(
2133 1188 2423 1309 ρᾶίῑῐῐῃὲὲὲῗιῖὶτ

297 1325 402 1377 quod
423 1325 537 1374 magis
555 1322 682 1372 placet.
732 1318 915 1367 Quamvis
947 1317 1002 1355 alii
1033 1328 1111 1355 non
1145 1312 1329 1355 actiones,
1389 1316 1516 1347 tamen
1537 1309 1715 1348 hocloco
1736 1315 1882 1358 propter
1910 1308 2126 1347 concursum
2154 1311 2318 1361 ejusdem
2348 1317 2425 1357 soni

294 1377 357 1418 sed
376 1375 594 1418 ratiunculas
618 1372 759 1421 legant,
785 1375 826 1407 ut
852 1366 893 1406 fit
917 1367 1053 1406 sensus:
1081 1377 1152 1417 ego
1179 1362 1330 1404 revideo
1390 1369 1448 1406 te,
1473 1373 1550 1406 me,
1581 1374 1643 1405 ne,
1670 1360 1707 1399 id
1727 1373 1782 1398 me
1802 1360 1906 1398 facile
1927 1356 2104 1398 excidiffe.
2145 1362 2206 1400 Ob
2224 1375 2309 1403 eam
2328 1368 2427 1408 caus-

294 1427 477 1478 quosdam
505 1423 659 1464 calculos
685 1421 737 1461 rei
761 1430 867 1458 meae
891 1418 1074 1457 familiaris
1088 1446 1099 1463 ‚
1125 1415 1228 1468 quod
1253 1414 1332 1464 post
1387 1411 1462 1449 sam
1480 1411 1565 1451 nihil
1585 1413 1624 1450 in
1641 1410 1702 1450 ista
1719 1418 1818 1459 parte
1839 1410 1989 1451 mutavi.
2017 1411 2122 1448 Con
2140 1424 2162 1450 r
2176 1425 2211 1452 ε.

294 1479 450 1527 longum
487 1474 661 1523 temporis
698 1471 849 1521 spatium
885 1468 935 1508 est
961 1470 1068 1508 inane
1091 1470 1134 1508 v&
1154 1468 1333 1517 importu-
1418 1511 1426 1519 ·
1445 1473 1480 1512 3.
1501 1468 1568 1505 Pro
1582 1461 1793 1512 gestatione]
1822 1461 1936 1500 Causa
1956 1460 2157 1510 gestationis
2179 1465 2291 1512 magis
2309 1478 2423 1517 quam

296 1541 390 1569 num
411 1542 421 1568 ι
460 1527 500 1565 &
536 1526 621 1570 ideo
658 1523 813 1561 rationes
839 1521 888 1560 ita
914 1529 1082 1562 curantur
1102 1528 1276 1570 tanquam
1304 1516 1331 1556 fi
1389 1512 1525 1552 visendi
1544 1512 1701 1562 praedia.
1728 1512 1875 1561 Duplex
1890 1512 1994 1555 *enim
2016 1515 2176 1561 corporis
2195 1519 2404 1558 exercitatio

294 1579 409 1621 effem
424 1578 546 1617 absens
565 1604 576 1621 ‚
609 1574 647 1614 id
667 1573 742 1618 est,
775 1572 893 1611 ferme
924 1573 1162 1622 negliguntur.
1215 1569 1333 1608 Placet
1390 1570 1453 1602 aut
1466 1563 1609 1620 pedibas
1628 1571 1691 1602 aut
1716 1562 1898 1612 gestatione
1920 1590 1932 1608 ‚
1966 1561 2027 1601 sed
2062 1563 2287 1611 gestabantur
2319 1546 2429 1620 equo:

293 1633 393 1682 prior
413 1628 533 1669 lectio.
559 1626 716 1664 Cum.
743 1622 859 1662 Aldus
885 1623 992 1663 habet
1006 1620 1330 1667 ratiunculas,sed
1389 1622 1451 1653 aut
1483 1613 1659 1660 vehiculo,
1684 1621 1747 1653 aut
1767 1613 1906 1658 ieelim,
1932 1613 1994 1652 vel
2009 1614 2111 1652 navi.
2139 1614 2323 1657 Carnu.
2360 1621 2428 1658 Sed

295 1692 500 1732 perperam.
520 1677 648 1726 Scripti
665 1674 774 1714 nostri
794 1686 925 1714 omne-s
947 1677 985 1713 &
1003 1674 1071 1713 Ed.
1085 1673 1337 1715 Vet.Ac'tiun·
1381 1673 1446 1715 pro
1464 1664 1681 1716 gestatione]
1721 1663 1900 1714 Significat
1925 1676 1973 1704 eo
1999 1672 2170 1714 tempore
2189 1693 2200 1711 ,
2237 1679 2315 1717 quo
2342 1671 2424 1712 alias

294 1733 392 1772 sulas
411 1759 423 1777 ‚
461 1730 508 1770 de
529 1728 657 1779 quibus
681 1727 728 1766 ad
754 1725 862 1774 Epist.
885 1725 987 1765 XlIl.
1014 1738 1050 1765 n.
1069 1736 1131 1776 23.
1156 1725 1253 1762 Mox
1274 1736 1329 1769 re·
1386 1716 1491 1756 domi
1510 1716 1685 1767 gestatione
1716 1715 1929 1754 valetudinis
1964 1714 2066 1753 causa
2099 1727 2166 1765 pro
2195 1728 2300 1758 more
2321 1729 2429 1759 vete·

291 1784 471 1824 centiores
490 1780 596 1819 MSS.
622 1777 1026 1829 quodintercapedinem,
1053 1775 1216 1825 neglecta
1228 1776 1316 1814 Prae
1389 1778 1471 1806 rum
1485 1795 1496 1813 ,
1522 1768 1608 1806 locis
1627 1768 1665 1805 in
1684 1766 1720 1806 id
1740 1766 1917 1806 destinatis
1936 1766 2078 1815 proprie
2093 1767 2145 1805 uti
2165 1767 2285 1807 solitus
2303 1797 2316 1816 ‚
2341 1779 2422 1811 tum

296 1835 492 1886 positione.
529 1829 746 1870 Mediceus:
781 1826 874 1878 quod
905 1827 1022 1877 potest
1048 1827 1334 1874 intercapedinem
1387 1818 1593 1868 percurrisse
1611 1829 1735 1867 agms,
1761 1826 1805 1857 ut
1826 1818 1951 1857 viseret
1965 1845 1974 1861 ‚
1999 1818 2039 1855 δί
2055 1818 2285 1866 patremfam.
2304 1831 2427 1871 ageret

289 1885 462 1937 umporis.
486 1884 550 1933 qui
569 1879 772 1928 index,est‚
801 1877 899 1916 reete
922 1877 1057 1917 Aldum
1078 1875 1210 1917 dediffe
1227 1906 1239 1924 ‚
1262 1879 1331 1930 post
1387 1871 1490 1908 fimul
1510 1898 1522 1915 ,
1560 1871 1597 1908 &
1618 1868 1813 1908 valetudini
1839 1869 2034 1908 inserviret.
2058 1867 2123 1908 Bu
2138 1879 2234 1909 cuu
2251 1882 2319 1911 ER.
2357 1878 2424 1916 Pro

292 1935 598 1987 intercapedinem,
626 1942 741 1981 quem
762 1928 819 1967 alii
840 1930 972 1967 merito
992 1929 1072 1968 sunt
1090 1930 1214 1968 secuti.
1380 1920 1583 1972 gestatione,
1609 1920 1634 1958 i·
1661 1920 1747 1958 lOCO
1771 1920 1984 1969 gestationis.

346 2001 383 2027 2.
408 1985 742 2026 Ratiocinationes,
768 1979 866 2031 quafi
881 1979 956 2031 abs.
973 1994 1051 2026 me,
1071 1980 1324 2031 nogligumur]
1438 1984 1475 2020 4.
1504 1971 1560 2010 Sic
1592 1970 1760 2022 rusticis]
1801 1971 1903 2010 Malo
1928 1985 1936 2010 :
1974 1970 2134 2025 nobisque
2165 1971 2252 2011 licet
2287 1972 2426 2021 rusticis.

293 2040 399 2079 Male
419 2036 616 2076 ratiocinati
637 2033 715 2071 sunt
728 2059 738 2076 ‚
766 2032 942 2081 quinobis
962 2032 1026 2070 has
1039 2032 1330 2073 Ratiocinationes
1388 2020 1416 2060 Β
1432 2036 1491 2061 AR
1508 2035 1531 2060 T
1544 2034 1582 2059 H·
1634 2021 1722 2060 Non
1750 2031 1834 2069 ego·
1869 2022 1920 2062 Sic
1948 2021 2080 2068 rusticis
2098 2050 2110 2067 ‚
2135 2024 2158 2061 i.
2194 2023 2252 2062 tali
2271 2026 2422 2069 rustico.

294 2088 490 2130 obtrudere
509 2087 715 2124 voluerunt.
743 2080 952 2126 Mariccus,
979 2082 1131 2121 Helmst.
1160 2084 1273 2121 Arnz.
1294 2084 1332 2121 δε
1390 2074 1536 2122 qualem
1558 2070 1729 2122 descripsi·
1757 2072 1818 2110 De
1842 2072 2012 2112 particula
2030 2073 2083 2111 ita
2103 2074 2201 2111 hunc
2212 2074 2348 2114 sensum
2361 2087 2425 2114 ex·

293 2141 367 2181 Ed.
399 2139 486 2178 Vet.
516 2137 686 2177 Rationes.
721 2132 832 2172 reete.
875 2132 1043 2172 Solebam
1074 2133 1216 2173 domini
1243 2144 1330 2171 cum
1391 2124 1580 2173 plicamus
1602 2123 1650 2162 ad
1673 2121 2179 2172 CfisPiJug·C²P·1-¹XXXV·
2207 2137 2241 2163 n.
2263 2137 2296 2170 7-
2323 2125 2424 2164 Sido-

294 2190 438 2243 praedia
458 2191 495 2228 δε
518 2187 615 2227 villas
635 2184 839 2228 viritatem,
863 2184 1023 2222 »rationes
1039 2184 1144 2224 villici
1160 2185 1327 2224 aliorum-
1394 2176 1472 2213 nius
1490 2187 1567 2213 non
1588 2174 1744 2212 multum
1759 2173 1832 2212 abit
1859 2174 1940 2213 Lib·
1961 2173 2063 2213 VIII·
2090 2175 2197 2224 Epist.
2216 2176 2319 2216 Vm.
2336 2183 2421 2214 extr.

293 2255 371 2293 que
388 2239 620 2281 examinum
647 2237 743 2281 hoe,
769 2243 957 2283 tamquam
979 2235 1195 2281 molestum,
1222 2238 1326 2275 omit·
1357 2237 1362 2279 1
1392 2239 1491 2277 quem
1511 2226 1631 2264 debeat
1652 2224 1698 2263 iic
1717 2223 1927 2264 industrium
1949 2250 1961 2268 ‚
1995 2225 2098 2275 quod
2117 2227 2286 2264 latentem
2304 2255 2315 2272 ‚
2352 2238 2419 2263 non

295 2294 393 2332 tebat
427 2302 525 2330 nunc
549 2286 702 2339 quidem
738 2285 879 2324 Plinius.
921 2286 1002 2324 Lib.
1023 2286 1108 2326 VH.
1133 2286 1241 2336 Epist.
1264 2288 1333 2325 VI.
1396 2288 1472 2315 tam
1494 2276 1660 2315 honorare
1688 2276 1801 2323 confin-
1822 2303 1833 2319 ,
1869 2287 1978 2325 quam
2007 2289 2148 2315 onerare
2174 2281 2293 2324 census.
2325 2276 2418 2314 adde

294 2356 332 2384 n.
354 2357 375 2383 2
413 2340 630 2393 postulabat,
658 2349 698 2376 ut
721 2342 874 2375 Varenus
891 2335 1046 2378 exhibere
1066 2338 1219 2376 rationes
1241 2350 1330 2387 coge-
1393 2328 1493 2375 supra
1524 2328 1601 2366 Lib.
1619 2327 1687 2366 IV·
1714 2326 1900 2375 Epist.V1.
1926 2337 1964 2364 n.
1977 2337 2012 2365 2.
2039 2330 2078 2367 &
2106 2329 2186 2367 Lib.
2197 2328 2296 2365 vm.
2314 2326 2419 2375 Epist.

292 2406 405 2435 retur.
431 2393 513 2432 Lib.
535 2392 581 2430 X.
608 2389 716 2438 Epist.
738 2387 873 2426 XXIX.
899 2399 936 2425 n.
959 2399 992 2437 3.
1018 2388 1192 2427 Rationes
1209 2399 1327 2427 autem
1396 2378 1464 2416 lV.
1500 2390 1535 2417 n.
1555 2391 1590 2424 7.
1625 2377 1722 2415 Infra
1758 2377 1866 2427 Epist.
1884 2376 2062 2421 XXXVI.
2098 2391 2132 2417 n.
2164 2389 2200 2423 4.
2238 2376 2415 2417 Coenanti

293 2448 332 2485 3„
350 2446 470 2498 primis
490 2442 554 2482 ,ξω
575 2450 720 2491 rerump·
749 2438 973 2478 excutiendae
1002 2439 1101 2488 fimf,
1140 2440 1235 2478 ΝΜ]
1257 2440 1326 2479 fre.
1396 2429 1482 2467 mihi
1503 2429 1549 2467 fic
1569 2443 1648 2466 cum
1670 2441 1776 2466 uxore
1798 2428 1855 2467 vel
1876 2428 2013 2478 paucis,
2041 2427 2125 2467 liber
2137 2424 2266 2476 legitur.
2292 2427 2416 2470 Livius

288 2498 477 2549 (mentius,
497 2496 700 2533 catanaeus
716 2502 762 2529 ex
784 2490 987 2528 Columella
998 2490 1272 2529 ratiocinatorem
1284 2492 1332 2529 ci-
1397 2481 1477 2519 Lib.
1494 2483 1540 2519 II.
1569 2479 1700 2529 capX.
1730 2485 1786 2518 Ita
1808 2478 1855 2517 fic
1874 2487 2030 2517 armatus
2051 2479 2089 2516 in
2109 2476 2252 2515 Tiberim
2271 2476 2416 2529 desiluit.

291 2551 415 2593 tavit,
453 2548 491 2585 ὅ(
518 2544 604 2583 inde
630 2541 762 2592 aliquid
800 2540 959 2590 praesidii
992 2542 1163 2579 accedere
1191 2537 1330 2589 putavit
1390 2533 1588 2572 Teren-tius
1611 2529 1726 2570 Andr.
1749 2531 1831 2569 Arf’c.
1852 2533 1882 2569 Ι.
1909 2529 1964 2568 Sc.
1982 2530 2013 2574 1.
2040 2539 2090 2567 vs,
2107 2539 2167 2579 35.

288 2600 462 2650 vulgatae
506 2595 654 2634 lectioni
683 2609 694 2637 ;
740 2591 798 2630 sed
844 2599 883 2630 ut
928 2592 1204 2632 ratiocinatorem
1249 2604 1327 2631 non

292 2651 435 2690 damno
455 2678 468 2696 ,
495 2648 541 2686 ita
560 2644 833 2684 ratiocinationes
850 2654 1030 2692 nusquam
1049 2655 1114 2692 pro
1136 2643 1329 2683 rationibus

290 2704 446 2751 reperio.
468 2709 554 2738 nam
567 2695 664 2748 apud
676 2695 885 2734 Vitruvium
898 2693 1019 2732 aliaest
1031 2696 1136 2733 notio
1148 2696 1327 2734 vocabuli.
1390 2692 1453 2742 qui
1475 2691 1668 2742 aliquoties
1687 2691 1755 2729 hac
1771 2688 1941 2741 particula
1974 2697 2040 2735 pro
2067 2683 2274 2733 hujusmodi
2295 2683 2414 2721 utitur.

288 2753 478 2803 Displicuit
498 2752 577 2801 jam
606 2747 750 2786 Barthio
771 2774 781 2789 ‚
819 2746 880 2794 qui
909 2757 954 2783 ex
983 2747 1130 2794 vulgato
1151 2746 1322 2785 faciebat:
1396 2745 1480 2793 Ejus
1499 2744 1575 2781 vim
1596 2743 1736 2792 optime
1765 2738 1960 2787 cognosces
1989 2747 2035 2774 ex
2065 2735 2189 2774 nostris
2207 2734 2253 2774 ad
2276 2735 2416 2773 Lucan.

291 2806 457 2843 Rationes
475 2802 637 2845 cunctae,
664 2798 724 2837 vel
741 2796 861 2841 aliud,
888 2803 928 2833 ut
950 2797 1026 2846 ejus
1047 2798 1155 2835 verba
1177 2797 1325 2843 habent,
1393 2793 1476 2834 Lib.
1499 2795 1562 2834 lX.
1589 2804 1642 2832 vs.
1665 2790 1749 2841 528.

291 2855 333 2890 δε
368 2854 528 2892 deinde:
566 2850 664 2903 quafi
689 2848 836 2887 absentis
857 2846 1084 2896 negliguntur.
1137 2848 1322 2887 Nimirum

291 2902 362 2941 Ed.
388 2904 476 2942 Vct.
503 2903 657 2952 praefert
681 2899 831 2948 absentes
872 2896 1196 2945 Mediceus‚V0ff.
1209 2899 1323 2938 Arnz.
1517 2892 1576 2933 sie
1600 2903 1726 2943 quoque
1751 2888 1803 2927 nil
1827 2884 1933 2936 obstat
1960 2884 2103 2925 Phoebo.

291 2955 335 2992 &
358 2953 511 2991 Heli-nst.
535 2953 632 3040 quadi
650 2951 790 2989 absente
811 2950 1029 3000 negliguntur
1055 2981 1061 2986 .
1089 2950 1163 2989 fine
1184 2951 1321 2988 Prono·
1858 2987 1862 2993 Ι

290 3005 394 3042 mine
412 3017 474 3041 me.
502 3005 591 3041 &⁸vi
619 3012 721 3040 emus
744 3002 896 3038 Plinium
927 3001 1123 3050 saepiffime
1142 3003 1324 3040 Provoca·
1384 2995 1443 3033 ubi
1463 2994 1558 3031 male
1590 2992 1746 3030 fecerant
1768 3001 1776 3026 :
1815 2994 1880 3024 Hic
1901 3000 2041 3039 quoque.
2067 2988 2317 3027 Praecedens:
2350 2997 2417 3039 pa-

289 3053 375 3094 bula
397 3050 788 3097 omittere,ut·Lib.l.
814 3050 977 3097 Epist.Il.
1000 3064 1023 3088 n
1050 3066 1081 3098 5.
1105 3052 1201 3100 Epist
1224 3052 1325 3089 Xix,
1385 3043 1630 3087 tremfamiliae
1654 3041 1825 3077 haetenus
1852 3050 1913 3086 age
1933 3066 1942 3082 ,
1979 3039 2065 3079 nihil
2093 3039 2188 3079 aliud
2207 3069 2219 3087 ,
2255 3040 2318 3079 nisi
2339 3040 2409 3092 fic,

288 3114 382 3154 extr.
407 3103 489 3145 Lib.
505 3102 573 3143 111.
598 3099 704 3153 Epist.
721 3100 825 3145 XIV.
852 3112 930 3141 na..
956 3101 1033 3140 Lib.
1048 3102 1115 3143 IV.
1141 3101 1324 3156 Epistug,
1389 3094 1561 3135 hocloco
1581 3089 1745 3131 admittit.
1770 3089 1961 3129 Coun.

2257 3154 2288 3184 1·
2307 3141 2418 3190 Hssl'

1570 2616 1629 2654 Sic
1655 2615 1735 2654 vita
1759 2625 1847 2654 erat.
