2616 3686
162 1500 167 1502 “
215 1493 394 1533 illustravit
417 1494 616 1532 Franciscus
645 1492 836 1530 Balduinus
865 1494 904 1530 in
933 1494 1217 1532 Commentariis
1253 1494 1298 1532 ad

470 188 1074 249 FABRICIUS
1142 200 1272 246 DE
1339 201 1711 252 PLINII
1778 207 2115 258 EPIST.

155 350 158 353 -
217 316 461 382 separatim
483 315 635 362 lucem
666 312 976 376 adspexerant
1001 313 1271 376 Ambergae
1304 318 1441 372 1609.
1484 324 1527 369 8.
1562 318 1807 378 praemissa
1832 320 1974 368 Plinii
2001 322 2052 369 &
2094 324 2295 386 Trajani
2319 326 2417 374 vita

213 387 271 433 In
309 380 444 429 Plinii
481 378 688 442 epistolis
723 380 1025 425 maturitatem
1070 378 1124 430 [9³
1168 379 1433 440 disciplinam
1467 381 1622 430 laudat
1677 383 1900 431 Sidonius
1927 421 1939 443 ‚
1992 388 2117 448 quod
2153 388 2414 438 Bernardus

215 449 421 501 Moneta
450 446 590 491 Tom.
628 445 712 491 ΙΙΙ.
750 444 1147 507 Menagianorum
1170 462 1216 507 p.
1255 451 1366 504 569.
1401 446 1583 493 erudite
1616 448 1787 496 vertit:
1825 451 1861 494 le
1891 449 1970 495 bon
1992 448 2090 511 sens
2144 449 2199 502 &
2225 453 2414 498 l’exafili-

215 513 329 560 tude.
399 510 546 558 Addit
572 509 699 556 idem
733 509 934 570 Caspare
959 509 1183 571 Scioppio
1207 509 1396 557 ariciore
1429 528 1439 559 z
1500 513 1543 556 la
1568 515 1731 558 nettete‘
1753 513 1808 565 ξεῖ
1837 517 1881 561 la
1902 516 2090 577 politeſjie
2109 553 2122 574 ‚
2174 518 2416 565 concinni-

216 591 366 628 tatem
398 589 537 638 atque
567 574 850 636 elegentiam
887 574 1078 635 plenam
1113 575 1433 623 humanitatis.
1507 577 1747 643 Quoniam
1774 579 1904 628 idem
1935 581 2157 629 Sidonius
2195 581 2298 630 Lib.
2335 583 2416 629 IX.

215 642 361 706 Epist.
396 643 433 688 Ι.
469 655 641 687 novem
667 652 850 687 tantum
876 639 1012 686 libros
1029 640 1278 703 agnoscere
1304 641 1491 688 videtur
1516 642 1592 706 (ut
1614 644 1685 705 Jo.
1723 645 2074 694 Mansionarius
2113 644 2237 694 οᾶὶο.
2273 645 2414 693 Octa-

215 725 301 756 vus
323 707 449 756 enim
470 704 583 752 liber
608 701 658 750 δε
685 704 890 752 decimus
917 705 1192 766 quibusdam
1215 706 1263 752 in
1301 706 1490 753 Msstis
1517 707 1850 769 desideratur.)
1911 712 2043 759 Hinc
2075 711 2248 759 librum
2281 710 2405 758 deci-

215 789 367 829 mum,
405 785 544 833 quem
565 785 591 815 a
611 768 751 817 Petro
774 769 991 817 Leandro
1014 786 1040 816 e
1067 771 1217 817 Gallia
1240 771 1289 818 in
1313 772 1500 818 Italiam
1523 772 1710 820 allatum
1740 775 1917 837 primus
1953 793 2025 824 an.
2070 791 2211 835 1502.
2259 776 2419 839 vulga-

217 839 288 886 vit
319 835 640 897 Hieronymus
670 834 904 882 Avantius
940 835 1232 883 Veronensis
1254 873 1267 893 ,
1322 836 1460 898 pauci
1492 837 1681 899 quidam
1716 854 1801 901 pro
1843 841 2215 905 hypobolimaeo
2252 841 2422 889 habue-

217 915 349 959 runt,
387 916 501 963 quos
527 898 683 946 multis
717 899 936 947 refellunt
966 899 1113 947 Aldus
1150 900 1201 948 &
1245 902 1522 948 Catanaeus.
1592 902 1787 952 Reffius
1820 907 1896 954 alii
1931 908 2101 955 librum
2145 906 2422 970 singularem

217 965 268 1018 <Sc
312 965 499 1028 reliquis
539 963 682 1011 etiam
715 963 1076 1027 praeferendum
1111 979 1294 1027 putant.
1341 968 1545 1030 Joannes
1582 967 1758 1016 Savaro
1807 971 1864 1018 ad
1906 971 2154 1020 Sidonium
2212 987 2258 1033 p.
2308 985 2420 1031 534.

215 1032 323 1086 Non
347 1029 404 1091 est
426 1067 439 1088 ‚
475 1027 585 1091 quod
611 1030 804 1091 iageniost
826 1029 961 1074 verba
997 1029 1162 1076 Sidonii
1191 1042 1359 1092 captent
1383 1069 1396 1087 ‚
1446 1031 1502 1083 ἐφ’
1541 1043 1800 1092 argutentur
1824 1069 1838 1092 ‚
1881 1036 2086 1084 decimum
2131 1035 2423 1096 Epistolarum

214 1099 368 1144 librum
397 1095 456 1142 ad
485 1092 722 1153 Trajanum
734 1095 932 1158 spurium
962 1093 1016 1147 ἐξ
1037 1094 1355 1159 supposttitium
1386 1098 1480 1160 eſjb.
1548 1095 1696 1145 Plinio
1724 1099 1926 1162 czdst’runt
1963 1103 2166 1165 Justinus
2196 1101 2384 1160 Martyr
2404 1134 2424 1160 ‚

300 1184 305 1185 ν
2312 1169 2413 1214 Ter-

214 1292 279 1331 nili
304 1290 504 1331 Christiano
530 1291 675 1330 nomini
699 1290 986 1329 renunciaverint
1015 1318 1027 1337 ,
1069 1292 1186 1340 puniri
1223 1303 1292 1341 op-

218 1351 374 1392 portere.
424 1343 501 1380 Has
531 1342 617 1380 duas
637 1341 796 1390 epistolas
815 1341 961 1379 seorsim
982 1353 1064 1380 cum
1087 1344 1290 1380 Commen-

215 1391 307 1432 titiis
323 1394 389 1431 suis
410 1393 597 1431 ediderunt
609 1392 721 1430 Gerh.
743 1391 798 1438 Jo.
818 1392 962 1428 Voffius
983 1392 1296 1442 Amstelod.1655.

221 1456 279 1483 12.
313 1443 526 1482 christianus
545 1442 767 1481 Kortholtius
791 1441 912 1480 Kiloni
938 1443 1045 1490 1674.
1070 1456 1104 1490 4.
1138 1444 1292 1481 Easdem

1343 1292 1379 1330 in
1396 1291 1507 1330 vitam
1528 1301 1716 1333 revocatus
1734 1295 1894 1345 precibus
1907 1298 1939 1334 S.
1962 1296 2169 1346 Gregoriil.
2196 1297 2335 1346 Papae,
2360 1301 2427 1335 ve-'

1344 1344 1518 1392 uiamque
1538 1355 1769 1394 peccatorum
1794 1349 1938 1385 suorum
1966 1347 2185 1397 impetraffe.
2236 1348 2356 1396 Hujus
2376 1347 2430 1385 rei

1345 1394 1548 1442 apologiam
1568 1397 1773 1446 scripserunt
1796 1397 2002 1446 Alphonsus
2033 1399 2250 1437 Ciacconius
2277 1397 2429 1446 singula-

1348 1445 1375 1481 ri
1405 1443 1564 1484 Diatriba
1591 1448 1786 1496 saepiffime
1808 1449 1935 1486 excusa
1972 1451 2009 1486 ὃ(
2041 1450 2139 1488 versa
2167 1451 2275 1487 etiam
2307 1448 2431 1486 ltalice

1349 1494 1459 1540 (vide
1497 1497 1568 1541 jac.
1602 1498 1756 1536 Echardi
1793 1498 2053 1538 Bibliothecam
2092 1500 2428 1540 Dominicanorum

1349 1545 1468 1582 Torn.
1494 1546 1542 1585 11.
1568 1559 1600 1595 p.
1633 1550 1732 1597 345.)
1753 1548 1950 1586 Franciscus
1969 1549 2015 1587 de
2047 1550 2236 1588 Mendoza
2265 1549 2348 1587 Lib.
2377 1548 2429 1589 11.

1347 1592 1392 1630 de
1413 1594 1574 1634 Floribus
1597 1597 1699 1635 sacris
1729 1598 1956 1637 Problemate
1979 1600 2015 1635 6.
2036 1599 2240 1648 Alphonsus
2263 1599 2429 1639 Salmero

1349 1643 1467 1681 Tom.
1493 1646 1596 1683 XIV.
1625 1647 1722 1695 Disp.
1753 1648 1911 1687 XXVII.
1945 1658 2013 1687 cet.
2065 1650 2135 1687 Sed
2161 1662 2242 1688 earn
2270 1650 2430 1689 fabulam

1347 1695 1492 1733 censent
1519 1697 1724 1744 Alphonsus
1753 1697 1926 1736 Tostauis
1945 1727 1955 1742 ,
1993 1700 2193 1749 Dionysius
2227 1698 2432 1738 Carthufia·

1345 1755 1436 1787 mm,
1468 1746 1683 1785 Dominicus
1711 1748 1857 1792 Scotof,
1893 1749 2094 1788 Franciicus
2122 1751 2253 1788 Suare⁷
2273 1778 2284 1794 ‚
2324 1751 2422 1789 Rob.

1347 1792 1579 1849 bellarminus
1606 1800 1643 1836 δε
1671 1799 1798 1836 Caesar
1824 1791 1997 1838 baronius
2021 1800 2116 1849 apud
2132 1802 2334 1850 Georgium
2356 1801 2433 1840 Ca-'

1344 1845 1472 1883 lixtum
1502 1848 1547 1884 de
1573 1848 1674 1886 bono
1701 1849 1861 1898 perfecie
1887 1850 2034 1888 summo
2061 1863 2096 1900 p.
2122 1853 2182 1891 66.
2213 1852 2340 1902 quibus
2366 1850 2432 1890 ad-

1347 1896 1392 1932 de
1423 1895 1573 1935 [dasium
1611 1899 1656 1936 dc
1696 1901 1809 1948 'Viega
1848 1901 1887 1938 δε
1919 1901 1978 1948 Jo.
2014 1901 2200 1940 Becanum
2230 1903 2332 1950 apud
2368 1904 2428 1949 J0.

1346 1946 1573 1985 Gerliatduin
1615 1950 1723 1987 Loco
1761 1953 1806 1989 de
1840 1952 1986 1989 inferno
2022 1953 2055 1994 §.
2093 1958 2157 2001 63.
2190 1953 2430 1992 Pofievinum

1348 1997 1507 2053 &ualios
1543 2000 1638 2048 apud
1675 2001 1849 2040 eumdem
1887 2002 2051 2042 Confefl.
2090 2004 2236 2043 Cathol.
2269 2016 2305 2054 p.
2341 2003 2429 2049 246.

1347 2047 1429 2084 edit.
1456 2051 1491 2087 in
1518 2050 1583 2088 fol.
1610 2053 1647 2088 ὃ(
1673 2052 1769 2100 apud
1797 2053 1895 2090 Gisb.
1924 2054 2103 2092 Voetium
2127 2055 2244 2094 Torn.
2262 2055 2311 2093 V.
2329 2053 2432 2102 Disp.

1348 2098 1475 2137 Sele&
1507 2112 1542 2148 p.
1579 2101 1664 2151 538.
1700 2103 1771 2152 seq.
1805 2103 2008 2142 Gabrielem
2038 2104 2256 2143 Naudaeum
2294 2117 2329 2155 p.
2369 2116 2430 2151 14·

315 2197 319 2201 .
388 2195 394 2201 ἠ
676 2197 680 2200 .
1347 2150 1551 2199 Apologiae
1577 2163 1643 2200 pro
1672 2153 1751 2191 xiris
1777 2153 1891 2192 doctis
1916 2157 2056 2204 magiae
2082 2155 2262 2203 postulatis
2279 2182 2288 2198 ,
2328 2154 2433 2194 Leo-

222 2197 261 2232 &
283 2195 436 2234 Bivarius
459 2207 493 2244 p.
521 2207 606 2244 273.
640 2195 710 2233 alio
742 2194 922 2251 figmento
949 2197 1075 2245 probat
1094 2226 1105 2243 ‚
1142 2199 1296 2238 austori-
1347 2211 1433 2237 nem
1463 2202 1635 2240 Anartium
1665 2214 1698 2251 p.
1736 2215 1814 2254 ¹23·
1843 2205 1916 2254 seq.
1949 2205 1995 2243 de
2031 2206 2145 2244 Libris
2181 2205 2430 2244 Ecclefiasticis

221 2252 294 2283 tate
324 2257 457 2294 nempe
477 2246 734 2283 ementitorum
771 2246 848 2283 Titi
881 2246 1046 2284 afiorum
1067 2259 1200 2297 ,·quae
1224 2250 1292 2288 Ze·
1348 2249 1598 2295 Graecorum,
1628 2253 1796 2294 Natalem
1826 2256 2075 2294 Alexandrum
2104 2257 2184 2294 Sec.
2209 2257 2255 2294 ΙΙ.
2282 2256 2374 2293 Part.
2400 2255 2430 2294 1.

219 2307 284 2333 nas
302 2296 553 2344 legisperitus,
581 2295 802 2343 &Apostoli
827 2295 1011 2345 discipulus
1035 2327 1044 2340 ‚
1070 2301 1170 2345 cujus
1201 2301 1292 2338 Pau-
1343 2311 1378 2349 p.
1421 2314 1500 2351 113.
1536 2303 1756 2341 paschasium
1792 2306 2029 2353 Quesnellurn
2075 2306 2121 2343 ad
2158 2307 2331 2344 Leonem
2368 2306 2430 2345 M.

219 2347 275 2383 lus
298 2346 342 2383 ad
376 2346 454 2384 Tit.
480 2346 545 2383 111,
575 2348 771 2389 meminit,
806 2347 839 2383 in
865 2348 996 2386 litteras
1025 2348 1129 2386 milit.
1183 2349 1290 2389 Hanc
1314 2369 1318 2405 j
1346 2350 1432 2388 Diff.
1460 2353 1486 2389 1.
1517 2365 1551 2401 p.
1579 2354 1663 2400 285.
1702 2355 1927 2393 Halloixium
1965 2357 2080 2394 Tom-
2115 2355 2143 2394 Ι.
2179 2356 2224 2395 de
2259 2357 2354 2395 Vitis
2382 2356 2430 2394 11-

220 2396 375 2433 fabulam
398 2404 535 2444 praeter
549 2397 637 2434 alios
665 2396 865 2445 explodunt
892 2398 1062 2436 Thomas
1094 2400 1230 2447 lttigius
1256 2404 1317 2439 in2
1343 2402 1501 2439 lustriuin
1532 2403 1750 2452 Scriptorum
1781 2405 1955 2443 Oriental.
1981 2418 2015 2454 p.
2047 2416 2132 2452 420.
2168 2406 2242 2457 seq.
2279 2407 2428 2456 Diony-

220 2445 309 2485 Diff.
336 2446 543 2485 del’atribus
562 2446 773 2495 Apostolicis
788 2459 820 2494 p.
855 2459 939 2485 101.
956 2448 1025 2496 seq.
1048 2449 1191 2487 Marcus
1203 2451 1293 2489 Zue-
1351 2451 1440 2488 sium
1470 2453 1786 2492 Saminartlia-nurn
1817 2457 1852 2492 in
1880 2456 1970 2495 Hist.
1997 2456 2162 2505 Gregorii
2190 2458 2244 2495 M.
2279 2459 2315 2496 &
2343 2458 2430 2496 Nic.

221 2497 292 2534 rius
314 2496 540 2535 Boxhornius
562 2497 598 2534 in
628 2496 718 2534 l-list.
756 2497 940 2534 universali
962 2509 995 2545 p.
1027 2498 1108 2535 1³8.
1135 2499 1204 2547 seq.
1233 2512 1295 2537 cu·
1352 2503 1588 2540 (omnenum
1616 2505 1653 2542 in
1689 2505 1985 2545 Praenotionibus
2011 2506 2267 2557 Mystagogicis
2296 2521 2317 2547 e
2343 2508 2429 2554 Jure

216 2546 278 2595 jus
296 2547 401 2583 verba
423 2558 507 2583 cum
529 2546 676 2584 Scholiis
695 2547 757 2584 suis
779 2545 850 2591 Jac.
878 2547 1100 2585 Thomafius
1125 2549 1206 2587 suae
1233 2552 1299 2589 Pli-
1351 2551 1542 2592 Canonico
1567 2581 1577 2597 ,
1622 2555 1803 2600 Joinnem
1842 2556 1887 2594 de
1921 2558 2086 2596 Nicastro
2120 2559 2157 2595 in
2193 2558 2429 2610 descriptione

230 2597 281 2633 nii
309 2596 545 2641 Epistolarum
569 2596 717 2634 editioni
735 2596 916 2644 praemisit
926 2611 938 2641 ;
966 2599 1062 2635 Guil.
1085 2599 1229 2636 Cavens
1256 2602 1293 2639 in
1351 2601 1470 2641 It.·1]ice
1498 2603 1592 2640 editi
1620 2605 1735 2643 Arcus
1770 2606 2017 2655 Triumphalis
2043 2607 2294 2647 Beneventani
2331 2610 2429 2647 Tta-

220 2649 294 2684 vita
314 2647 392 2684 Titi
417 2647 562 2701 Anglice
583 2647 703 2703 script-a
723 2658 825 2684 num.
852 2658 892 2703 9:
927 2650 962 2684 ὅ(
986 2661 1032 2685 ex
1051 2648 1130 2697 ipsis
1161 2650 1294 2689 Catho·
1342 2653 1434 2700 jano
1467 2653 1570 2701 politi
1606 2657 1721 2703 capite
1762 2656 1827 2694 lV.
1861 2667 1930 2695 cet.
1983 2658 2143 2697 Gemina
2180 2661 2336 2698 narratio
2379 2660 2427 2699 de

214 2696 287 2734 licis
299 2697 419 2734 Petrus
434 2698 576 2734 l-{alloix
593 2696 635 2734 ad
656 2705 766 2734 vitam
783 2697 905 2745 ignatii
922 2699 1036 2736 Tom.
1067 2701 1089 2735 Ι.
1115 2699 1295 2739 illustrium
1349 2702 1547 2742 Dinocrate
1574 2703 1748 2744 defuneto
1773 2707 1969 2755 perpetuae
1994 2710 2154 2756 precibus
2175 2721 2219 2747 ex
2231 2711 2358 2758 poenis
2377 2711 2436 2748 in·

216 2745 395 2786 Ecclesiae
420 2747 597 2804 orientalis
609 2747 828 2795 Scriptorum
844 2760 866 2796 p
894 2760 981 2798 423.
1007 2748 1170 2787 Alterum
1192 2762 1293 2789 com-
1317 2777 1320 2797 e
1347 2755 1508 2792 ferorum
1534 2755 1680 2794 liberato
1710 2761 1880 2805 reperitur
1905 2761 1944 2798 in
1963 2760 2061 2797 Acris
2080 2760 2278 2808 Perpernae
2298 2763 2336 2798 8<
2355 2753 2436 2800 Fe-'

218 2806 387 2836 mentum
412 2807 566 2835 occurrit
583 2809 618 2834 in
656 2797 792 2836 Pseudo
813 2799 1025 2837 Damasi-eni
1048 2799 1224 2839 Sermone
1249 2803 1295 2840 de
1316 2799 1320 2825 ¹
1346 2805 1482 2843 lit-itatis
1501 2817 1519 2842 a
1543 2806 1642 2843 Luca
1665 2806 1858 2846 Ho'stenio
1878 2811 2034 2858 vulgatis.
2075 2810 2146 2848 Sed
2165 2821 2275 2859 quam
2297 2811 2432 2851 Theo·

218 2847 419 2905 Defunstis.
439 2860 475 2897 p.
498 2860 582 2905 4²4·
609 2850 646 2885 in
673 2848 828 2886 Pseudo·
843 2850 1050 2896 Lui‘tprandi
1085 2852 1295 2891 Adversariis
1348 2854 1488 2893 doricus
1517 2857 1706 2894 Ruinartus
1732 2859 1769 2896 in
1804 2860 1904 2898 Actis
1937 2861 2072 2898 l‘eleclis
2107 2861 2316 2909 Martyrum
2344 2873 2440 2902 ante*

217 2910 376 2956 92497·
411 2911 448 2937 in
476 2899 563 2936 Vita
602 2899 768 2946 Gregorii
802 2900 859 2957 M.
902 2911 920 2936 a
949 2901 1090 2947 Joanne
1128 2903 1296 2941 Diacono
1350 2917 1484 2953 paucos
1509 2918 1624 2945 annos
1652 2907 1753 2947 editis
1780 2922 1811 2958 p.
1841 2910 1901 2960 89.
1931 2924 1991 2957 90.
2020 2919 2163 2949 tantum
2193 2912 2287 2950 abest
2311 2942 2322 2959 ‚
2387 2921 2427 2952 ut

220 2949 342 2998 scripta
374 2949 490 2996 11.44.
518 2949 658 3005 Glycae
684 2950 874 3007 Annqlibus
888 2962 919 2997 p.
947 2964 1020 2998 240
1063 2953 1096 2989 in
1119 2953 1294 3001 Legenda
1349 2957 1384 2994 in
1411 2957 1558 2995 dubium
1589 2966 1731 3003 vocet,
1768 2969 1808 2998 ut
1843 2962 2040 3000 contendat
2061 2990 2070 3005 ᾖ
2111 2965 2293 3011 egregium
2330 2965 2430 3002 illum

218 3000 281 3044 -46,
305 3000 429 3049 Jacobi
451 3000 497 3038 de
513 3000 699 3046 Voragine
718 3001 754 3037 δε
774 3013 809 3038 m
837 3000 1118 3040 Constantiensis
1148 3004 1299 3043 Concilii
1352 3005 1422 3044 effe
1447 3008 1570 3046 locum
1597 3008 1641 3046 ad
1668 3010 1894 3057 probandum
1917 3040 1928 3056 ‚
1966 3016 2131 3049 mortuos
2159 3013 2258 3061 poffe
2287 3026 2306 3051 a
2341 3026 2434 3063 poe·

222 3051 468 3107 reprobatione
487 3051 830 3110 ‘Articulorum-ilo.
859 3052 1004 3109 Wiclefi
1035 3056 1111 3091 Art.
1152 3066 1194 3102 ¹9
1246 3064 1301 3102 (ut
1352 3058 1426 3104 nis,
1453 3069 1540 3109 quas
1565 3069 1772 3110 patiuntur,
1799 3074 1863 3112 per
1889 3064 2062 3104 vivorum
2082 3073 2212 3113 preces
2233 3066 2383 3104 liberan-

223 3099 397 3150 aliosJam
418 3103 603 3151 omittam)
628 3112 704 3151 quo
733 3102 859 3140 dicitur
888 3103 926 3141 T
930 3114 1068 3152 raianus
1099 3103 1302 3153 Imperator

217 1544 347 1584 Edicta
367 1553 532 1583 veterum
554 1544 756 1592 Principum
780 1545 1037 1581 Romanorum
1058 1544 1104 1581 de
1133 1545 1297 1582 Christia-

220 1595 272 1632 nis
295 1622 305 1638 ‚
339 1594 496 1632 Basileae
528 1595 625 1641 apud
658 1594 816 1640 Oporin.
843 1593 877 1629 8.
905 1595 1018 1630 Conr.
1046 1593 1293 1631 Rittershufius

219 1646 260 1681 in
282 1644 440 1690 Principe
459 1644 625 1692 Trajano
655 1644 825 1689 Amberg.
856 1641 964 1680 1608.
990 1642 1026 1678 8.
1051 1643 1108 1689 Jo.
1138 1643 1297 1680 Tesma·

222 1704 281 1730 rus
301 1695 485 1741 Marpurg.
515 1692 622 1732 1681.
647 1703 681 1736 4.
703 1692 758 1736 Jo.
787 1691 1064 1740 Christophorus
1093 1695 1296 1742 Artopaeus

220 1744 258 1780 in
280 1743 475 1791 Pliiiologia
491 1743 561 1780 loci
578 1742 723 1780 Pliniani
742 1740 786 1777 de
817 1742 1025 1789 cognitione
1053 1743 1204 1781 instituta
1233 1744 1300 1781 ad·⁴

220 1793 339 1830 versus
360 1793 597 1835 Christianos,
624 1799 690 1828 cet.
740 1790 796 1827 Ex
826 1791 948 1829 iisdem
974 1820 985 1833 ,
1013 1801 1052 1830 ut
1075 1795 1229 1843 opinor,
1257 1807 1292 1832 e-

221 1841 352 1893 pistolis
371 1844 449 1880 ansa
479 1844 557 1881 data
590 1842 655 1880 fuit
676 1841 847 1878 sutoribus
877 1841 1075 1880 fabularum
1101 1872 1110 1888 ‚
1149 1853 1188 1881 ut
1218 1844 1293 1882 duo

219 1894 418 1931 craffissima
437 1892 608 1941 figmenta
629 1892 872 1939 excogitarent
892 1893 927 1929 ὅ(
948 1893 1050 1931 >nobis
1080 1896 1294 1942 proderent,

220 1955 379 1992 quorum
397 1950 512 1980 unum
532 1944 568 1982 in
590 1943 693 1981 Lucii
710 1943 839 1980 Dextri
867 1943 939 1980 live
966 1945 1086 1982 finiliri
1117 1946 1296 1984 tenebrio-

221 1995 276 2031 nis
303 1995 418 2043 potius
444 1994 697 2031 commentitio
728 1994 913 2031 Chronico
941 1994 1068 2040 legitur
1097 2022 1108 2039 ,
1144 1997 1295 2034 Plinium

223 2056 244 2082 a
261 2043 353 2082 Tito
371 2045 407 2081 in
425 2045 530 2081 Creta
550 2043 658 2081 insula
677 2045 888 2082 conversum
919 2044 962 2082 ad
992 2043 1102 2083 fidem
1134 2047 1293 2086 Christia-

221 2101 305 2132 nam
326 2121 337 2138 ,
368 2097 515 2142 leptima
543 2094 680 2131 Sextilis
705 2093 749 2131 ad
780 2095 1047 2133 Novocomum
1079 2099 1294 2146 martyrium

221 2143 365 2189 obiiffe,
390 2144 490 2193 quod
506 2144 598 2192 legas
616 2146 650 2182 in
671 2143 884 2183 Adversariis
907 2146 1117 2194 Luitprandi
1139 2160 1172 2195 p.
1210 2161 1293 2195 512.

1586 3159 1738 3185 *****
