2616 3686
440 193 854 245 ,thssER
921 190 1906 242 X.EPISTOLACXV11.
2168 199 2263 265 839

155 269 276 325 tudo
300 267 541 339 usurpata
564 277 736 319 contra
759 263 911 336 legem
929 302 952 325 ,
991 266 1044 315 in
1068 261 1330 328 diversum
1353 280 1557 316 movere
1577 275 1624 316 te
1641 276 1819 335 poti-nt.
1873 267 2015 337 Mihi
2031 271 2118 325 hoc
2146 285 2267 326 tem·

145 337 490 420 perimentum
516 342 623 412 ejas
642 339 860 412 placuit,
902 348 962 390 ut
1001 355 1063 391 ex
1095 338 1369 409 praeterito
1405 337 1533 389 nihil
1567 343 1583 367 ¹
1623 355 1960 392 novaremus:
1985 343 2076 413 sed
2100 364 2265 400 mane.

152 432 290 480 rent,
330 410 572 487 quamvis
593 424 767 467 contra
803 411 956 484 legem
992 412 1200 479 adsciti,
1243 427 1656 484 quarumcunque
1685 414 1978 464 civitatium
2017 419 2173 470 cives.-
2213 425 2266 473 in

138 495 391 564 futurum
417 501 584 542 autem
608 488 689 542 lex
719 488 954 559 Pompeja
976 487 1362 558 observaretur,
1401 489 1546 559 cnjus
1578 504 1688 539 vem
1701 484 1755 557 st
1777 498 1914 540 retro
1952 506 2141 562 quoque
2175 509 2261 545 ve.

148 566 300 624 limus
323 561 596 635 custodire,
633 562 797 617 multa
827 559 1001 632 neceffi’
1024 562 1088 632 est
1105 560 1420 635 perturbari.

555 751 784 810 CXVII..
833 751 1098 823 ΤΚΛ]
1148 770 1383 808 Anus
1451 750 1847 806 PL1N10.

809 899 897 954 De
939 897 1196 956 divisione
1234 899 1612 971 sportularum.

226 1054 453 1110 Dubitat
491 1071 552 1106 ex
592 1052 896 1106 invitatione
928 1047 1206 1103 multorum
1230 1046 1296 1101 ad
1315 1046 1540 1120 solennia
1563 1046 1753 1120 officia,
1792 1054 1925 1105 inter
1950 1050 2198 1125 Bithynos

693 1125 978 1199 fae‘i‘ionem'
997 1129 1061 1185 (J
1087 1123 1383 1197 discordiam
1408 1127 1680 1177 orituram.

302 1277 385 1332 Ut
428 1261 630 1329 &fis-{tem
660 1287 841 1345 togam
868 1276 1085 1331 sumunt
1111 1314 1125 1337 ‚
1165 1281 1184 1304 ²
1206 1273 1286 1326 vel
1313 1273 1520 1343 nuptias
1544 1272 1779 1335 faciunt,
1822 1275 1903 1328 vel
1946 1275 2132 1330 ineunt
2163 1293 2277 1332 ma·-

308 1350 613 1425 gistratum‚
652 1357 666 1384 ³
710 1352 790 1404 vel
831 1369 967 1424 opus
1007 1349 1282 1423 publicum
1317 1348 1597 1410 dedicant,
1653 1347 1825 1403 solent
1866 1363 2037 1404 totam
2076 1350 2269 1414 bulen,

2108 1440 2272 1498 atque

208 1586 239 1612 t.
269 1572 526 1622 Novarernus.]
558 1573 615 1610 Ne
642 1572 793 1622 quidem
823 1574 911 1611 haec
944 1585 1019 1611 vox
1049 1585 1068 1610 a
1101 1583 1179 1610 cot·
1207 1572 1211 1616 l
1252 1572 1397 1610 cellinus
1431 1571 1511 1610 Lib.
1536 1573 1700 1620 XXtV.)
1727 1572 1810 1610 hinc
1842 1570 1969 1616 fiebat,
1996 1578 2036 1609 ut
2070 1584 2198 1622 magna
2222 1575 2276 1613 vis

153 1626 321 1670 ruptione
353 1628 468 1673 potuit
504 1621 575 1661 effe
616 1635 740 1662 vacua.
791 1625 907 1662 Prima
934 1627 1032 1663 enim
1068 1625 1178 1661 editio
1207 1617 1212 1671 ξ
1254 1623 1427 1670 pecuniae
1451 1625 1487 1659 in
1512 1634 1591 1660 eam
1617 1624 1901 1662 distributionem
1929 1622 2138 1662 insumenda
2163 1623 2274 1663 esset:

153 1686 237 1712 cum
261 1675 360 1713 Voff.
391 1687 611 1718 notaremus,
640 1673 740 1723 quod
761 1677 936 1723 originem
965 1675 1104 1712 traxille
1125 1677 1179 1712 vi·
1207 1675 1211 1680 ’
1251 1673 1339 1710 ficut
1372 1674 1567 1721 Appuleius
1603 1672 1838 1712 Pudentillam
1881 1674 1979 1710 suam
2017 1674 2053 1710 in
2093 1676 2276 1724 Apologia

153 1724 258 1763 detur
287 1737 333 1763 ex
362 1726 533 1763 Catanaei
564 1737 801 1768 moveremus,
829 1725 1024 1774 quomodo
1044 1726 1100 1762 ille
1126 1725 1177 1762 le-
1207 1720 1211 1783 l
1251 1725 1369 1760 multo
1420 1724 1590 1761 omnium
1630 1723 1830 1762 dodtiffima
1867 1723 1981 1760 scribit
2017 1725 2276 1774 quinquaginta

153 1774 239 1823 giffe
261 1776 421 1819 videtur,
448 1778 483 1813 ὃ(
506 1775 624 1813 adhuc
642 1776 763 1812 vifitur
785 1777 818 1812 in
844 1776 1003 1824 margine
1024 1775 1173 1813 Ed.Ca·
1208 1786 1210 1819 l
1250 1775 1355 1812 millia
1382 1775 1580 1811 nummum
1609 1776 1645 1813 in
1669 1787 1749 1813 earn
1781 1785 1857 1811 rem
1892 1773 2064 1821 erogaffe.
2116 1777 2278 1824 Quocir-

154 1826 299 1864 sauboni
320 1827 357 1863 δι
382 1827 525 1864 Minois
577 1825 646 1863 Sed
666 1835 789 1863 tamen
807 1825 893 1863 illud
924 1827 1081 1864 vindicat
1101 1827 1177 1862 ltn-
1207 1824 1210 1855 l
1249 1835 1290 1861 ca
1314 1825 1439 1868 multi,
1465 1832 1502 1861 ut
1518 1824 1625 1863 hosce
1646 1827 1823 1864 immanes
1843 1824 2000 1869 sumtus,
2028 1826 2089 1874 qui
2120 1827 2157 1865 in
2177 1828 2275 1866 urbi-

154 1885 296 1924 peratot
319 1876 424 1924 Epist.
451 1876 663 1915 LXXXlV.
687 1876 850 1914 hammus
867 1877 972 1915 edie‘to
1003 1876 1077 1913 divi
1098 1880 1179 1913 Au·
1208 1882 1210 1909 t
1248 1874 1311 1911 bus
1334 1875 1372 1912 ὃς
1395 1885 1526 1922 magna
1545 1876 1743 1914 celebritate
1761 1875 1954 1913 hominum
1974 1876 2163 1915 occafione
2173 1878 2275 1927 spor-

151 1926 238 1976 gusti
256 1934 429 1964 novatam
456 1927 512 1976 effe
537 1926 639 1975 legem
668 1926 874 1976 Pompeiam.
898 1927 959 1965 ubi
986 1926 1079 1965 vide.
1106 1931 1177 1963 Cu·
1248 1927 1402 1963 tularum
1429 1927 1642 1973 nuptialium
1671 1925 1823 1964 faciendi
1850 1934 1972 1970 erant,
2010 1927 2206 1973 evitarent,
2233 1929 2273 1967 in

148 1976 348 2024 stodiuntur
368 1977 449 2026 leges
463 2005 474 2021 ‚
499 1976 546 2020 fi,
574 1985 614 2013 ut
628 1987 690 2026 par
708 1977 778 2022 est,
805 1986 968 2016 accurate
988 1978 1180 2016 observan-
1249 1977 1345 2014 villas
1362 1975 1573 2013 iubat-banas
1592 1978 1820 2020 secedentes,
1847 1976 1893 2013 ibi
1923 1977 2061 2024 nuptias
2080 1978 2198 2017 facere
2216 1979 2277 2018 so-

153 2036 222 2065 tut.
249 2027 336 2066 Plin.
361 2027 493 2076 Paneg.
522 2028 637 2066 LXV.
664 2039 700 2065 n.
726 2039 760 2065 2.
787 2041 854 2065 non
873 2029 1013 2077 ignarus
1032 2029 1178 2077 alioqui,
1251 2026 1381 2064 lebant.
1428 2026 1524 2064 Vide
1551 2026 1674 2066 annc.
1709 2028 1819 2074 Juret.
1857 2026 2010 2066 Doctus.
2049 2029 2194 2068 Miscell.
2227 2029 2274 2068 ad

155 2078 283 2116 nemini
311 2078 513 2130 religiosius,
538 2079 628 2128 quod
650 2078 850 2128 juraverit,
877 2079 1178 2120 custodiendum,
1249 2076 1462 2126 Symmach.
1488 2077 1567 2114 Lib.
1595 2078 1662 2116 lV.
1688 2077 1795 2127 Epist.
1809 2077 1893 2115 LV.
1920 2078 1958 2114 &
1977 2077 2149 2126 Scipionis
2171 2081 2275 2118 Cen-

156 2141 262 2178 quam
281 2129 377 2174 cujus
394 2142 547 2167 maxime
566 2129 718 2176 interest,
744 2141 811 2166 non
827 2131 986 2179 pejerare.
1009 2137 1080 2167 cet.
1101 2129 1180 2166 Lib.
1217 2137 1220 2176 ς
1246 2126 1322 2166 tilis'
1339 2127 1590 2165 Commentar.
1616 2130 1652 2167 in
1682 2128 1840 2178 Apolog.
1877 2127 2048 2176 Appuleii
2075 2140 2154 2178 pag.
2186 2141 2276 2178 417.

158 2180 190 2214 V
199 2179 263 2215 111.
299 2179 403 2227 Epist.
425 2181 483 2217 vX.
521 2191 556 2216 n.
598 2191 630 2218 1.
675 2180 759 2215 dum
780 2181 818 2228 se
845 2188 1095 2229 praegnantem
1123 2179 1180 2228 effe
1218 2180 1219 2189 ²
1246 2179 1319 2227 seq.
1349 2178 1514 2226 Uterque
1533 2178 1631 2216 bunc
1651 2182 1759 2218 etiam
1791 2179 1889 2217 Plinii
1917 2179 2024 2216 noflri
2055 2180 2178 2217 locum
2197 2182 2275 2219 lau-

150 2230 350 2278 puellariter
375 2231 475 2277 nescit
491 2257 500 2273 ,
527 2241 567 2264 ac
593 2238 651 2278 per
676 2229 737 2266 hoc
755 2230 928 2278 quaedam
948 2230 1180 2269 custodienda
1214 2192 1219 2275 l
1248 2227 1318 2267 dat.
1346 2229 1402 2264 Rs
1419 2240 1513 2266 ττε
1529 2242 1549 2265 R
1573 2243 1590 2266 s
1605 2242 1627 2266 Η
1642 2243 1664 2266 υ
1682 2245 1709 2267 s.
1750 2230 1803 2266 Ex
1831 2228 1964 2266 Nostro
1991 2229 2051 2267 tibi
2074 2239 2160 2267 nota
2188 2231 2273 2270 Lib.

146 2278 420 2329 praegnantibus
457 2281 592 2316 omittit
611 2306 621 2322 ‚
658 2279 740 2315 facit
770 2280 985 2318 omittenda.
1022 2281 1081 2318 ubi
1110 2283 1175 2318 alia
1213 2278 1216 2319 l
1251 2279 1296 2317 V.
1323 2278 1431 2326 Epist.
1459 2278 1563 2317 XVI.
1590 2292 1625 2317 n.
1651 2281 1684 2318 6.
1721 2282 1759 2317 δε
1788 2280 1867 2317 Lib.
1895 2279 1922 2317 1.
1953 2279 2058 2327 Epist.
2086 2280 2148 2318 lX.
2174 2293 2211 2318 n.
2237 2293 2274 2320 2.

154 2330 322 2378 adscripta
343 2330 496 2366 fuerunt.
526 2329 628 2376 Epist.
657 2327 762 2366 XVI.
787 2341 823 2366 n.
857 2343 889 2368 1.
915 2331 1005 2381 quod
1021 2339 1182 2378 perm1tto
1213 2322 1215 2365 l
1251 2340 1295 2365 ex
1326 2340 1408 2380 quo⁴
1434 2330 1563 2366 ultimo
1596 2330 1682 2368 loco
1706 2330 1811 2367 simul
1833 2341 1982 2378 quoque
2005 2329 2136 2374 disces,
2163 2342 2275 2370 voca-

147 2381 262 2428 servis
283 2393 409 2431 quoque
430 2380 524 2431 quast
544 2379 744 2422 testamenta
758 2380 896 2425 facere,
923 2394 1044 2431 eaque,
1072 2390 1111 2419 ut
1130 2382 1180 2418 le-
1212 2401 1215 2426 ;
1248 2388 1304 2416 tos
1323 2378 1424 2416 fuifle
1445 2379 1604 2424 amicos,
1631 2392 1713 2418 cum
1739 2381 1816 2430 quis
1844 2381 1982 2418 virilem
2009 2389 2134 2429 togam
2152 2382 2275 2431 sumef

152 2432 277 2480 gitima
292 2459 302 2473 .
330 2430 490 2468 custodio
533 2430 564 2466 L
578 2441 602 2465 ο
617 2441 702 2466 noo
717 2441 737 2466 1.
753 2442 763 2465 i
777 2442 800 2468 U
814 2442 830 2467 s
1212 2427 1214 2443 ³
1247 2438 1310 2467 ret.

203 2493 238 2518 2.
268 2481 324 2519 Vel
344 2480 480 2529 nuptias
498 2480 665 2526 faciunt]
696 2479 892 2528 Usurpatur
909 2480 998 2518 haec
1018 2480 1176 2519 formula
1213 2509 1214 2515 1
1298 2491 1332 2530 3.
1362 2480 1420 2518 Vel
1448 2488 1524 2528 opus
1551 2480 1722 2528 publicum
1745 2479 1944 2530 dedicant.]
1977 2480 2144 2519 Dedicare
2171 2488 2272 2530 opus,'

153 2530 291 2569 duobus
310 2531 450 2569 modis:
478 2541 561 2566 cum
585 2530 629 2567 de
649 2530 719 2578 ipsa
738 2542 874 2579 pompa
896 2532 934 2568 &
951 2532 1178 2570 solemnitate
1252 2530 1298 2567 est
1322 2531 1396 2578 ejus
1419 2530 1570 2580 perfeeli
1590 2532 1628 2568 δί
1649 2532 1888 2570 consummati
1908 2531 2007 2568 usum
2031 2533 2195 2580 auspicari
2215 2533 2274 2571 so·

158 2583 323 2630 nuptiali,
351 2593 420 2631 qua
454 2580 567 2629 palam
598 2581 666 2623 fit;
704 2589 782 2618 tum
816 2581 861 2619 de
894 2598 1064 2630 συνεσιᾳ,
1091 2594 1175 2620 cum
1246 2582 1409 2624 lennius;
1437 2582 1597 2628 inprimis
1617 2583 1791 2621 convivio
1821 2581 1999 2630 praebito:
2027 2582 2127 2631 quod
2158 2583 2271 2622 &hic

158 2641 251 2670 nova
274 2642 384 2680 nupta
405 2643 597 2679 novusque
627 2630 771 2668 maritus
800 2631 836 2668 in
866 2640 1013 2670 coetum
1041 2643 1176 2670 conve·
1211 2620 1214 2664 l
1246 2631 1406 2674 fastum,
1434 2631 1582 2669 verbum
1607 2645 1751 2676 vocare,
1770 2634 1857 2671 item
1876 2633 2099 2670 invitationes
2117 2643 2272 2679 quarum

161 2681 282 2727 nium,
310 2691 348 2720 ut
380 2694 463 2719 cum
499 2681 664 2718 Ausonio
693 2681 729 2718 in
765 2682 941 2726 Periochis
974 2682 1180 2721 Homericis
1249 2683 1440 2726 meminit,
1466 2682 1544 2719 satis
1576 2683 1776 2720 ostendunt.
1812 2683 2018 2720 Trebellius
2048 2683 2093 2720 de
2117 2682 2273 2723 Tetrico

163 2729 294 2778 loquat.
338 2733 398 2771 De
427 2733 586 2780 sportulis
610 2740 733 2769 autem
765 2732 974 2781 nuptialibus
999 2731 1100 2778 saepe
1129 2733 1180 2770 est
1246 2731 1396 2777 Juniote
1415 2733 1451 2770 in
1474 2732 1590 2770 XXX.
1618 2733 1824 2781 Tyrannis:
1849 2734 2055 2770 Tetricorum
2073 2733 2195 2771 domus
2213 2734 2276 2771 ho-

163 2781 254 2826 apud
271 2781 528 2830 Symmachum
545 2809 557 2827 ,
584 2790 622 2819 ut
645 2782 723 2819 Lib.
749 2780 818 2819 IV.
845 2781 952 2819 Erist.
980 2782 1180 2819 XthV.
1213 2799 1216 2833 Ι
1251 2782 1366 2832 dieque
1384 2792 1481 2820 extat
1500 2783 1536 2819 in
1566 2794 1678 2820 monte
1704 2783 1838 2824 Caelio,
1871 2794 1931 2821 &c
1969 2784 2097 2834 „Quam
2119 2797 2197 2821 cum
2213 2785 2275 2823 de-

166 2828 203 2864 &
247 2829 323 2868 Lib.
356 2833 406 2871 V.
457 2831 563 2880 Epist.
596 2832 737 2870 XX1V.
773 2832 811 2868 ὃ(
846 2832 926 2870 Lib.
965 2831 1030 2869 IX.
1069 2832 1178 2881 Epist.
1214 2848 1217 2870 ι
1251 2831 1434 2880 dicaſjent,
1464 2832 1699 2869 Aurelianum
1729 2834 1836 2882 ipsum
1868 2833 2030 2870 dicuntur
2060 2833 2128 2870 duo
2151 2836 2275 2874 Tetrici

167 2877 355 2919 LXXVII.
380 2883 631 2921 LXXXVIII.
659 2881 836 2920 XCVllI.
874 2883 1046 2930 Cumque
1068 2884 1180 2920 maxi·
1216 2901 1217 2918 1
1251 2882 1438 2930 adhibuisse
1460 2883 1627 2919 convivio.
1678 2883 1777 2922 Hinc
1806 2884 1987 2931 eleganter
2013 2882 2085 2921 hoc
2117 2884 2271 2924 verbum

167 2937 224 2964 ma
243 2927 431 2969 hominum
453 2942 594 2971 caterva
627 2931 756 2982 cupide
786 2932 945 2981 sportulis
964 2933 1181 2970 inhiantium
1216 2948 1218 2970 ι
1251 2931 1293 2967 ad
1322 2933 1401 2969 alias
1432 2943 1484 2968 res
1509 2930 1712 2969 transsatum
1740 2934 1809 2970 fuit
1828 2961 1838 2975 ‚
1875 2944 1968 2982 quae
1995 2934 2152 2982 primum
2179 2935 2275 2974 insti-

167 2979 359 3016 convolare
389 2982 535 3026 soleret,
570 2983 655 3033 <qua
686 2982 853 3021 aviditate
883 2984 991 3022 etiam
1014 2983 1062 3021 sui
1088 2991 1184 3020 tein-
1250 2989 1407 3019 tuuntur.
1461 2981 1713 3030 Hieronymus
1738 2983 1783 3025 ad
1817 2981 1995 3022 salvinam
2025 2983 2071 3022 de
2097 2985 2272 3024 Cornelio

166 3028 261 3076 poi-is
279 3028 412 3070 nobiles
429 3031 598 3074 laborasse
627 3033 796 3085 fignificat
831 3035 1053 3073 Ammianus
1083 3034 1182 3086 Mars
1252 3033 1488 3072 Centurione.
1548 3033 1629 3086 Qi
1658 3034 1792 3122 ἐξέωκε
1822 3032 1867 3070 ab
1901 3034 2055 3085 Apostolo
2084 3034 2270 3127 baptiffapas

1708 3095 1836 3123 0000
2195 3098 2214 3120 a
2231 3097 2270 3121 u-
