2616 3686
572 203 927 266 manta
990 203 1070 263 11ss
1135 203 1732 266 tP-r'SToLA·
1778 213 1846 270 V.
2189 243 2272 280 ui

198 286 322 360 non
341 309 590 372 tauquam
614 293 988 367 'affequutum
1010 303 1098 346 me
1119 289 1225 346 effe
1248 291 1468 346 credam
1482 330 1499 356 ‚
1533 292 1625 348 sed
1652 307 1906 367 tanquam
1927 297 2122 374 affequi
2137 302 2281 358 labo-

205 375 459 435 raverim,
493 367 842 426 fortaffe·non
863 364 1076 427 frustra,
1115 362 1346 425 fimodo
1371 378 1429 420 tu
1457 383 1641 421 curam
1667 381 1812 422 tuam
1857 368 2160 429 admoveris
2199 376 2279 430 in-

204 446 360 501 terim
386 443 548 508 'istis‚
584 458 713 497 mox
726 440 950 510 hisquae
963 437 1270 510 sequuntur.
1309 436 1474 492 Dices
1500 451 1553 491 te
1579 456 1688 494 non
1704 440 1849 510 poffe
1864 441 1980 495 satis
1994 445 2279 514 diligenter
2329 482 2390 520 ,Ο

199 518 261 573 id
289 517 500 580 facere,
530 513 622 571 nifi
643 510 785 584 prius
809 508 978 564 totam
1002 511 1272 563 actionem
1292 513 1634 581 cognoveris,
1660 512 1860 568 fateor:
1901 514 1955 568 in
1983 517 2272 585 praesentia

196 602 388 644 'tamen
425 584 481 643 dc
518 582 609 642 ista
637 580 747 638 tibi·
777 579 1114 637 familiariora
1149 581 1279 637 fient
1306 620 1322 645 ,
1375 582 1431 637 &
1456 585 1720 655 quaedam
1745 603 1814 639 ex
1837 585 1915 639 his
1941 588 2059 641 talia
2084 601 2269 654 erunt,

201 676 263 717 ut
301 679 397 734 per
432 671 601 731 partes
619 650 912 710 *emendari
952 652 1166 726 poffint.
1241 653 1460 710 Etenim
1501 656 1538 710 fi
1589 665 1605 691 ³
1649 658 1884 713 avulsum
1936 658 2131 715 statuae
2183 679 2271 718 ca·
2324 683 2375 726 11

204 747 326 805 put,
367 744 454 787 aut
478 727 779 786 membrum
818 725 1034 799 aliquod
1061 726 1377 796 inspicereS,
1415 745 1534 782 non·
1561 742 1617 784 tu
1644 730 1870 802 quidem
1905 748 1975 785 ex
1990 733 2080 787 illo
2096 735 2267 803 poss'es

205 790 605 875 congruentiam
627 793 1106 872 aequalitatemque
1129 799 1536 870 deprehendere
1557 840 1573 865 ,
1611 802 1781 873 posses
1818 816 1995 858 tamen
2027 806 2268 874 judicare
2412 863 2418 867 ,

203 887 266 931 an
289 873 512 945 idipsum
537 873 652 928 satis
675 873 884 943 elegans
909 872 1051 928 esset.
1129 873 1247 928 Nec
1274 872 1371 926 alia
1395 890 1465 926 ex
1491 874 1638 928 causa
1661 878 1678 903 ⁴
1713 877 1970 948 principia
2009 877 2268 936 librorum
2323 897 2380 934 12

201 946 677 1010 circumferuntur,
714 961 872 1016 quarn
893 947 1017 1016 quia
1042 943 1367 999 existimatur
1390 962 1507 1016 pars
1528 946 1700 1017 aliqua
1725 950 1883 1002 etiam
1915 948 2020 1004 fine
2044 954 2268 1007 caeteris

199 1018 299 1072 effe
330 1016 577 1086 perfetta.
633 1013 1257 1091 Longius-me‘provexit
1284 1016 1522 1072 dulcedo
1545 1018 1806 1090 quaedam
1831 1034 2011 1076 tecum
2041 1024 2267 1095 loquen-

197 1090 269 1144 di.
300 1089 390 1145 sed
411 1089 515 1158 jam
543 1090 704 1145 finem
739 1088 928 1144 faciam
954 1127 969 1152 ,
1004 1107 1073 1144 ne
1098 1089 1353 1154 modum,
1376 1095 1732 1163 quemssetiam
1756 1095 1988 1150 orationi
2011 1096 2268 1161 adhiberi·-

195 1160 322 1220 'dum
347 1176 509 1234 puto,
545 1158 1137 1234 in-epistolassexeedam.
1177 1161 1327 1217 Vale.
2249 1179 2254 1186 ¹

521 1296 627 1355 Vl.
700 1297 770 1354 C.
843 1298 1296 1357 ΡιῙΝιυε
1370 1300 1383 1325 ’
1461 1301 1787 1359 Ανῑτο
1861 1303 1914 1359 S.

2148 1444 2264 1498 Ad-

242 1585 261 1611 1
291 1568 531 1621 Affecutum]
558 1570 786 1608 varietatem
809 1570 981 1608 orationis
993 1573 1196 1612 commode
1230 1572 1378 1621 brogius
1399 1577 1568 1621 notavit,
1596 1577 1635 1615 δε
1666 1578 1704 1616 in
1738 1577 1864 1614 oxon.
1887 1574 2029 1625 legitur.
2053 1578 2257 1621 Helmstad.

191 1620 391 1661 distinxiss'e.
419 1622 487 1658 CA
503 1635 525 1658 T
541 1631 611 1656 AN.
638 1619 816 1667 Vulgatac
829 1631 982 1658 omnes:
1009 1621 1195 1668 assecutum
1239 1624 1276 1660 δε
1298 1625 1459 1663 Arnzen.
1481 1626 1551 1673 istis
1572 1629 1758 1664 omittunt.
1789 1625 1893 1664 Idem
1918 1628 2110 1668 Mediceus
2134 1644 2142 1668 :
2171 1645 2255 1669 mox

189 1671 248 1721 effe
280 1686 340 1710 me
372 1673 512 1710 credam
537 1699 549 1716 ‚
586 1670 624 1707 &
656 1678 786 1706 notum
808 1668 880 1713 est,
908 1670 1088 1719 eleganter
1109 1674 1193 1711 Pro·
1237 1673 1312 1718 his,
1339 1687 1403 1723 que
1413 1676 1596 1724 secuntur.
1615 1677 1700 1719 mu
1722 1677 1842 1715 Codd.
1855 1678 2049 1727 sequentur
2074 1709 2085 1726 ‚
2113 1683 2152 1720 &
2188 1683 2255 1731 iis,

190 1735 331 1761 nomen
354 1735 430 1760 non
450 1721 580 1759 Verbo
603 1717 812 1763 Infinitivo,
839 1718 897 1756 sed
922 1720 1097 1761 Indicanti
1119 1735 1194 1762 non
1238 1735 1305 1772 pro
1327 1723 1403 1770 his,
1433 1727 1616 1764 exhibent.

190 1772 254 1811 suo
275 1774 444 1822 adiungi,
471 1780 511 1809 ut
533 1771 653 1809 multis
674 1769 993 1818 comprobavimus
1005 1771 1050 1810 ad
1064 1774 1194 1811 Sallust.

191 1822 271 1861 Cat.
295 1836 370 1872 cap.
393 1820 572 1860 XLVIII.
594 1834 628 1859 n.
650 1833 684 1867 4.
734 1825 767 1858 Is
786 1831 864 1858 cum
884 1821 917 1858 se
940 1820 1074 1860 diceret
1104 1823 1194 1862 indi-

194 1881 359 1910 caturum
381 1874 421 1911 de
440 1871 675 1912 coniuratione
699 1899 724 1916 ,.
737 1870 775 1909 δε
796 1869 842 1909 ad
862 1872 1004 1910 Lucani
1026 1873 1108 1913 Lib.
1128 1875 1194 1914 ΙΙΙ.

196 1933 246 1959 vs.
275 1923 333 1971 83.

1285 1786 1303 1824 3
1336 1775 1559 1826 Avulsum.]
1589 1777 1818 1828 Exempturn
1842 1806 1853 1823 ‚
1882 1776 2149 1821 detruncatum.
2178 1785 2255 1823 Sta-

1235 1825 1303 1863 tuis
1327 1827 1426 1864 enim
1448 1826 1608 1866 solebant
1630 1841 1699 1878 pro
1721 1829 1867 1868 arbitrio
1892 1832 2006 1879 capita
2030 1833 2180 1873 demere
2215 1838 2254 1876 &

1235 1885 1412 1925 reponere
1426 1906 1436 1922 ,
1465 1880 1593 1928 quibus
1616 1881 1722 1918 aliam
1744 1889 1855 1930 atque
1878 1881 1984 1919 aliam
2008 1883 2168 1933 effigiem
2190 1888 2254 1926 ad-

1236 1924 1367 1964 debant
1387 1929 1581 1968 interdum.
1610 1930 1763 1970 Cum.
1794 1931 1876 1970 Hac
1898 1932 1943 1970 de
1967 1944 2005 1971 re
2029 1932 2075 1972 fic
2100 1936 2254 1979 Sueton.

1233 1976 1268 2012 in
1294 1977 1406 2027 Calig.
1430 1991 1505 2029 cap.
1530 1980 1649 2018 XXII.
1680 1987 1775 2020 Dato
1797 1983 1954 2031 negotio,
1991 1995 2031 2021 ut
2050 1984 2251 2034 stmulacra

1238 2029 1436 2066 Numinum
1463 2052 1525 2061 -—-
1548 2041 1840 2082 apportarentur,
1867 2033 1993 2083 quibus
2023 2037 2131 2085 capite
2152 2040 2251 2077 dem-

1218 2087 1266 2121 ¹to
1281 2079 1391 2128 suum
1413 2081 1611 2129 imponeret.
1640 2084 1676 2120 V
1691 2097 1712 2121 E
1729 2097 1748 2121 E
1764 2097 1788 2121 N
1805 2096 1838 2123 H.
1866 2084 2059 2124 Mediceus
2071 2089 2248 2138 avolsum.

1233 2129 1412 2178 Corrupte
1434 2140 1559 2171 autem
1582 2134 1783 2174 Helmstad.
1813 2136 1889 2185 Etfi
1906 2136 1998 2173 enim
2018 2138 2199 2187 avulsum.

1279 2193 1302 2226 4
1331 2183 1509 2232 Principia
1555 2184 1775 2235 librorum]
1826 2186 1880 2223 Ea
1928 2188 2092 2236 intelligit
2116 2217 2125 2233 ,
2153 2202 2248 2239 quae

1223 2230 1389 2282 auctores
1411 2233 1612 2282 speciminis
1633 2236 1720 2273 loco
1744 2236 1877 2275 offerre
1900 2239 2023 2275 amicis
2056 2247 2118 2276 aut
2150 2244 2249 2288 peri·

1221 2280 1368 2320 rioribus
1390 2283 1574 2329 solebant,
1601 2294 1642 2323 ut
1676 2297 1720 2323 ex
1754 2289 1802 2324 eis
1835 2286 1961 2324 darent
1993 2287 2168 2326 iudicium
2197 2292 2243 2332 de

1222 2337 1303 2368 toto
1329 2343 1440 2380 opere
1461 2335 1679 2385 integroque
1709 2337 1812 2374 libro.
1865 2336 1989 2375 Habes
2024 2341 2239 2388 exemplum

1220 2380 1316 2426 apud
1336 2382 1542 2421 Phaedrum
1566 2385 1646 2423 Lib.
1671 2385 1738 2422 IV.
1760 2385 1840 2424 Fab.
1866 2387 1952 2424 VH.
1977 2388 2035 2426 ubi
2070 2399 2240 2432 notanter

1222 2429 1401 2468 Phaedrus
1423 2432 1536 2472 subdit
1559 2463 1569 2478 ,
1596 2435 1682 2484 quid
1711 2435 1777 2472 tihi
1808 2436 1954 2474 videtur
1976 2447 1991 2475 ,θ
2023 2440 2238 2483 SCHEFFER.

1224 2478 1420 2518 Lindenbr.
1442 2483 1612 2532 Bongarll
1638 2486 1836 2524 Helml‘tad.
1861 2489 1899 2525 δε
1924 2490 2034 2526 Arnz.
2054 2491 2236 2541 principio-

1221 2543 1301 2567 rum
1325 2531 1408 2568 libri
1426 2533 1747 2581 circumferuntur‚
1775 2538 1922 2577 notabili
1955 2551 2086 2578 errore.
2139 2543 2237 2583 Mox

1224 2581 1436 2620 Medii-eus:
1466 2598 1536 2634 qua
1557 2589 1641 2636 quia
1661 2586 1896 2634 existimatur.
1925 2591 2125 2633 Lindenbr.
2150 2606 2235 2644 pars

1222 2631 1343 2683 aliqua
1365 2635 1403 2671 δέ
1419 2633 1493 2684 fine
1513 2638 1639 2675 ceteris.

1272 2697 1288 2732 ς
1324 2684 1474 2731 Avito.]
1514 2688 1596 2725 Scio
1627 2689 1790 2726 Avitum
1811 2691 2039 2728 Antoninum
2061 2705 2233 2741 procura*

1218 2740 1339 2771 torem
1374 2735 1530 2775 Caesaris
1561 2739 1599 2776 in
1632 2740 1755 2778 Cilicia
1786 2741 1911 2780 iisdem
1944 2744 2071 2791 quibus
2095 2746 2232 2785 Secun-

1223 2783 1310 2821 dum
1334 2788 1558 2834 temporibus
1581 2789 1759 2835 floruisse,
1787 2794 1825 2830 ἃ
1849 2793 1976 2831 divum
1992 2794 2230 2836 Antoninum

1220 2835 1358 2872 Martio
1397 2839 1512 2874 Avito
1541 2840 1702 2879 Praetori
1729 2842 1932 2892 rescripsisse
1956 2874 1966 2890 ‚
2003 2856 2045 2881 ac
2066 2849 2229 2886 Avitum

191 2879 305 2924 trivam
325 2889 424 2916 tuam
447 2882 647 2920 admoveris
665 2882 746 2929 istis.
775 2883 795 2920 S
810 2894 870 2920 cn
885 2896 905 2920 E
920 2896 938 2920 F
955 2896 984 2921 F.
1025 2885 1108 2922 Sine
1132 2885 1183 2923 di·
1220 2887 1426 2923 Stertinium
1455 2894 1707 2930 monumentis
1740 2905 1759 2929 a
1792 2894 1945 2933 Martial.
1980 2897 2200 2937 celebratum
2217 2929 2228 2944 ‚

189 2915 368 2966 uinetione
379 2930 587 2970 Mediceus:
615 2934 815 2971 admoveris
837 2935 990 2972 interem
1003 2933 1094 2981 istis,
1121 2939 1182 2986 qui
1222 2945 1262 2973 ut
1284 2938 1452 2974 omittam
1478 2939 1678 2978 Lollianum
1712 2944 1870 2982 Avitum
1900 2947 2020 2985 virum
2054 2948 2230 2988 Consula-

191 2980 294 3009 more
313 2973 373 3013 suo
393 2979 558 3027 intorem,
583 2994 650 3032 pro
672 2984 817 3022 interim
839 2983 969 3033 scripsit
992 3000 1001 3029 ;
1031 2997 1107 3034 quo
1130 2995 1180 3024 ta-
1221 2998 1298 3024 rem
1313 3016 1322 3030 ,
1352 2990 1454 3036 cujus
1483 2991 1709 3040 Capitolinus
1744 2997 1782 3034 &
1815 2997 1992 3046 Apulejus
2015 3001 2231 3038 meminere,

194 3028 279 3055 men
311 3022 520 3083 saffo-alios·
547 3033 686 3080 induxit
718 3044 757 3072 ut
791 3034 937 3073 absurde
967 3036 1179 3076 scriberent:
1223 3037 1291 3075 Sed
1315 3037 1417 3081 Julio
1438 3041 1574 3086 Avito,
1601 3052 1664 3081 aut
1685 3046 1800 3090 ‘junio
1823 3047 1985 3098 scriptam
2011 3049 2112 3088 fuisse
2133 3051 2227 3089 hanc

190 3069 386 3125 admovent
411 3086 637 3132 interremptis
652 3111 661 3129 ,
684 3084 785 3134 quod
816 3096 861 3124 ex
883 3085 932 3125 V.
955 3086 998 3139 Εξ
1021 3087 1184 3128 Linden-
1220 3087 1418 3139 Epistolam
1441 3091 1677 3135 crediderim:
1705 3107 1792 3138 nam
1825 3098 1938 3145 Junii
1966 3100 2081 3140 Aviti
2111 3102 2225 3138 Aedi--

2126 3150 2252 3190 utatis,

237 2039 341 2050 ——-
388 2042 462 2054 —
507 2039 579 2052 ——
628 2026 679 2061 Et
700 2035 769 2061 non
789 2021 823 2061 se
846 2022 968 2062 mallet
990 2025 1120 2067 amari.

187 2123 261 2160 Hic
283 2132 404 2162 tamen
425 2135 510 2162 cum
530 2123 697 2163 Verbum
721 2122 949 2163 Infinitivum
973 2128 1188 2175 praecedat,

185 2172 288 2221 quod
309 2175 365 2212 alii
387 2175 460 2214 fere
480 2177 517 2214 in
537 2174 597 2214 ista
620 2174 861 2225 collocatione
890 2175 1101 2225 subiungere
1133 2180 1188 2218 so—

182 2222 257 2260 lent
272 2252 281 2268 ,
309 2235 349 2262 ac
371 2226 600 2264 membranae
622 2224 814 2264 Mediceae
836 2226 1062 2278 praeferant:
1090 2231 1188 2277 adfe-

184 2285 303 2310 cutum
326 2286 386 2312 me
409 2273 478 2313 esse
499 2278 639 2313 credam
656 2304 665 2320 ,
693 2277 790 2314 hunc
820 2277 940 2326 potius
973 2278 1140 2318 ordinem
1168 2294 1187 2320 a

180 2323 299 2362 Plinio
337 2323 406 2364 effe
432 2326 571 2364 censeo.
599 2328 737 2364 Ceteris
763 2338 877 2372 vero,
904 2335 946 2364 ut
972 2328 1189 2376 delle-anilis,

183 2375 340 2423 ingratus
380 2375 446 2413 fuit
487 2377 686 2414 litterarum
721 2390 757 2413 m
790 2391 825 2414 m
861 2377 1084 2416 concursus:
1113 2393 1184 2429 qua

181 2424 228 2462 de
251 2425 363 2463 caussa
388 2427 485 2475 plura
509 2435 674 2464 veterum
694 2426 776 2463 loca
798 2437 965 2477 corrupta
990 2427 1059 2466 effe
1084 2457 1094 2472 ,
1133 2431 1184 2469 di-

179 2475 297 2512 ximus
325 2477 423 2525 supra
450 2477 494 2515 ad
524 2478 603 2515 Lib.
631 2477 657 2514 1,
682 2475 788 2525 Epist.
811 2477 873 2514 XI.
895 2480 1004 2526 princ.
1035 2479 1186 2519 Coun-2.

226 2537 248 2562 2
277 2526 385 2575 lst'is.j·
435 2527 474 2565 Id
505 2528 551 2564 cst
576 2556 586 2571 ‚
624 2528 713 2576 parti
737 2556 747 2571 ,
785 2539 896 2577 quam
920 2528 1010 2566 miii.
1038 2534 1126 2566 Mox
1149 2533 1187 2570 iis

202 2589 266 2623 uae
287 2575 516 2627 sequentum]
559 2577 600 2615 Id
634 2577 681 2614 est
706 2580 738 2615 ei
771 2580 860 2626 parti
881 2607 891 2623 ,
929 2591 1040 2628 quam
1064 2581 1183 2629 postea

181 2587 372 2665 destinabo.
398 2630 479 2676 Jain
504 2629 602 2665 enim
626 2629 849 2677 praedixerat
870 2629 1021 2668 astionis
1043 2640 1181 2680 partem

186 2677 350 2716 exhibere
374 2707 384 2724 ,
422 2679 603 2727 quaedam
636 2680 733 2728 apud
764 2679 798 2716 se
819 2682 1006 2719 continere
1030 2683 1067 2719 in
1089 2683 1181 2722 aliud

183 2728 332 2775 tempus.
361 2730 392 2766 C
407 2743 427 2767 Α
443 2742 464 2767 ἰ·
481 2742 503 2766 Α
518 2741 555 2766 Ν.
581 2731 798 2767 Admoveris
812 2758 822 2774 ,
847 2731 990 2768 interim
1010 2731 1090 2778 istis.
1129 2735 1182 2772 A-

183 2770 267 2822 liqui
288 2790 353 2827 pro
383 2789 570 2819 commate
600 2780 658 2819 hic
691 2780 871 2829 pandum
906 2791 1048 2830 ponunt
1078 2799 1090 2827 ;
1129 2785 1186 2823 sed

189 2821 298 2865 abesse
320 2828 422 2868 debet
445 2832 564 2869 omnis
597 2830 786 2870 distimftio.
815 2832 1025 2872 Cohaerent
1059 2835 1180 2879 enim,
