2616 3686
436 185 1852 242 .L113ER1x.EP1sT0LA.x11.
2174 206 2271 261 649

151 284 382 348 quamne
405 264 593 328 fecisti,
636 264 790 338 quod
816 282 843 318 a
869 275 1020 336 patre
1042 266 1242 336 corripi
1266 265 1467 337 poffet?
1508 274 1524 298 ¹
1545 268 1912 339 fecisti‚dico?
1952 273 2081 328 Non
2105 276 2269 330 inter-

153 349 284 403 dum
305 340 429 397 facis
453 378 469 403 ,
507 339 661 412 quod
688 339 822 393 filius
846 351 967 393 tuus
991 378 1006 403 ,
1048 337 1083 393 fi
1113 353 1338 410 repente
1364 347 1513 412 pater
1535 343 1622 397 ille
1644 382 1659 406 ,
1711 359 1767 397 tu
1797 343 1931 399 filius
1958 384 1974 407 ‚
2014 350 2125 417 >pari
2154 367 2270 418 gra-

150 424 313 475 vitate
351 413 748 487 reprehendat?
800 418 818 443 ²
845 414 972 467 Non
1010 431 1197 469 omnes
1238 415 1484 470 homines
1523 417 1699 490 aliquo
1733 435 1917 472 errore
1948 421 2218 473 ducuntur
2250 421 2266 472 ?
2339 483 2344 489 .

151 509 261 550 non
287 490 370 544 hic
391 494 442 544 in
465 490 556 543 illo
580 488 670 543 fibi
693 531 709 555 ,
731 489 785 542 in
812 487 916 541 hoc
942 488 1067 542 alius
1093 488 1375 561 indulget?
1409 496 1426 525 ³
1454 489 1611 545 Haec
1636 491 1730 546 tibi
1751 491 2055 547 admonitus
2074 493 2265 547 immo-
2286 518 2314 550 z

152 567 306 622 dicae
327 564 617 619 severitatis
646 562 902 633 exemplo
927 604 944 629 ,
995 580 1096 634 pro
1124 581 1309 618 amore
1335 580 1528 620 mutuo
1551 603 1567 629 ‚
1620 564 1797 639 scripsi
1819 603 1833 629 ,
1874 584 1942 620 ne
1964 567 2183 640 quando
2211 581 2271 622 tu

150 657 370 716 quoque
400 639 568 694 filium
610 651 769 692 tuum
805 636 1047 692 acerbius
1081 634 1371 711 duriusque
1409 639 1674 696 troclares.
1749 647 1770 676 ⁴
1808 640 2006 714 Cogita
2042 641 2273 696 &illum

154 731 382 789 puerum
404 713 507 767 efle
533 750 548 775 ‚
596 711 651 766 &
675 726 728 766 te
752 709 900 766 fuiffe
926 737 942 775 ·‚
985 717 1005 747 ³
1036 723 1198 785 atque
1218 715 1289 768 ita
1311 714 1415 768 hoc
1445 754 1462 778 ,
1515 717 1668 788 quod
1695 733 1746 771 es
1767 730 1951 788 pater,
1989 729 2173 781 utere,
2213 730 2272 771 ut

151 789 480 851 memineri3‚
525 787 578 840 &
608 786 883 842 hominem
907 785 1011 841 effe
1035 802 1119 852 te,
1162 787 1217 842 &
1246 789 1482 844 hominis
1506 804 1730 863 patrem.
1773 791 1909 848 Vale.

2133 864 2276 922 XIII.

150 986 220 1015 mo
246 1002 256 1020 ,
291 975 330 1012 &
347 980 389 1012 ut
408 973 610 1012 detraheres
631 984 674 1013 ac
698 972 934 1022 diffamares,
962 972 1112 1012 videaris
1132 972 1184 1012 fe-

148 1024 244 1065 ciffe.
281 1025 377 1063 Vide
398 1025 624 1063 Plutarchum
655 1025 906 1071 defadulatoris
930 1026 968 1062 ὃς
988 1026 1094 1063 amici
1115 1025 1179 1061 dis-

149 1077 299 1115 crimine
320 1077 412 1113 circa
445 1073 555 1112 finem
575 1075 679 1113 libelli
702 1089 710 1114 :
750 1077 811 1113 ubi
833 1076 1024 1125 praecipit,
1053 1075 1178 1124 quibus

151 1127 343 1165 rationibus
361 1125 546 1174 castigandi
569 1127 686 1164 amici.
712 1127 825 1164 Solon
845 1126 941 1174 apud
962 1125 1181 1163 Ausonium:

153 1177 261 1215 clam
283 1188 442 1226 coarguas
461 1176 612 1214 amicum
626 1204 635 1220 ‚
641 1177 704 1226 sed
721 1177 842 1226 palam
864 1176 1077 1213 laudaveris.
1103 1177 1179 1213 He·

150 1227 343 1265 braeorum
365 1229 471 1265 etiam
493 1226 630 1264 dietum
651 1227 721 1265 est:
755 1227 881 1264 Melias
907 1227 949 1273 est
969 1227 1122 1270 homini,
1143 1237 1181 1267 ut

153 1278 354 1327 conjiciatur
372 1278 409 1315 in
427 1278 603 1315 caminum
629 1278 715 1326 ignis
734 1305 744 1321 ‚
782 1291 887 1330 quam
917 1288 956 1314 ut
969 1277 1091 1326 palam
1106 1289 1183 1326 pro-

154 1328 290 1366 ximum
303 1329 408 1377 suum
440 1327 623 1376 ignominia
648 1327 787 1375 afficiat.
840 1328 1028 1365 Habemus
1052 1327 1096 1365 de
1116 1329 1182 1365 hac

148 1389 192 1416 re
210 1380 248 1416 δε
271 1378 397 1416 Christi
415 1378 520 1426 ipfius
529 1388 756 1428 praeceptum
771 1378 944 1416 Matthaei
954 1379 1183 1427 cap.XVIll.

150 1440 207 1476 vs.
227 1440 286 1477 25.
316 1429 575 1467 uacuum.

212 1489 244 1516 ῐ.
271 1478 385 1524 Fecisti
417 1479 499 1515 dico.
539 1485 618 1514 Non
650 1479 862 1527 interdum]
900 1477 1018 1515 Scribe
1038 1507 1049 1522 ‚
1073 1479 1183 1526 fictsti

153 1529 229 1566 dico
240 1529 260 1567 ,Ρ
288 1540 355 1564 non
375 1528 560 1565 interdum.
584 1528 621 1572 >C
638 1539 659 1564 Α
674 1540 688 1563 s
707 1540 726 1563 Α
740 1540 764 1565 u
779 1540 811 1566 Β.
840 1534 919 1563 Non
933 1530 1109 1566 interdum
1119 1533 1184 1574 fa-

153 1579 225 1623 cis,
253 1579 340 1628 quod
354 1577 473 1624 filius,
500 1576 598 1627 aaa]
629 1576 735 1614 Ordo
757 1578 796 1615 &
814 1577 930 1615 sensus
950 1579 998 1616 est
1021 1591 1029 1616 :
1058 1591 1182 1619 nonne

158 1630 341 1667 interdum
374 1627 456 1665 facis
474 1655 485 1671 ‚
532 1628 633 1676 quod
661 1627 749 1665 filius
775 1636 858 1665 tuus
885 1630 956 1675 pari
987 1632 1182 1677 gravitate,

80 1676 88 1681 ”
157 1690 230 1728 qua
258 1679 306 1717 est
333 1689 352 1714 a
382 1685 418 1715 te
439 1677 620 1725 castigatus
642 1705 653 1721 ‚
692 1677 952 1726 reprehendere
975 1680 1180 1727 poffitAi,

161 1729 266 1767 verso
288 1736 434 1766 naturae
455 1728 581 1766 ordine
598 1756 609 1772 ‚
635 1728 693 1766 ille
712 1737 810 1776 pater
830 1755 841 1772 ‚
879 1737 919 1766 tu
948 1738 1073 1767 contra
1093 1730 1182 1770 filius

161 1779 238 1827 ejus
259 1778 424 1817 existeres
446 1777 461 1814 ?
500 1778 525 1815 Β
539 1793 561 1816 υ
576 1790 600 1815 c
617 1791 638 1815 u
654 1791 677 1815 N
692 1790 711 1814 E
727 1791 766 1817 n.
804 1779 905 1827 Lege
931 1780 967 1817 in
991 1780 1086 1818 hunc
1106 1782 1166 1820 sen

157 1830 237 1867 sum
261 1830 357 1878 plura
374 1828 469 1876 apud
489 1828 643 1867 Terent.
659 1828 862 1868 Heautont.
895 1830 980 1868 Ad.
1006 1831 1052 1868 11.
1079 1836 1133 1870 sc.
1156 1834 1183 1871 1.

163 1880 276 1928 princ.
299 1879 453 1927 Adelph.
475 1879 544 1916 A&
580 1880 606 1916 1.
633 1878 690 1917 Sc.
707 1880 755 1916 II.

219 1940 253 1965 2.
283 1935 361 1965 Non
390 1942 501 1966 omnes
529 1929 675 1968 homines
704 1930 817 1982 aliquo
845 1943 952 1969 errore
972 1932 1183 1987 dammum]

166 1978 363 2029 Sophocles
385 1979 589 2029 Antigone:

399 2079 595 2129 ἄιέρῶποιω
620 2080 690 2129 ’γὰρ

213 2134 293 2173 Τοῖς
319 2133 411 2167 xiia-t
437 2134 534 2168 κοινόν
561 2132 611 2172 ἒςι
638 2133 930 2182 τούξαμαρτάνειν.

217 2214 347 2249 Errare
365 2213 489 2249 cunflis
508 2211 649 2261 insitum
667 2213 886 2252 mortalibus.

165 2288 200 2326 C
214 2301 235 2325 A
248 2302 272 2327 τ
289 2303 307 2326 Α
322 2303 359 2327 Ν.

218 2351 251 2389 3.
280 2346 368 2378 Haec
388 2339 483 2389 tibi.]
514 2339 620 2377 Ordo
633 2366 644 2383 ,
668 2339 864 2378 admonitus
882 2341 1028 2390 exemplo
1046 2338 1184 2387 culpane

166 2389 231 2428 dae
251 2390 442 2435 sbveritatis
452 2390 571 2441 seripfi
588 2390 668 2428 hae:
690 2391 751 2428 tibi
771 2403 884 2428 amore
912 2402 1030 2427 mutuo
1086 2390 1185 2426 Nam

163 2439 363 2479 Martianus
401 2442 445 2477 ad
480 2442 598 2489 legem
637 2441 848 2490 Pompejam
886 2441 931 2478 cle
970 2439 1154 2489 parricidiis
1175 2467 1186 2483 ‚

167 2492 296 2533 Patria
319 2518 329 2534 ‚
365 2491 480 2538 inquit
501 2519 510 2534 ,
543 2492 684 2540 potestas
702 2492 738 2528 in
753 2491 877 2539 pietate
897 2491 990 2528 deber
1010 2519 1021 2534 ‚
1057 2502 1123 2526 non
1149 2490 1186 2527 in

166 2542 346 2579 atrocitate
375 2540 544 2586 consistere.
595 2542 694 2578 Hinc
719 2569 730 2586 ,
765 2541 941 2579 referente
973 2541 1187 2588 l'apitiian0‚

166 2590 350 2641 TraJ'anus
372 2591 574 2640 Imperator
588 2592 706 2639 coegit
735 2600 873 2640 patrem
901 2593 1125 2639 emancipare
1148 2589 1188 2626 fi-

165 2640 255 2679 lium
277 2670 287 2686 ‚
325 2653 437 2692 quern
469 2642 568 2679 male
584 2642 750 2679 tractabat
768 2651 890 2679 contra
911 2636 1188 2690 patriun'pieta-

168 2697 255 2730 tem.
281 2693 468 2730 CATAN.
495 2691 599 2730 Voss.
625 2692 770 2730 Helmst*
805 2692 905 2729 Arnz
945 2695 980 2729 ὅ(
1014 2691 1077 2729 Ed.
1103 2691 1208 2739 Vct„

171 2743 338 2788 exemplo,
364 2753 469 2780 more
501 2754 618 2781 mutuo
641 2771 652 2787 ,
671 2743 796 2794 scripsi.
825 2742 891 2780 Sed
911 2743 1104 2791 Optimus:
1132 2750 1189 2789 pro

174 2801 284 2828 amore
304 2803 421 2830 mutuo
434 2821 442 2832 .
469 2792 578 2843 idque
601 2806 647 2833 ex
657 2793 783 2831 Tullio
802 2793 945 2841 aliisque
965 2793 1102 2830 cuilibet
1123 2803 1191 2828 no·

175 2845 253 2877 turn
277 2842 336 2880 est.
361 2842 504 2892 Crispus
533 2843 613 2892 Jug.
640 2855 711 2892 cap.
737 2844 803 2881 IX.
829 2855 864 2881 n.
884 2856 919 2880 2.
958 2844 1033 2881 Tibi
1053 2843 1190 2892 quidem

1302 975 1502 1012 Multorum
1521 984 1597 1011 cum
1610 978 1712 1023 faeta
1724 977 1829 1026 finex
1846 987 1888 1017 ω’
1909 976 2001 1016 α’ἱέῖα
2022 978 2183 1027 recenses;

1304 1030 1373 1061 Fac
1394 1024 1456 1062 til-i
1463 1025 1673 1073 succurrant
1691 1029 1837 1077 juvenis
1858 1040 1950 1078 quae
1971 1028 2093 1069 feceris
2112 1030 2195 1077 ipse.

1250 1124 1366 1172 Quod
1386 1127 1468 1176 quia
1497 1127 1710 1177 plerumque
1733 1129 1908 1166 omittunt
1938 1135 2053 1176 patres
2074 1156 2084 1172 ‚
2121 1129 2205 1167 inde
2221 1131 2278 1171 illa

1251 1176 1388 1214 Cliniae
1407 1179 1551 1226 querela
1571 1179 1668 1228 apud
1698 1179 1899 1217 Cornicum
1920 1179 1970 1217 est
1985 1179 2278 1230 Heautontimffi

1249 1236 1424 1265 rumeno:

1300 1327 1430 1382 Qam
1462 1329 1573 1382 iniqui
1593 1333 1682 1382 siant
1706 1340 1822 1383 patres
1857 1332 1893 1372 in
1914 1344 2027 1370 omnes
2058 1332 2279 1384 adolescentes

1372 1380 1504 1426 judices
1516 1398 1528 1418 .-

1302 1429 1383 1480 Qi
1405 1442 1552 1480 aequum
1572 1433 1628 1483 effe
1645 1433 1774 1482 censent
1795 1461 1807 1479 ,
1842 1446 1900 1471 nos
1925 1433 2002 1481 jam
2023 1445 2046 1469 a
2065 1431 2171 1481 pueris
2192 1433 2278 1473 illico

1379 1481 1471 1527 nasci
1487 1483 1596 1528 fimes:

1303 1535 1419 1628 Neqsse
1438 1532 1581 1588 illarum
1602 1535 1724 1585 affines
1747 1546 1864 1572 rerum
1884 1532 2057 1585 effe,quas
2066 1537 2144 1580 firt
2165 1535 2280 1574 adole-

1393 1593 1511 1620 centza.
2128 1604 2135 1606 -

1302 1634 1359 1666 Ex
1370 1630 1439 1680 sua
1460 1633 1606 1670 libidine
1629 1635 1856 1673 moderantur
1869 1662 1880 1680 ‚
1900 1646 1990 1672 nunc
2006 1648 2094 1686 quae
2109 1635 2151 1683 est
2174 1662 2186 1681 ,
2211 1649 2279 1675 non

1379 1694 1468 1731 quae
1486 1683 1567 1721 olim
1587 1686 1668 1730 fuit.

1249 1779 1510 1821 Bucnutffi

1255 1882 1261 1888 ¹
1306 1845 1338 1880 ς.
1352 1838 1487 1889 ‘Atque
1504 1835 1556 1872 ita
1574 1834 1655 1880 hoc,
1670 1836 1760 1887 quod
1780 1850 1812 1874 es
1824 1845 1947 1887 pater,
1973 1838 2099 1887 utera]
2128 1838 2280 1878 Paterno

1247 1893 1329 1939 jure
1348 1891 1394 1920 ita
1420 1893 1543 1931 utere,
1568 1894 1608 1923 ut
1625 1889 1728 1926 aetati
1748 1889 1784 1925 &
1804 1888 1984 1925 humanae
2001 1898 2146 1926 naturae
2166 1891 2281 1929 multa

1253 1933 1469 1989 ignoscenda
1487 1937 1638 1974 censeas⁴
1669 1940 1817 1987 Nempe
1833 1940 1988 1988 sequitur
2002 1939 2134 1976 Noster
2153 1940 2283 1979 Mitio-

1255 1994 1308 2021 nis
1330 1984 1544 2025 Terentiani
1562 1990 1739 2026 rationem
1765 2016 1775 2032 ,
1803 1992 1865 2038 qui
1884 1990 2029 2038 putabat
2049 2017 2059 2034 ‚
2087 1991 2186 2028 satius
2208 1991 2282 2030 effe

1257 2033 1398 2083 pudore
1423 2037 1460 2074 &
1481 2038 1683 2077 liberalitate
1706 2041 1856 2078 retinere
1872 2040 2023 2084 liberos,
2051 2051 2161 2088 quam
2185 2043 2284 2080 viae

1256 2094 1370 2125 metu.
1424 2088 1546 2136 Quam
1579 2098 1703 2128 tamen
1733 2092 1975 2140 pervulgatam
2008 2091 2152 2128 Patrum
2183 2093 2283 2132 viam

1256 2136 1503 2177 Menedemus
1534 2138 1612 2178 alibi
1637 2141 1734 2190 apud
1762 2142 1919 2180 eundem
1948 2142 2150 2179 comicum
2182 2154 2287 2190 prae-

1257 2187 1348 2225 dicat
1385 2188 1530 2228 IDEM.
1556 2192 1790 2230 Recentiores
1811 2193 1924 2241 scn'pti
1948 2221 1959 2237 ‚
1986 2191 2053 2229 Ed.
2072 2192 2159 2230 Vct.
2183 2194 2283 2240 Gry·

1253 2238 1358 2286 phjus
1390 2240 1428 2276 &
1458 2242 1560 2288 pauci
1581 2256 1588 2278 :
1625 2253 1730 2292 atque
1755 2243 1808 2280 ita
1830 2244 1920 2292 quod
1939 2251 2038 2292 pater
2056 2255 2088 2278 es
2110 2270 2120 2285 ,
2148 2243 2279 2282 omiffo

1255 2288 1313 2344 ξοε
1328 2317 1338 2333 ,
1366 2291 1467 2341 quod
1493 2293 1685 2339 elegantius
1707 2292 1896 2330 Mediceus
1917 2291 2024 2330 addit.
2051 2291 2106 2330 Sic
2123 2293 2199 2331 alibi
2217 2294 2279 2339 id,

1252 2339 1343 2376 ulem
1357 2366 1366 2380 ‚
1394 2345 1476 2377 haec
1489 2342 1626 2385 ‚eadem
1649 2342 1860 2391 adjiciuntur
1873 2351 1933 2387 ‚ut
1948 2344 2025 2391 Jam
2045 2344 2090 2379 ad
2113 2342 2279 2384 Tullium

1253 2389 1291 2426 &
1310 2388 1474 2438 Crispum
1495 2391 1659 2430 vidimus.
1686 2394 1858 2431 Lucanus
1885 2395 1967 2433 Lib.
1984 2392 2054 2430 IV.
2072 2404 2122 2430 vs.
2144 2404 2230 2444 355.

1304 2510 1370 2518 ·—-
1399 2514 1465 2520 —-—
1493 2515 1561 2523 —-—
1589 2493 1678 2531 Hoc
1699 2493 1844 2542 hostibus
1865 2508 1995 2538 unum,

1302 2541 1420 2587 Quod
1441 2542 1583 2590 vincas,
1608 2546 1732 2596 ignosce
1748 2545 1831 2584 tuis.

1254 2641 1460 2681 Lib.V111.
1478 2655 1530 2682 vs.
1551 2643 1639 2695 865.

1305 2743 1463 2782 Proderit
1478 2745 1554 2784 hoc
1573 2744 1653 2783 olim
1665 2774 1675 2789 ‚
1701 2747 1799 2796 quod
1823 2761 1888 2785 non
1907 2751 2073 2797 mansura
2083 2748 2218 2797 futuris

1306 2794 1438 2830 Ardua
1459 2809 1647 2834 marmoreo
1660 2798 1815 2847 surrexit
1827 2801 1971 2848 pondere
1992 2801 2102 2840 moles.

175 2899 243 2936 pro
261 2893 409 2930 amicitia
427 2894 543 2932 nostra
553 2894 825 2944 gratulor.adde
838 2893 930 2934 Eod.
948 2895 990 2932 ad
1001 2894 1194 2941 cap.XlV.
1258 2900 1366 2942 atque
1383 2896 1428 2932 ita
1451 2897 1565 2944 plures
1585 2897 1739 2946 pluribus
1756 2900 1858 2938 locis.
1884 2901 1978 2938 infra
1997 2901 2186 2942 Mediceus
2203 2903 2282 2944 feri·

177 2949 216 2975 n.
241 2941 296 2976 16.

1260 2944 1328 2982 bit:
1357 2957 1395 2983 ut
1415 2947 1603 2985 memineris
1626 2976 1635 2991 ‚
1672 2961 1713 2988 (9¹
1737 2953 1906 2988 hominem
1927 2954 1981 3001 effe
2002 2964 2034 2991 te
2051 2982 2063 2999 ‚
2101 2955 2163 3003 qui
2185 2955 2276 2994 ordo

225 2999 263 3033 4.
291 2991 409 3038 Cogita
428 3004 468 3031 ω’
485 2994 584 3034 illum
601 3007 745 3047 puerum
765 2995 899 3046 effla&
921 3007 952 3035 te
964 2993 1193 3046 fuffi‚<2'0·]
1264 2995 1376 3033 Plinio
1398 2999 1508 3046 magis
1529 3002 1710 3038 convenit.
1738 2995 1986 3049 Vulgozv‘te
2008 3005 2176 3043 hominem
2197 3005 2277 3054 effe,

173 3035 273 3076 Cato
294 3039 332 3078 in
348 3040 541 3090 Distichisz„

1264 3056 1324 3085 aut
1342 3046 1416 3086 fine
1436 3062 1480 3090 ω’
1493 3066 1505 3090 .-
1535 3060 1568 3089 te
1589 3050 1758 3089 hominem
1779 3052 1846 3103 effe.

1634 3103 1776 3143 Nnnn
2111 3119 2140 3146 1.
2167 3107 2285 3154 Qat-
