2616 3686
301 992 343 1027 .-2

342 212 444 282 '542
543 190 1081 259 ·‘C..PL1N1‡1
1151 187 1666 243 CAECIL'I‘I
1732 186 2250 244 SECUND⁷1

349 291 553 347 amicos
580 287 743 344 suos*¹
765 282 1034 357 judicium
1066 289 1294 334 vocant:
1339 273 1470 331 mihi
1496 287 1776 348 nunquam
1804 271 2232 347 persuadebunt,
2257 286 2319 334 ut
2344 272 2494 338 mem

356 367 522 424 amari
547 385 576 422 a
607 381 696 420 me
718 362 948 419 nimium
976 371 1183 434 putem.
1239 353 1383 411 Vale.

468 515 688 575 XXIX.
764 512 831 568 C.
912 501 1976 568 P-1,1>-‹N-1us2MoN1AN0
2051 501 2236 561 Suo
2310 503 2396 583 S..

356 666 692 752 Epitaphium
716 665 769 716 in
797 657 1050 714 Pallantis
1054 654 1319 731 ftpulcro,
1358 665 1607 728 tanquam
1635 654 1785 708 nimis
1805 653 2165 723 honorificum,
2183 654 2321 732 apud
2350 656 2500 715 Μοίσ-
2522 715 2535 727 ,

734 749 913 792 tanum
943 733 1279 808 indtgnatur:
1315 730 1553 806 postremo
1577 728 1772 785 deridet
1796 732 1868 792 ,όν
1889 730 2119 807 negltgit.

339 905 369 932 -Ξ
531 890 703 949 ldebis
721 929 738 956 ‚
776 887 979 944 deinde
1003 882 1396 958 indignaberis,
1429 879 1632 936 deinde
1655 880 1883 946 ridebis,
1903 881 1937 936 s1
1960 883 2180 956 legeris:
2219 882 2374 956 quod
2399 882 2497 943 nisi

456 1019 460 1024 .
530 969 750 1042 legeriS,
792 981 904 1037 non
933 976 1089 1037 potes
1114 960 1356 1016 credere.
1432 956 1523 1013 Est
1545 956 1628 1011 via
1647 954 1941 1011 Tiburtina
1960 964 1979 991 ⁴
2000 960 2137 1013 intra
2163 961 2400 1031 primum
2424 963 2500 1018 la-

355 1047 545 1124 pidem
578 1044 872 1118 (proxime
904 1038 1196 1107 adnotavi)
1236 1035 1636 1091 monimentum
1661 1037 1690 1103 4ξ
1720 1030 2016 1096 Pallantis,
2046 1034 2120 1088 ita
2149 1035 2499 1108 mscriptum,
2578 1101 2582 1105 ⁴
2610 1067 2612 1079 =

356 1201 439 1250 gnis
466 1198 621 1238 dixerat.
648 1198 678 1236 B
693 1208 717 1235 u
734 1204 864 1234 cnm:
878 1205 913 1232 R.
952 1189 1125 1240 Respice
1147 1187 1194 1226 ad
1213 1186 1296 1226 Lib.
1318 1184 1387 1223 VI.

354 1250 472 1302 Epist.
491 1251 611 1291 XVII.
637 1262 671 1289 n.
699 1260 731 1296 3.
758 1255 901 1286 notata.

404 1314 442 1341 1.
477 1301 698 1353 Judicium]
737 1298 856 1353 Quod
885 1293 1168 1336 ostendentibus
1198 1290 1310 1330 caulis
1335 1288 1393 1327 di-

352 1354 541 1406 gnoscitur
555 1384 566 1401 ,
592 1352 762 1404 quamvils
781 1363 820 1388 re
844 1361 934 1388 vera
953 1359 1033 1386 non
1053 1346 1096 1384 fit
1113 1343 1294 1390 judicium
1307 1371 1316 1388 ‚
1331 1340 1396 1379 sed

354 1407 488 1445 odium
509 1405 545 1445 &
563 1404 841 1444 malevolentia.
871 1402 1058 1439 CATAn.
1095 1395 1273 1449 Judicium
1292 1405 1396 1432 nem-

386 1470 406 1495 e
426 1457 461 1496 &
479 1469 572 1495 amor
592 1456 658 1494 fibi
680 1460 927 1505 opponuntur
948 1481 956 1497 ,
984 1459 1025 1489 ut
1045 1450 1216 1489 videmus
1242 1445 1288 1485 ad
1308 1445 1391 1483 Lib.

377 1509 423 1546 sl.
445 1507 558 1557 Epist.
579 1508 716 1547 XXVI.
749 1518 784 1545 n.
811 1517 846 1544 2.
882 1504 982 1542 Amo
1001 1501 1130 1552 quidem
1153 1497 1268 1550 effuse,
1295 1495 1395 1544 judi-

361 1573 409 1600 co
431 1570 546 1599 tamen.
570 1561 635 1599 ubi
652 1559 751 1599 vide.
791 1552 1135 1596 Mediceus:amm·1'.
1155 1563 1175 1587 a
1192 1562 1241 1588 nze
1258 1549 1397 1587 nimium

358 1621 435 1652 aut.
463 1635 531 1643 —-
562 1613 650 1650 Vale.
679 1623 761 1650 cum
788 1608 927 1648 lineola
945 1603 1173 1646 transversa,
1202 1601 1304 1650 quasi
1328 1612 1395 1638 vo-

357 1664 479 1703 luisset
495 1672 670 1703 autumem.
703 1662 806 1701 Vols.
841 1658 999 1698 Helmst.
1029 1656 1097 1695 Ed.
1134 1654 1222 1692 Vet.
1246 1652 1281 1691 &
1304 1652 1400 1701 Gry·

358 1717 492 1766 phius:
519 1714 629 1753 amari
649 1727 668 1751 a
685 1727 733 1751 nze
751 1713 858 1750 nimis
879 1721 1055 1759 umquam
1074 1714 1195 1758 putem.

409 1779 448 1806 2.
475 1769 568 1808 Mo
582 1768 625 1804 Ν
635 1765 704 1816 TA
720 1766 763 1802 N
775 1763 852 1813 O.]
881 1763 1030 1800 Curtius
1060 1760 1270 1797 Montanus
1294 1755 1395 1794 sena-

357 1827 444 1866 tor,
472 1820 576 1865 cujus
596 1825 768 1857 ventrem
785 1813 972 1865 Juvenalis
993 1812 1165 1861 exagitat.
1204 1808 1269 1846 CA
1284 1818 1344 1844 TA
1355 1817 1394 1844 N.

411 1881 445 1918 3.
476 1868 753 1915 Ridebi5,dcindc
770 1864 1020 1915 indignaberis,
1026 1863 1058 1916 fi
1080 1864 1142 1911 leg.
1157 1862 1170 1910 j]
1200 1859 1314 1898 Haud
1325 1859 1391 1896 ali-

357 1933 416 1962 ter
438 1924 513 1961 Pal.
534 1921 635 1960 haud
653 1921 757 1958 aliter
777 1917 963 1956 Neustett.
984 1917 1062 1955 imo
1083 1926 1162 1952 non
1175 1913 1279 1951 aliter
1293 1909 1390 1949 Edd.

356 1975 462 2014 Vett.
484 1973 622 2012 Aldina
644 1973 786 2021 priores
801 1996 812 2015 ‚
840 1981 884 2007 ea
905 1969 1005 2006 enlm
1025 1966 1184 2012 adjecit,
1215 1963 1323 2001 deinde
1344 1961 1393 1999 in-

359 2025 567 2076 dignaberis,
595 2023 703 2063 deinde
723 2022 845 2060 ridebis
863 2051 871 2066 ,
893 2021 926 2073 Ji
947 2019 1091 2069 legeris,
1121 2015 1198 2056 &a
1228 2016 1263 2053 G
1277 2027 1300 2052 R
1315 2025 1338 2051 U
1352 2024 1390 2050 T.

358 2077 437 2116 Sed
456 2075 573 2115 Aldus
599 2076 716 2113 dubio
736 2074 869 2123 procul
889 2075 927 2110 in
950 2071 1165 2109 Veterrimo
1191 2065 1395 2114 exemplari

356 2129 530 2172 invenit,
556 2126 661 2176 quod
681 2125 837 2171 adjecit:
865 2119 1175 2173 quandoquidem
1195 2117 1327 2155 eadem
1355 2117 1393 2153 in

359 2179 521 2228 Optimo
542 2177 725 2218 Mediceo
748 2183 979 2225 comparent.
1024 2171 1106 2220 Ipse
1126 2171 1238 2209 etiam
1258 2168 1395 2207 Plinius

359 2243 399 2271 n.
425 2243 461 2278 4.
489 2230 573 2279 post
591 2227 844 2278 indignationem
867 2226 973 2264 satius
994 2230 1101 2274 putat
1121 2218 1394 2265 ridet-effitien-

363 2283 485 2321 tentia
505 2281 556 2320 illi
578 2281 774 2329 scripturae
797 2278 934 2316 faveat.
961 2276 1024 2314 De
1047 2273 1303 2324 geminatione
1316 2269 1398 2308 Par-

366 2333 501 2373 ticulae
533 2333 646 2371 deinde
677 2330 836 2368 diximus
865 2329 968 2377 supra
1000 2326 1046 2365 ad
1076 2324 1188 2374 Epist.
1210 2323 1276 2361 IV.
1299 2334 1334 2360 n.
1360 2327 1394 2363 8.

366 2384 523 2426 Deinde
544 2382 708 2433 sbdalsbus
736 2381 802 2431 legi.
827 2380 1064 2430 probaverunt.
1118 2373 1272 2414 Deinde
1295 2374 1396 2423 plura

364 2446 474 2476 metra
490 2434 627 2474 tentavi.
654 2433 835 2477 Modius,
857 2426 1399 2481 quiistaaNeustetterimem-

356 2489 492 2528 tbranis
512 2485 634 2525 abesse
654 2484 826 2529 videbat,
854 2495 934 2521 non
954 2490 1080 2520 tamen
1103 2488 1230 2529 aperte
1251 2477 1401 2514 damna-

360 2553 402 2579 re
424 2538 525 2577 ausus
543 2538 595 2577 est
610 2537 819 2586 Novantiq.
847 2533 959 2583 Epist.
982 2533 1097 2571 XCII.
1126 2532 1189 2580 qui
1209 2530 1233 2568 fi
1256 2527 1403 2566 didicis-

350 2593 414 2632 >set
429 2621 437 2636 ‚
466 2591 503 2627 in
523 2599 599 2628 tam
619 2588 768 2627 vetustis
798 2587 1024 2624 membranis
1043 2585 1138 2623 haec
1159 2580 1230 2620 effe
1255 2580 1401 2619 conser—

361 2653 468 2688 vata,
496 2650 651 2691 propter
671 2638 981 2678 consuetudinem
1002 2632 1189 2678 Secundi,
1217 2644 1290 2682 qua
1311 2632 1397 2670 alibi

360 2697 448 2734 talia
467 2695 598 2731 iterare
619 2691 737 2736 solet,
763 2691 874 2728 etiam
896 2686 1128 2727 defendisset.
1157 2685 1222 2723 Co
1238 2695 1343 2721 RTF..

409 2760 445 2793 4.
473 2746 571 2783 Intra
593 2742 738 2794 primuni
757 2740 938 2791 lapidem]
968 2741 1125 2777 Veteres
1148 2737 1315 2775 milliaria
1340 2735 1393 2773 la-

357 2797 505 2846 pidibus
529 2795 802 2843 distinguebant
821 2791 930 2830 :inde
953 2788 1287 2841 lapis&milliarizmz
1308 2787 1392 2836 syn-

363 2858 513 2895 onyma.
571 2848 679 2897 Quae
701 2854 827 2884 tamen
849 2843 1035 2882 vocabula
1056 2841 1257 2890 aliquando
1284 2840 1394 2879 omit-

361 2905 513 2939 tuntur,
551 2897 628 2933 solo
656 2909 813 2933 numero
844 2895 976 2943 polito.
1013 2894 1132 2939 Tacit,
1163 2894 1211 2930 ll.
1252 2890 1391 2930 Histor.

364 2957 444 2993 cap.
469 2947 604 2982 XXlV.
632 2947 683 2982 Ad
703 2947 918 2984 duodecimum
939 2961 959 2983 a
982 2947 1145 2983 Cremona
1166 2945 1250 2982 locus
1277 2941 1395 2990 Casto-

362 3004 603 3053 runffivocatm.
660 2998 816 3035 Rutilius
834 2997 1081 3036 Nuinatianus
1102 2997 1185 3037 Lib.
1202 2998 1251 3041 Π,
1280 2995 1393 3036 Itine-

365 3057 472 3086 rani:

2340 1123 2421 1169 Ηὶυ
2435 1129 2498 1169 rc

1552 1208 1753 1248 Intervalla
1768 1207 1851 1247 viae
1861 1206 1956 1260 fizffis
1970 1207 2142 1258 praestare
2163 1206 2298 1247 videtur

1614 1261 1696 1317 Qi
1713 1269 1804 1299 notat
1821 1260 1997 1310 instriptus
2019 1261 2133 1299 millia
2157 1260 2280 1300 crebra.
2294 1261 2392 1311 lupis.

1460 1365 1536 1418 Qui
1557 1363 1661 1403 locus
1684 1375 1754 1403 nos
1777 1363 1892 1402 docet
1906 1394 1915 1410 ‚
1947 1364 2030 1402 illos
2051 1363 2193 1412 lapides
2213 1364 2411 1403 millenarii
2430 1359 2500 1405 nu..

1458 1417 1552 1476 meri
1570 1425 1663 1455 nota
1685 1417 1879 1466 inscriptos
1910 1415 2015 1454 fuilse
2039 1427 2048 1459 ;
2085 1415 2264 1465 fimulque
2295 1416 2331 1455 ἃ,
2359 1415 2498 1457 distrin-

1459 1467 1547 1507 Xlsse
1567 1470 1650 1507 viae
1671 1469 1807 1517 spatia,
1836 1467 1872 1506 δε
1893 1468 2097 1506 viatoribus
2128 1468 2334 1516 praebuiffe
2353 1469 2498 1515 solatia,

1460 1519 1679 1559 confidendi
1701 1520 1755 1557 ibi
1784 1531 1826 1557 ac
1855 1518 2168 1568 interquiel'cendi
2199 1519 2499 1559 commodiorem

1459 1573 1607 1621 copiam
1631 1571 1774 1609 darent.
1801 1572 2060 1609 Euenum.
2115 1572 2212 1607 Intra
2230 1573 2380 1620 priimam
2406 1571 2495 1621 lapi-

1459 1623 1538 1661 dem.
1555 1622 1571 1673 ]
1600 1623 1863 1671 Praeterquam
1883 1649 1894 1668 ,
1935 1622 2040 1671 quod
2061 1621 2118 1660 isti
2138 1623 2280 1671 lapides
2299 1623 2494 1661 millenarii

1459 1676 1605 1714 numeri
1636 1682 1729 1713 nota
1754 1674 2048 1712 inscribebantur
2068 1703 2076 1719 ‚
2123 1680 2163 1711 ut
2191 1680 2300 1712 notat
2326 1674 2498 1714 Buchne-

1457 1738 1538 1773 rue,
1568 1727 1739 1765 solebant
1758 1727 1869 1764 etiam
1889 1726 1949 1764 alii
1970 1727 2110 1764 habere
2136 1725 2265 1763 titulos
2289 1726 2324 1764 ἃ
2346 1726 2500 1766 nomina

1457 1779 1672 1830 PrIncipum
1687 1808 1695 1823 ,
1723 1789 1790 1826 per
1811 1789 1906 1826 quos
1921 1807 1931 1824 ‚
1960 1779 2021 1816 vel
2045 1788 2204 1826 quorum
2224 1788 2322 1815 aevo
2342 1779 2425 1816 viae
2445 1785 2501 1816 re-

1457 1831 1576 1869 fectae
1598 1831 1755 1869 fuerant.
1809 1829 1932 1875 Hujus
1957 1830 2102 1879 generis
2127 1827 2302 1877 producit
2323 1829 2401 1879 jac.
2431 1828 2499 1868 Sir-

1456 1882 1575 1921 mond
1595 1883 1757 1932 aliquem
1779 1910 1788 1926 ‚
1826 1893 1939 1930 quem
1963 1880 2103 1919 Savaro
2132 1881 2170 1917 in
2191 1881 2397 1929 originibus
2419 1882 2499 1920 Cla·

1457 1935 1693 1973 romontanis
1717 1932 1855 1978 edidit,
1887 1945 1907 1971 e
1931 1934 1993 1971 via
2009 1932 2160 1970 militari
2183 1938 2327 1976 erutus,
2355 1932 2496 1982 quiAu-

1456 1985 1719 2075 {ultonemcto
1747 1984 2006 2024 Arvernorum
2036 1978 2371 2034 Lugdunumolim
2394 1983 2495 2024 duce-

1491 2045 1546 2075 at:

1614 2116 1687 2154 TI.
1718 2113 1950 2153 CLAUD.
1978 2112 2177 2152 DRUSI
2203 2115 2246 2154 F.

1665 2165 1901 2205 CAESAR
1925 2163 2066 2203 AUG.
2097 2166 2233 2205 GER.

1666 2216 1848 2256 PONT.
1875 2216 2024 2254 MAX.
2052 2217 2212 2256 TRIB.

1616 2268 1871 2308 POTEST.
1898 2267 1945 2303 V.
1972 2268 2094 2306 IMP.
2121 2270 2187 2307 XL

1617 2318 2197 2359 PP.COS.111.DES.1V.

1671 2372 1810 2412 AUG.
1838 2371 1895 2409 M.
1923 2370 1962 2407 P.
1990 2372 2092 2410 XXI.

1467 2477 1515 2515 Et
1539 2475 1602 2514 iste
1624 2478 1715 2515 alter
1737 2478 1774 2514 in
1806 2475 1940 2514 finibus‘
1975 2477 2232 2514 Arvernorum
2261 2468 2498 2511 Gabalorum-

1470 2540 1542 2618 gne
1566 2528 1818 2618 antire-tanqum
1839 2539 1957 2568 annos
1977 2526 2128 2566 effossus
2148 2555 2158 2572 ,
2187 2525 2249 2574 qui
2265 2523 2385 2561 iucem
2403 2525 2494 2554 non-

1471 2592 1558 2619 rum
1578 2592 1618 2618 vi
1646 2592 1658 2617 r
1686 2592 1695 2616 :

1670 2681 1792 2720 IMP.
1823 2679 1978 2720 CAES.

1613 2734 1677 2772 M.
1707 2732 1836 2771 CAS.
1864 2729 1995 2769 LAT.

1670 2779 1976 2822 POSTUMO

1621 2836 1663 2874 P.
1692 2836 1731 2872 F.
1758 2834 1896 2871 AUG.
1927 2822 2050 2865 COS·

1613 2886 1677 2923 M.
1706 2885 1743 2922 Ρ.
1774 2876 2027 2919 GABALL·
2057 2870 2103 2908 V·

1465 2987 1551 3024 Vid.
1571 2987 1645 3035 Jac.
1677 2977 1849 3019 sirmond
1871 2958 1915 3014 nd
1943 2974 2084 3013 Sidonii
2118 2973 2237 3014 Carm.
2261 2975 2489 3033 Propemptff-

1469 3048 1565 3074 cum.
1594 3035 1781 3072 Vnan,

1513 3094 1548 3132 5.
1576 3079 1774 3129 Pallantis]
1815 3078 1890 3128 Qui
1918 3077 2038 3118 servus
2057 3106 2068 3125 ‚
2117 3077 2255 3119 deinde
2299 3082 2355 3121 Cl.
2378 3081 2488 3172 ἓξὲξ

2608 1402 2612 1450 ἰ

2608 1460 2611 1479 l
