2616 3686
293 226 380 282 332
523 203 1039 257 C.PL1NII
1106 191 2198 268 CAECILILSECUNDI

287 305 484 350 mure,
542 284 786 349 silenti0‚
835 299 973 356 quae
1024 279 1141 336 satis
1193 282 1388 351 apertis
1437 279 1580 335 notis
1628 277 1893 348 judicium
1929 279 1946 300 ¹
1982 278 2047 334 ab
2085 281 2416 343 humanitate

196 385 253 422 ιο
297 363 625 419 discernunt.
701 359 887 429 Atque
924 355 1093 419 ade0,
1128 354 1167 410 fi
1208 357 1294 409 cui
1336 354 1477 409 forte
1517 369 1737 413 eorum,
1773 351 1867 420 qui
1905 351 2293 420 inoerfuefunt²
2331 373 2423 412 ω·

294 453 384 492 rae
425 432 584 488 fuerit
623 429 813 485 eadem
854 430 935 483 illa
972 430 1183 499 legere,
1220 428 1485 498 intelliget
1527 442 1612 478 me
1641 423 1901 494 quaedam
1930 436 2019 477 aut
2039 428 2424 494 -commutaffe‚

298 523 389 563 aut
429 499 756 578 praeteriise,
797 500 1009 556 fortasse
1047 502 1208 554 etiam
1244 518 1311 554 ex
1348 499 1442 554 suo
1475 495 1709 567 judicio,
1750 496 1992 567 quam'ViS
2029 496 2136 566 ipse
2176 501 2306 555 nihil
2342 502 2428 557 di·

198 615 252 653 „
301 581 441 637 gerit
508 579 657 631 mihi.
734 591 751 609 ²
810 580 993 641 Atque
1057 573 1188 626 haec
1224 571 1301 624 *ita
1340 571 1554 642 disputo
1581 608 1596 633 ,
1647 570 1790 641 quali
1828 569 2088 640 populum
2123 571 2178 624 in
2216 571 2431 627 audito-

300 656 440 710 rium
465 691 481 716 ‚
547 668 658 705 non
704 649 760 701 in
810 645 1120 699 cubiculum
1175 644 1375 696 amicos
1413 641 1719 696 advocarim
1753 680 1768 705 ,
1829 658 1966 713 quos
2003 642 2179 714 plu-res
2214 643 2437 712 habere,

301 728 483 783 multis
529 721 849 793 gloriosum,
888 715 1291 787 reprehensioni
1328 715 1531 768 nemini
1568 713 1688 769 fuit.
1727 715 1876 768 Vale.

413 859 514 916 IV.

590 857 655 912 C.
733 855 1160 911 PL1N1ns
1235 849 1250 876 ³
1324 849 1950 907 VALERIANO
2025 852 2201 910 Suo
2276 854 2327 913 S.

307 997 531 1070 Tuscilii
579 994 860 1050 Nominati
911 992 965 1050 t&
1013 991 1309 1046 avaritiam
1342 987 1555 1059 foedam
1577 986 1650 1069 ,ξό
1691 986 2080 1068 inconstantiam
2117 1001 2304 1056 notat,
2355 996 2448 1065 qui

387 1089 501 1126 cum
527 1090 559 1125 a
583 1071 638 1125 V
636 1064 882 1122 icentinis
894 1077 998 1138 pro
1023 1063 1363 1118 advocatione
1390 1073 1671 1135 pequntam
1708 1063 2002 1132 acceptffivt,
2037 1063 2190 1128 fidem
2217 1065 2446 1134 fhfellit,

462 1208 547 1264 Es
590 1225 781 1281 parva,
819 1218 834 1242 ⁴
871 1203 960 1260 sed
989 1202 1201 1258 initium
1230 1218 1339 1255 non
1368 1217 1574 1272 parvae.
1627 1197 1728 1253 Vir
1760 1199 2057 1270 praetorius
2086 1198 2280 1254 Sollers
2305 1218 2330 1253 a
2358 1201 2452 1257 Se-

316 1212 589 1352 Rnatu
613 1282 799 1354 petiit,
838 1292 895 1334 ut
921 1276 1014 1335 fibi
1036 1274 1316 1332 instituere
1344 1276 1399 1329 in
1423 1275 1558 1346 agris
1579 1271 1722 1329 suis⁵
1753 1270 2454 1344 nundinaspermitteretur.

2301 1346 2456 1402 Con-

383 1513 400 1540 1
432 1499 492 1538 Ab
516 1488 784 1540 humanitate]
815 1491 875 1529 Ab
896 1491 1062 1529 homine.
1088 1490 1186 1529 Sicut
1200 1487 1354 1528 dicimus

325 1552 409 1590 'anti
435 1552 583 1588 uitatem
597 1557 664 1596 pro
677 1542 1114 1592 antiquis,m0rtalitatem
1128 1554 1194 1590 pro
1209 1550 1330 1579 morte
1345 1554 1352 1578 ε

329 1605 379 1641 ita
412 1565 680 1639 Zumanitarem
709 1607 775 1644 pro
807 1595 1017 1632 hominibus
1042 1622 1051 1637 ,
1087 1592 1188 1642 quod
1212 1590 1356 1630 dicendi

331 1664 447 1702 genus
459 1651 586 1701 probat
597 1648 841 1696 Quintilianus
854 1646 890 1682 in
902 1646 970 1683 suis
979 1644 1269 1683 institutionibus.
1285 1644 1360 1681 CA-

334 1716 428 1743 TAN.
469 1702 528 1740 Ab
563 1699 698 1737 homine
722 1726 732 1742 ,
767 1697 884 1745 inquit
908 1697 1124 1734 Catanaeus.
1151 1696 1297 1733 Verum
1322 1695 1358 1732 in

334 1755 391 1794 his
414 1755 510 1792 nulla
528 1748 722 1801 oppositio.
763 1747 979 1783 Humanitas
1005 1756 1109 1784 notat
1131 1746 1359 1784 benevolen-

332 1807 424 1844 tiam
440 1835 449 1851 ‚
479 1805 651 1842 favorem
669 1828 678 1843 ‚
706 1800 819 1836 animi
840 1797 1127 1847 propensionem
1142 1826 1161 1841 .,
1188 1809 1282 1845 quae
1304 1798 1359 1834 iu-

335 1856 474 1896 dicium
507 1852 709 1900 corrumpit
732 1878 742 1894 ,
780 1848 883 1898 quod
916 1848 1022 1886 debet
1057 1846 1126 1885 else
1159 1846 1233 1884 fine
1256 1849 1361 1885 omni

335 1907 620 1957 perturbatione.
673 1901 843 1939 Seorsum
872 1909 1000 1936 autem
1035 1900 1069 1936 in
1094 1899 1362 1936 recitationibus

339 1956 552 1996 humanitas
571 1952 813 2002 adpellabatur
835 1951 889 1989 illa
911 1950 1031 1987 iudicii
1055 1949 1262 1988 moderatio
1287 1978 1297 1993 ,
1325 1958 1365 1986 ut

339 2010 411 2049 alio
432 2010 519 2046 loco
541 2006 624 2045 dixi.
655 2005 873 2042 Sci-intristi.
902 2002 954 2039 lta
977 2013 1112 2049 nempe
1135 2001 1303 2038 iudicium
1329 2002 1366 2038 ὃς

339 2059 606 2098 humanitatem
631 2055 787 2104 opponit
813 2082 822 2097 ,
850 2061 890 2090 ut
912 2051 1003 2090 infra
1019 2051 1185 2090 iudicium
1211 2054 1249 2089 &
1268 2064 1367 2088 amo-

340 2125 416 2150 rem
437 2113 474 2149 in
495 2110 581 2148 illis:
610 2120 739 2150 amas,
766 2118 841 2152 ergo
867 2116 935 2141 non
958 2103 1104 2140 iudicas.

391 2175 414 2200 2
446 2166 568 2210 Atque
591 2158 675 2196 haec
697 2157 749 2195 ita
773 2153 947 2205 disputa]
980 2154 1142 2192 Pane&
1157 2152 1365 2190 Edd.Vett.

338 2221 427 2251 ante
449 2212 612 2249 Aldum:
646 2214 764 2258 Atque
784 2207 836 2243 ita
862 2206 922 2243 hoc
951 2205 1096 2254 disputo.
1126 2205 1159 2241 G
1176 2218 1199 2242 R
1215 2217 1237 2240 υ
1256 2217 1278 2241 τ
1294 2217 1314 2240 ε
1330 2217 1367 2240 R.

338 2264 507 2303 Palatino
540 2259 794 2308 adstipulantur
828 2257 1046 2295 recentiores
1074 2267 1118 2293 ex
1143 2255 1274 2303 scriptis
1298 2266 1367 2292 no-

340 2315 425 2353 stris.
465 2312 535 2352 Sed
569 2311 744 2360 Optimus
769 2338 778 2353 ,
805 2310 894 2347 item
920 2305 1083 2345 Riccard.
1109 2305 1307 2343 Lindcnbr.
1332 2307 1370 2342 ὃ(

342 2364 510 2414 Bongars.
543 2369 661 2412 Atque
684 2361 776 2399 haec
796 2363 844 2399 ita
866 2359 1001 2409 disputo
1015 2387 1025 2403 ‚
1055 2356 1158 2408 quod
1181 2357 1368 2406 corrumpi

343 2429 426 2455 non
449 2415 569 2454 debet.

398 2480 416 2517 3
450 2461 790 2512 VALERMNQ]
817 2460 1002 2498 Valeriano
1024 2459 1183 2497 scribitur
1203 2457 1371 2508 epistola:

344 2519 499 2559 invenio
550 2516 779 2553 Valerianum
819 2510 1062 2550 servilianum
1087 2540 1097 2555 ‚
1142 2510 1372 2548 Valerianum

347 2570 538 2608 Pollionem
564 2596 573 2612 ‚
616 2568 844 2604 Valerianum
877 2563 1009 2600 ducem
1046 2563 1203 2599 militum
1230 2571 1375 2610 praeto-

349 2623 536 2661 rimorum
554 2647 563 2663 ,
592 2629 632 2655 ac
657 2617 817 2667 ejusdem
841 2615 1003 2651 nominis
1027 2613 1270 2662 Imperatores
1284 2613 1376 2650 duos

350 2672 580 2711 recentiores.
620 2670 686 2706 CA
703 2683 725 2707 ἰ’
742 2681 761 2704 Α
778 2679 813 2703 Ν.
853 2663 1052 2704 Lindenbr.
1081 2663 1166 2702 lulio
1192 2662 1378 2700 Valeriano

354 2729 441 2767 Suo,
471 2730 510 2759 ut
535 2720 699 2758 Riccard.
723 2721 759 2757 in
789 2716 924 2755 Indice.
949 2716 1062 2756 Arnz.
1091 2714 1180 2753 lulio
1194 2720 1271 2752 Suo.
1294 2715 1379 2753 Me-

354 2773 460 2811 hor-cs
475 2787 482 2810 z
517 2772 703 2809 Valeriano
719 2777 802 2810 Suo.

408 2837 429 2866 4
455 2825 517 2860 sed
547 2824 690 2860 initium
725 2833 800 2858 non
835 2829 1002 2867 parvum.
1025 2816 1040 2867 ]
1082 2818 1116 2856 Si
1139 2817 1210 2866 ipsa
1234 2828 1314 2861 res,
1340 2824 1383 2853 ut

358 2873 507 2920 quidem
532 2885 629 2909 nunc
652 2885 731 2910 eam
757 2873 888 2909 Plinius
912 2878 1053 2914 narrat,
1081 2881 1190 2918 parva
1214 2868 1286 2912 est,
1314 2869 1383 2905 ini-

344 2924 451 2957 -n'am
486 2924 593 2958 eric-m
630 2932 787 2969 parvum
820 2922 890 2958 effe
923 2921 1040 2958 debet.
1096 2919 1383 2958 Emendandum

357 2982 496 3018 nempe
520 2969 542 3006 fr
558 2971 589 3007 le
611 2973 756 3019 Optimi
781 2972 950 3009 Codicis:
971 2973 1030 3016 sed
1048 2972 1191 3008 initium
1215 2984 1283 3008 non
1302 2979 1385 3019 par-

361 3035 431 3058 vae
455 3049 465 3064 ,
507 3021 546 3056 sc.
581 3021 640 3056 rei.
682 3020 767 3055 Hoc
791 3022 889 3055 enim
914 3021 986 3062 cst,
1016 3021 1116 3067 quod
1142 3021 1233 3058 infra
1258 3020 1387 3069 scripsit

361 3071 410 3110 ns
430 3083 463 3120 3.
492 3072 637 3117 Longius
671 3083 719 3105 res
751 3070 916 3115 procedet.
963 3076 1058 3105 Nam
1081 3070 1241 3120 pleraque
1275 3072 1386 3108 tacita

356 3130 517 3173 ,lentum
525 3133 603 3168 „ex
617 3120 759 3159 minimo
772 3129 943 3157 commota
958 3146 968 3165 ‚
982 3119 1302 3172 laliffimes‘rpum,
1323 3121 1393 3172 ‘1113

1423 1486 1527 1534 super
1560 1484 1787 1523 veriffimum
1813 1512 1823 1528 ‚
1861 1480 1965 1533 quod
1999 1483 2161 1524 Velleius
2194 1485 2278 1522 Lib.
2303 1483 2351 1522 ΙΙ,
2375 1495 2454 1535 cap.

1427 1536 1495 1576 ΙΙΙ.
1526 1535 1681 1573 tradidit.
1737 1541 1819 1572 Non
1851 1533 2037 1584 confistunt
2066 1535 2114 1573 ibi
2154 1535 2335 1586 exempla,
2364 1540 2457 1574 unde

1423 1597 1614 1638 coeperunt.
1653 1587 1802 1624 Locum
1836 1597 1857 1623 a
1891 1586 2053 1624 Grutero
2083 1587 2133 1625 ibi
2165 1589 2315 1625 citatum
2338 1587 2459 1626 adeas.

1433 1640 1589 1678 Corn-12.

1480 1690 1503 1726 6
1535 1689 1737 1726 Nundinas.
1759 1688 1775 1738 ]
1817 1690 1928 1728 Nona
1953 1687 2010 1726 die
2033 1689 2196 1727 Romani
2220 1688 2300 1727 fora
2331 1718 2341 1734 ,
2369 1701 2459 1740 quas

1432 1740 1613 1778 nundinas
1636 1749 1774 1779 vocant
1797 1770 1808 1786 ‚
1836 1740 2053 1779 constituere
2077 1769 2086 1785 ‚
2114 1751 2271 1790 quarum
2295 1751 2462 1778 conven-

1432 1799 1488 1829 tus
1511 1791 1701 1829 manifesta
1722 1795 1836 1838 ratio,
1865 1800 1904 1830 ut
1929 1793 2034 1830 nonis
2057 1791 2322 1830 tantummodo
2337 1791 2461 1832 diebus

1433 1842 1591 1880 urbanae
1623 1854 1676 1881 res
1711 1853 1903 1892 agerentur
1928 1871 1939 1888 ,
1966 1843 2109 1892 reliquis
2130 1842 2462 1881 administrarentur

1433 1893 1602 1932 rusticae:
1633 1894 1718 1931 inde
1744 1896 1920 1933 Nundina
1945 1895 2206 1932 Romanorum
2230 1895 2462 1932 Deaanono

1437 1943 1495 1982 die
1518 1943 1742 1983 nascentium
1758 1975 1767 1990 ‚
1797 1949 1858 1996 qui
1881 1945 2041 1984 lustricus
2065 1945 2265 1995 appellatur
2281 1973 2291 1989 ‚
2318 1956 2461 1982 nuncu-

1439 2005 1530 2044 pata.
1567 1995 1687 2034 Priscis
1722 1998 1820 2034 enim
1853 1997 2081 2045 temporibus
2115 2007 2284 2045 proceres
2307 1997 2462 2035 civitatis

1436 2048 1472 2084 in
1494 2048 1585 2096 agris
1609 2048 1868 2085 morabantur:
1899 2050 1938 2085 δε
1958 2058 2044 2085 cum
2070 2046 2260 2085 confilium
2275 2047 2463 2096 publicum

1438 2096 1703 2136 defiderabatur
1736 2100 1774 2136 in
1809 2099 1984 2136 Senatum
2019 2110 2038 2134 a
2069 2098 2160 2137 villis
2184 2098 2464 2136 accersebantur.

1438 2149 1529 2187 Plut.
1552 2148 1659 2187 tradit
1680 2150 1863 2186 nundinas
1889 2151 2044 2188 Saturno
2082 2149 2303 2187 consecratas
2326 2178 2337 2195 ‚
2365 2148 2467 2200 quod

1438 2200 1555 2238 custos
1575 2203 1613 2238 δε
1638 2200 1813 2238 felicitatis
1837 2202 1938 2238 crusti
1962 2201 2018 2238 ille
2042 2201 2145 2238 Deus
2170 2199 2256 2237 effer
2278 2230 2287 2246 ‚
2318 2202 2356 2238 ὃς
2379 2200 2466 2239 nihil

1440 2251 1536 2289 aliud
1560 2249 1631 2289 effe
1654 2280 1664 2296 ,
1702 2250 1766 2288 nisi
1787 2261 2017 2289 conventum
2043 2263 2087 2290 ex
2112 2262 2199 2299 agro
2222 2253 2260 2288 in
2280 2251 2405 2289 urbem
2430 2263 2468 2289 e-

1442 2302 1593 2347 mendi,
1619 2301 1856 2340 vendendive
1879 2303 2014 2351 gratia,
2043 2314 2156 2352 quem
2180 2313 2374 2339 mercatum
2388 2301 2466 2338 vul-

1442 2363 1492 2401 go
1515 2354 1722 2391 nominant.
1751 2355 2015 2391 Nundinarum
2038 2353 2242 2391 institutum
2264 2353 2319 2390 alii
2331 2351 2375 2388 ad
2388 2352 2464 2387 Ro-

1445 2405 1589 2442 mulum
1623 2403 1819 2442 referunt:
1857 2405 1914 2442 alii
1949 2404 2082 2442 exustis
2114 2406 2191 2453 jam
2215 2403 2353 2450 regibus
2372 2399 2462 2453 cele-

1445 2455 1536 2492 brari
1568 2453 1726 2504 coepisse
1751 2483 1761 2500 ,
1799 2457 1884 2505 quia
1915 2456 2079 2506 plerique
2113 2455 2158 2493 de
2192 2453 2293 2503 plebe
2313 2454 2461 2501 rep-etl&

1445 2506 1559 2544 Servii
1594 2505 1709 2544 Tullii
1741 2509 1925 2545 memoria
1957 2513 2184 2556 parentarent
2215 2504 2248 2557 ei
2269 2497 2460 2540 nundmn.

1447 2569 1534 2606 quas
1566 2558 1729 2605 primum
1753 2556 1935 2596 instituisse
1961 2559 2126 2596 Servium
2152 2552 2314 2601 Tullium
2337 2555 2460 2601 segem

1448 2607 1711 2656 prodiderunt,
1739 2616 1779 2646 ut
1811 2609 1900 2646 octo
1925 2607 2074 2659 quidem
2097 2596 2348 2658 ditssbUSfUfflffl
2373 2608 2462 2645 npe-

1449 2670 1502 2697 ras
1526 2659 1686 2698 facerent
1701 2689 1710 2705 ‚
1738 2671 1842 2698 nono
1863 2668 1986 2697 autem
2011 2648 2206 2694 intermisso
2224 2646 2360 2704 jure-ad
2373 2660 2466 2710 mer-

1449 2722 1569 2748 catum
1593 2711 1766 2760 legesque
1786 2708 2009 2757 accipiendas
2032 2706 2191 2756 Romam
2207 2707 2373 2736 velurfflt
2390 2705 2467 2754 n&

1451 2769 1491 2798 ut
1511 2761 1593 2799 scita
1616 2770 1726 2811 atque
1750 2760 1909 2798 consulta
1933 2757 1983 2793 fre
2011 2760 2174 2790 uentrore
2198 2750 2468 2807 populurerer-

1453 2820 1599 2857 rentur,
1627 2824 1724 2862 quae
1755 2807 1965 2848 trinundino
2018 2805 2050 2839 ie
2079 2802 2261 2849 propolita
2286 2811 2304 2856 a
2329 2801 2471 2847 lingulis

1453 2865 1492 2900 ὃς
1515 2861 1688 2901 universis
1712 2861 1814 2898 faci'e
1837 2856 2069 2894 noscebantur
2095 2865 2104 2893 ;
2136 2850 2234 2888 unde
2255 2860 2362 2888 ctiam
2389 2863 2470 2889 mos

1452 2914 1586 2951 trac'tus
1600 2941 1609 2956 ,
1637 2924 1678 2948 us
1690 2913 1783 2957 leges
1795 2905 2005 2944 trinundino
2022 2901 2091 2945 die,
2106 2904 2255 2938 auctore
2274 2901 2472 2950 Dionylio,

1454 2963 1776 3012 promulgarentur.
1816 2956 1954 2992 CATA
1971 2964 2005 2988 Ν.
2056 2952 2246 2990 Mediceus
2272 2982 2281 2997 ‚
2311 2953 2477 2991 Riccard.

1456 3016 1495 3051 &
1529 3014 1656 3048 Oxon.
1689 3019 1729 3045 ut
1746 3005 1813 3056 fibi
1834 3005 2008 3052 instituere
2030 3003 2207 3045 nundinas
2229 3005 2265 3043 in
2289 3005 2381 3055 agris
2398 3005 2476 3054 suis

1451 3062 1726 3112 permitteretur.

2373 3155 2483 3207 ’Νὺξ
