2616 3686
274 210 363 282 3⁹8

550 196 1066 257 C.PL1N11
1129 176 2231 245 CAECILI‘IfssE'CUsNDa

278 285 410 344 illud
437 283 604 357 ipsum
622 321 638 347 ,
672 280 821 352 quod
850 278 1068 332 oculum
1097 275 1265 329 modo
1296 272 1550 325 dextrum
1577 295 1607 333 ,>
1633 269 1805 323 modo
1831 270 2091 325 finistrum
2117 278 2131 295 ¹
2153 272 2429 332 circumlis
2458 317 2461 320 .

280 361 439 417 nebat
464 378 475 411 :
519 358 770 412 dextrum
797 390 812 415 ‚
857 354 890 406 si
918 371 946 406 a
971 351 1205 422 petitore
1239 388 1255 412 ‚
1294 348 1517 399 alterum
1544 382 1561 408 ,
1613 341 1647 396 si
1671 362 1698 397 a
1720 332 2004 414 poffefl'ore
2032 341 2159 398 effer
2185 346 2426 404 aeturus:

259 433 434 507 quod
459 434 475 452 ²
501 429 792 485 candidum
823 426 1077 494 splenium
1107 426 1161 477 in
1188 423 1292 475 hoc
1319 433 1406 473 aut
1433 420 1484 471 in
1511 415 1639 471 illud
1674 417 2408 489 superciliumtransferebat:

260 505 437 580 quod
477 504 683 566 semper
722 500 985 570 aruspices
1031 494 1339 550 consulebat
1381 492 1451 546 de
1475 489 1696 545 afflonis
1722 505 1950 555 eventu,
1991 493 2005 519 ³
2029 490 2152 545 anili
2180 493 2431 564 supersti-

212 597 235 648 3
278 569 469 638 ¹tione;
512 567 603 630 sed
646 590 823 626 tamen
867 572 921 624 δε
967 588 1006 624 a.
1035 585 1232 637 magno
1269 564 1567 619 studiorum
1593 563 2131 620 honoretveniebat.
2199 565 2427 634 JamiIIa

288 667 547 726 perquam
567 645 804 717 jucunda
832 659 936 697 una
965 638 1301 702 dicentibu3‚
1325 636 1513 709 qu0d⁵
1543 636 1706 692 libera
1737 652 1988 710 temporav
2006 637 2248 710 petebat,
2274 640 2429 712 quod

2279 712 2434 769 audi·-

293 877 511 925 Oppianum
537 899 547 916 ,
585 871 649 921 qui
679 880 765 908 cum
799 866 885 906 esset
907 866 993 906 mali
1015 865 1171 911 coloris,
1201 866 1326 913 coepit
1391 861 1498 910 super
1519 860 1673 900 aaronis
1685 870 1843 901 eventu:
1873 875 1914 902 ea
1926 871 2052 903 tamen
2066 862 2437 914 superstitio,quam-‘

287 927 440 966 scribere
464 923 583 962 versus
597 951 608 968 ,
635 930 677 960 ut
698 921 884 960 videretur
905 929 1016 968 poeta
1031 946 1042 965 ,
1070 920 1109 957 ὅ(
1124 915 1328 962 illaJuven.

296 977 504 1015 vellicatio:

350 1099 420 1110 --
448 1084 545 1117 'runc
562 1075 649 1114 utile
672 1073 796 1112 multis

348 1130 507 1174 Fallere,
534 1139 578 1168 ω’
601 1129 731 1165 vinum
753 1134 826 1163 toto
847 1123 974 1174 nescire
1003 1121 1200 1163 Decembri.

301 1233 337 1272 C
351 1245 374 1272 Α
387 1246 411 1272 τ
427 1245 449 1270 Α
463 1244 503 1275 N.

358 1297 374 1323 1
406 1277 741 1329 circummunita]
784 1279 950 1329 Quidam
990 1277 1154 1315 frontem
1179 1275 1341 1315 linebant

300 1343 496 1384 unguento
516 1335 577 1372 vel
597 1331 718 1373 cerusa
732 1359 744 1377 ‚
769 1330 901 1369 deinde
919 1327 1157 1380 panniculum
1188 1327 1264 1366 sive
1286 1325 1340 1364 fa-

302 1386 412 1425 sciam
445 1384 714 1435 imponebant:
743 1381 847 1432 quod
871 1382 1050 1432 splenium
1086 1377 1292 1417 dicebatur:
1320 1389 1340 1416 a

303 1435 522 1486 quibusdam
557 1434 803 1474 existimatum
837 1433 1034 1471 oculorum
1069 1431 1342 1479 operimentem

306 1487 352 1524 ad
375 1486 570 1525 arcendam
593 1486 748 1523 nimiam
768 1483 906 1523 lucem.
934 1483 1024 1534 EJus
1046 1483 1218 1521 meminit
1240 1481 1345 1519 Mar-

304 1537 394 1577 tialis
418 1538 500 1577 Lib.
521 1538 569 1576 II.
594 1538 632 1575 ὃς
654 1535 768 1579 VIII,

360 1639 463 1680 Talia
485 1640 618 1679 lunata
641 1638 778 1694 splenia
794 1641 921 1687 fronte
935 1637 1076 1690 sedent.

306 1744 357 1783 Et
374 1743 467 1782 libro
491 1742 538 1780 X.
558 1754 626 1793 pro
641 1742 770 1794 pericla
801 1741 948 1779 videtur
964 1740 1166 1790 ‚usurpafl'e
1206 1740 1346 1778 Secun-

309 1795 402 1834 dum
435 1794 628 1833 Pollucem
661 1800 874 1832 numeratur
905 1793 998 1830 inter
1030 1791 1266 1830 medicorum
1291 1791 1349 1828 in-

309 1845 518 1885 strumenta.
557 1845 681 1884 Etiam
713 1851 822 1894 caput
851 1842 979 1893 splenis
1002 1842 1132 1881 dicitur
1146 1841 1347 1892 splenium,

313 1898 401 1948 quia
437 1898 614 1944 σπληνιᾷν
638 1895 851 1946 estsplenem
875 1894 996 1933 dolere.
1049 1894 1184 1932 Plinius
1202 1892 1349 1931 testatur

309 1949 463 1986 herbam
478 1946 637 1998 splenion
657 1947 810 1986 lienibus
831 1945 983 1984 mederi.
1023 1944 1139 1985 IDEM.
1183 1945 1348 1989 Circum-

311 1997 484 2049 linebat.]
517 1999 607 2036 Hoc
639 1998 812 2049 frequens
845 2005 920 2035 erat
950 1996 1049 2047 apud
1081 2004 1223 2035 veteres
1247 2025 1258 2042 ‚
1287 1997 1351 2046 qui

312 2049 475 2088 linebant
509 2048 641 2088 faciem
672 2051 732 2088 vel
771 2049 818 2087 ad
849 2048 1057 2087 oculorum
1099 2049 1352 2096 ὑπογμφῐις,

315 2102 448 2151 quibus
469 2102 633 2138 maxiine
655 2099 927 2140 delectabantur
951 2128 962 2145 ,
997 2099 1059 2137 vel
1080 2098 1126 2137 ad
1147 2098 1351 2146 glabritiem

317 2153 358 2190 &
386 2152 675 2200 laevigationem
696 2151 829 2197 ‚vide
863 2151 1014 2188 Sueton.
1045 2151 1083 2188 in
1116 2150 1262 2188 Othon.
1296 2151 1354 2189 vel

318 2204 430 2241 etiam
453 2203 498 2239 ad
520 2203 784 2241 sollicitandum
807 2200 1021 2240 candorem.
1048 2201 1150 2238 Hinc
1171 2200 1358 2246 Juvenalis

316 2261 425 2292 vetus
446 2254 620 2302 interpres
642 2252 688 2290 ad
712 2254 826 2303 Satyr.
845 2252 915 2290 VI.
944 2251 1097 2301 Afinino
1120 2253 1209 2290 lach
1222 2253 1358 2300 faciem

317 2305 422 2350 linit,
451 2315 491 2342 ut
513 2305 622 2345 cutim
652 2305 804 2349 tendat,
832 2314 875 2342 ω·
896 2307 1083 2342 candorem
1102 2302 1233 2341 eliciat.
1260 2303 1359 2343 Vide

323 2356 420 2396 hanc
441 2357 478 2394 in
500 2364 578 2394 rem
605 2355 644 2392 Is.
670 2355 822 2394 Casaub.
845 2362 924 2392 not.
946 2356 983 2393 in
997 2355 1170 2403 Spartian.
1199 2355 1357 2392 VEENH.

325 2409 433 2457 Lege
464 2408 678 2454 interpretes
713 2406 758 2444 ad
791 2404 959 2445 Suetonii
993 2406 1138 2444 Othon.
1180 2416 1256 2454 cap.
1295 2407 1360 2444 ult.

327 2460 444 2506 Supra
466 2455 592 2501 ,Vofl‘s
612 2455 768 2496 Helmst.
803 2459 841 2497 ὃς
869 2456 938 2495 Ed.
971 2458 1059 2496 Vct.
1096 2457 1267 2508 quamvis
1290 2470 1361 2495 non

322 2509 424 2560 posset
455 2510 627 2557 ediscere;
671 2510 785 2547 Arnz.
819 2509 971 2557 disccre3
1004 2506 1226 2547 Medic-eus:
1255 2519 1289 2546 te
1311 2509 1364 2547 di-

322 2565 424 2611 scere.
452 2559 552 2596 Infra
577 2561 705 2598 Oxon.
725 2559 1010 2598 circumliniebat.

384 2623 405 2649 2
436 2611 645 2648 Candidum
660 2610 888 2661 splenium]
926 2610 1087 2650 Fasciam
1125 2609 1252 2648 albam.
1281 2612 1366 2649 CA-

334 2675 356 2701 r
373 2674 393 2700 A
409 2675 448 2699 n.
474 2662 668 2711 Explicant
698 2664 912 2712 interpretes
944 2662 990 2700 ad
1014 2663 1188 2701 Martialis
1213 2662 1293 2700 Lib.
1319 2663 1366 2701 ΙΙ.

335 2713 459 2762 Epigr.
495 2712 636 2750 XXIX.
678 2714 772 2752 Mox
805 2712 1118 2763 Praepoiitionem
1150 2714 1187 2751 in
1213 2743 1223 2758 ,
1251 2725 1364 2763 quam

337 2766 450 2812 vulgo
483 2766 739 2810 omittebant,
785 2765 901 2804 adieci
933 2766 1149 2804 auetoritatc
1194 2766 1365 2814 Optimi:

341 2826 405 2851 aut
427 2816 463 2851 in
486 2815 576 2852 illud
590 2817 813 2866 supercilium
828 2845 838 2862 ‚
867 2816 912 2855 de
935 2828 1006 2866 qua
1029 2817 1249 2866 repetitione
1273 2818 1359 2856 mul-

343 2872 379 2898 ta
428 2864 496 2900 Iac.
537 2867 753 2906 Gronovius
787 2868 833 2907 ad
871 2869 949 2906 Cic.
979 2869 1004 2906 Ι.
1049 2869 1095 2908 de
1143 2869 1248 2907 Orat.
1288 2879 1366 2918 cap.

347 2911 491 2949 XVIII.
532 2917 611 2953 Lib.
651 2918 696 2954 II.
736 2931 812 2967 cap.
850 2919 935 2956 XII.
975 2922 1063 2959 item
1097 2921 1135 2958 in
1172 2920 1283 2958 Aufr.
1321 2920 1368 2958 ad

345 2962 511 3001 Herenn.
535 2966 614 3002 Lib.
637 2967 703 3003 ΙΙΙ.
727 2980 802 3016 cap.
822 2971 926 3006 XIII.
951 2972 1162 3020 Cunigham
1188 2970 1368 3011 Animad-

345 3015 435 3052 vers.
456 3016 493 3052 in
518 3016 647 3052 Horat.
672 3017 784 3053 Bentl.
808 3030 883 3065 cap.
908 3019 1096 3059 XIIINos
1119 3022 1209 3059 alibi.

397 3077 418 3115 3
448 3065 589 3103 Animi.
612 3065 627 3115 ]
669 3067 832 3114 Suspicor
863 3069 1059 3115 legendum
1085 3100 1094 3114 ,
1122 3073 1240 3116 anili,
1269 3079 1367 3117 erat,

332 3117 488 3170 rinquit,
514 3115 767 3166 superstitiosus
815 3120 851 3156 in
891 3119 1115 3166 consulendis
1151 3124 1366 3172 aruspicibus

1404 1732 1621 1772 faciendam
1655 1732 1850 1783 periodum
1876 1762 1887 1779 ,

1400 913 1453 950 vis
1477 912 1579 950 anilis
1594 939 1604 955 ,
1631 912 1820 951 summum
1843 915 2031 954 bonorem
2053 916 2246 954 testabatur
2270 944 2280 961 ,
2319 928 2435 965 quem

1399 963 1555 1002 habebat
1576 962 1698 1001 literis.
1728 964 1956 1003 Casaunon.
1984 967 2123 1004 Animi.
2148 966 2164 1016 ]
2199 966 2320 1005 Valde
2344 969 2436 1006 mihi

1403 1013 1571 1053 satisfaclt
1593 1013 1827 1060 casauboni,
1855 1015 1944 1053 anili
1974 1016 2216 1064 superstitione.
2246 1019 2438 1056 Gxuun.

1405 1065 1830 1116 Animi·superst1ti0ne.]
1870 1067 1957 1115 Qua
1978 1067 2168 1105 tenebatur
2186 1070 2329 1106 animus
2353 1070 2443 1116 ejus.

1409 1116 1649 1154 Casaubonus
1668 1117 1928 1166 suspicabatur:
1959 1117 2049 1156 anili
2061 1117 2296 1168 superstitione
2309 1149 2319 1165 ‚
2337 1118 2442 1168 quod

1409 1168 1515 1207 valde
1549 1167 1783 1207 satisfaciebat
1814 1170 1987 1208 Grutero.
2043 1168 2138 1207 Sane
2170 1169 2299 1208 ridenti
2332 1177 2446 1218 atque

1407 1220 1545 1258 taxanti
1579 1220 1756 1259 convenit
1787 1222 1913 1270 magis.
1962 1221 2172 1258 Ruentem.
2211 1219 2448 1258 Casaubonus

1409 1271 1566 1312 malebat
1596 1271 1688 1310 anili
1710 1301 1721 1317 ‚
1761 1273 1863 1321 quod
1885 1271 2004 1321 placet
2027 1272 2214 1317 Grutero‚
2242 1282 2312 1309 nec
2332 1271 2450 1320 displi-

1410 1330 1468 1361 cet
1500 1322 1708 1362 Buchner0.
1754 1324 1825 1361 Sed
1855 1335 1903 1360 ne
1935 1322 1982 1360 fic
2005 1323 2158 1373 quidem
2183 1323 2285 1360 locus
2307 1323 2449 1371 integer

1411 1376 1566 1413 videtur.
1594 1375 1706 1414 Certe
1739 1374 1843 1424 quod
1875 1375 2067 1425 sequitur,
2103 1388 2126 1410 a
2160 1387 2289 1423 magno
2322 1371 2451 1412 honore

1406 1423 1607 1470 studiorum
1628 1424 1794 1464 veniebat.
1816 1454 1827 1472 ‚
1855 1437 1932 1465 non
1958 1427 2068 1466 habet
2089 1426 2127 1463 in
2148 1423 2449 1474 praecedentibus

1413 1487 1490 1526 quo
1524 1479 1711 1515 referatur.
1765 1477 1866 1515 Nam
1897 1477 1985 1516 illud
2010 1506 2020 1522 ‚
2047 1477 2141 1527 quod
2157 1477 2292 1527 semper
2312 1476 2446 1526 aruspi-

1360 1576 1363 1579 .
1412 1538 1462 1565 ces
1484 1527 1707 1578 consulebat,
1734 1528 1909 1568 cohaeret
1936 1540 2024 1566 cum
2046 1529 2245 1577 superiori,
2273 1540 2446 1578 quamvis

1412 1591 1481 1615 non
1500 1578 1606 1630 potest
1626 1578 1789 1630 dediscere
1807 1578 1899 1616 illud
1918 1579 2028 1629 ipsum
2043 1609 2054 1625 ,
2083 1579 2191 1629 plane
2212 1577 2303 1617 sicut
2315 1586 2447 1618 cetera.

1412 1630 1509 1668 Puto
1541 1632 1588 1669 ita
1618 1641 1665 1669 ue
1694 1638 1911 1679 corruptum
1942 1632 2069 1668 locum
2096 1658 2107 1674 ,
2153 1631 2192 1668 &
2219 1631 2343 1678 primo
2370 1630 2452 1678 post

1412 1643 1655 1730 transfereblat
1686 1681 1915 1720 scribendum
1948 1681 2131 1731 punitum
2154 1709 2164 1726 ,
2193 1692 2286 1719 mox
2308 1691 2452 1719 novam

1936 1735 1975 1772 ὅ(
2004 1731 2053 1770 fic
2082 1731 2330 1781 ponendum:
2370 1735 2455 1778 At,

1415 1783 1509 1834 quod
1542 1785 1679 1836 semper
1714 1785 1882 1836 aruspices
1918 1783 2119 1835 consulebat
2157 1785 2198 1821 de
2234 1784 2381 1822 accionis
2417 1797 2454 1821 e-

1417 1845 1530 1874 ventu
1553 1865 1564 1882 ‚
1604 1847 1623 1873 a
1656 1838 1768 1874 nimia
1797 1836 2046 1887 superstitione
2075 1865 2086 1880 ,
2123 1835 2188 1886 sed
2223 1846 2347 1873 tamen
2379 1836 2454 1873 &c.

1419 1886 1510 1924 Illud
1531 1899 1572 1925 at
1597 1887 1765 1926 absumsit
1785 1887 1917 1937 syllaba
1927 1886 2172 1938 praecedens,
2199 1886 2455 1924 animi-autern

1419 1936 1560 1976 fmfium
1591 1938 1639 1977 est
1671 1952 1736 1990 per
1769 1942 2049 1979 connexionem
2079 1938 2315 1983 litterarum,
2359 1947 2456 1988 quae

1419 1988 1599 2029 debebant
1622 1991 1693 2029 efle
1706 1990 1849 2030 divisae.
1879 1992 2097 2030 Scauri-za.
2126 1989 2206 2028 Iam
2219 1990 2330 2038 longe
2341 1989 2454 2036 magis

1419 2039 1609 2080 satisfaciet
1629 2042 1718 2080 anili
1729 2041 1969 2093 superstitione
1994 2071 2005 2088 ‚
2043 2053 2130 2080 cum
2155 2041 2262 2079 fuero
2285 2040 2454 2084 testatum·

1420 2091 1456 2129 id
1479 2091 1604 2131 diserte
1629 2094 1799 2132 exhibere
1821 2094 2048 2132 venerandas
2068 2092 2300 2131 membranas
2333 2090 2455 2130 Medi·-

1423 2153 1506 2182 ceas,
1526 2171 1536 2188 ,
1573 2157 1652 2183 non
1684 2145 1797 2183 animi
1818 2145 2056 2195 superstitione
2077 2172 2088 2189 ‚
2126 2143 2230 2194 quod
2261 2147 2299 2184 in
2331 2142 2454 2182 ceteris

1422 2194 1559 2233 haeret.
1589 2197 1707 2235 Cicer.
1741 2198 1824 2235 Lib.
1848 2196 1895 2234 11.
1919 2196 1965 2235 de
1997 2197 2125 2234 Divin.
2159 2206 2235 2244 cap.
2260 2194 2341 2233 LX.
2363 2198 2451 2231 Ean

1425 2245 1714 2295 superstitionem
1737 2247 1901 2286 imbecilli
1921 2247 2037 2285 animi
2057 2257 2166 2297 atque
2186 2246 2289 2285 anilis
2309 2251 2448 2296 putant.

1427 2298 1466 2334 ὃς
1496 2296 1543 2335 fic
1567 2298 1722 2338 edebant
1745 2311 1823 2349 cap.
1856 2299 1968 2337 VIII.
2000 2299 2115 2337 Anilis
2128 2297 2219 2347 sane
2239 2298 2377 2344 plenum
2396 2292 2450 2331 su·

1428 2348 1642 2396 perstitionis
1660 2351 1734 2398 fati
1757 2364 1893 2389 nomen.
1924 2350 2036 2388 Certe
2057 2361 2124 2400 pro
2142 2349 2272 2386 Domo
2285 2344 2455 2396 cmxi..

1428 2399 1526 2447 Qid
1551 2401 1615 2439 tibi
1650 2402 1769 2450 necesse
1799 2402 1878 2450 fuit
1909 2402 1993 2440 anili
2021 2399 2271 2451 superstitione
2298 2426 2309 2442 ‚
2334 2398 2454 2434 homo

1431 2449 1587 2491 fanatice
1607 2482 1616 2498 ,
1646 2453 1862 2503 sacrificium
1892 2452 2041 2504 invisere
2066 2462 2082 2490 ,ἓ
2122 2451 2260 2489 Minue.
2285 2447 2354 2502 Fel.
2373 2455 2451 2490 cap·

1429 2501 1535 2539 XIII.
1557 2513 1646 2542 extr.
1671 2511 1723 2543 Ne
1743 2517 1808 2543 aut
1830 2505 1930 2543 anilis
1947 2504 2139 2543 inducatur
2157 2497 2452 2548 superstinmut

1431 2555 1545 2592 omnis
1571 2556 1686 2603 religio
1697 2556 1912 2604 destruatur.
1939 2553 2176 2606 Scrupulums
2203 2539 2450 2599 quemSch'ef-

1433 2604 1530 2644 ferus
1563 2607 1600 2645 in
1629 2608 1859 2658 sequentibus
1888 2608 2017 2656 reperit
2040 2633 2050 2650 ,
2095 2608 2201 2655 emm
2243 2603 2450 2651 ermmus

1434 2657 1641 2697 adiiciendo
1662 2671 1706 2696 ex
1728 2657 2042 2698 Veterrimolibro
2055 2644 2366 2689 Coniunstionem
2381 2654 2448 2688 (7,

1438 2720 1549 2758 quam
1574 2709 1689 2748 Aldus
1712 2713 1750 2749 ὃς
1773 2708 1958 2758 Gryphius
1979 2709 2127 2753 quoque
2148 2693 2364 2743 ²g⁰0scunt³
2387 2694 2451 2754 [ed

1436 2770 1560 2798 tamen
1583 2763 1622 2799 &c
1643 2774 1665 2797 a
1689 2773 1815 2810 magno
1837 2765 1904 2796 cet.
1931 2755 2057 2792 Oxon.
2079 2744 2232 2784 Helmst-
2258 2745 2454 2784 Arm-Ed·

1436 2811 1524 2850 Vet.
1557 2812 1625 2860 sed
1664 2823 1787 2850 tamen
1819 2813 1859 2848 ὅ(
1889 2815 2045 2854 magmi
2096 2794 2198 2834 VOff·
2229 2797 2296 2847 fid
2327 2809 2453 2836 tame*

1435 2875 1575 2914 magno.
1603 2863 1756 2901 Conra-
2142 2905 2147 2910 ,

1484 2926 1507 2962 4
1536 2912 1734 2959 Veniebat]
1765 2908 1805 2948 Id
1834 2903 2016 2944 consulere
2035 2902 2209 2951 aruspices
2230 2902 2453 2952 procedebat

1434 2971 1481 3001 cx
1527 2965 1667 3001 sumina
1706 2957 1902 2998 reverentia
1927 2983 1937 2998 ‚
1977 2965 2089 3003 quain
2127 2954 2245 2993 studiis
2283 2955 2453 2996 habebat.

1434 3016 1530 3052 Nam
1566 3011 1628 3048 nifi
1661 3010 1706 3048 de
1727 3007 1866 3057 magnis
1887 3006 2013 3044 Deum
2036 3006 2221 3045 consulere
2244 3017 2322 3044 non
2345 3005 2457 3054 debe<

1434 3074 1525 3103 mus.
1554 3062 1707 3098 CATAN.

1485 3127 1502 3163 5
1536 3111 1655 3152 Libera
1678 3109 1874 3162 κηρυκι]
1911 3111 2004 3149 Non
2025 3109 2291 3162 circumscripta
2312 3110 2454 3201 spati}s‘‚i

2409 3173 2428 3200 c
