2616 3686
334 228 433 280 702.
554 196 2240 259 C.PL1N11CAECILIISECUND1

528 287 622 344 Ec
665 300 788 342 tuae
818 300 1040 341 naturae
1063 280 1136 337 est
1159 287 1172 309 ¹
1201 277 1505 334 transsatitia
1534 280 1662 330 haec
1692 317 1704 336 ‚
1751 274 1806 328 δε
1837 276 1982 346 quafi
2011 283 2030 308 ²
2051 278 2265 350 publica
2289 275 2471 338 officia

528 383 554 418 a
579 362 925 418 familiaribus
954 360 1138 415 amicis
1160 369 1353 420 contra
1373 354 1613 426 ipsorum
1645 349 2002 406 commodum
2024 354 2333 424 exigerez&
2363 373 2468 428 ego

340 457 398 496 te
434 438 759 495 constantius
795 455 917 500 amo
945 475 960 499 ,
1007 451 1168 507 quam
1194 446 1251 485 ut
1277 446 1465 483 verear
1491 467 1507 492 ,
1560 445 1627 482 ne
1662 425 1844 490 aliter,
1894 444 1956 480 ac
1980 428 2168 491 velim,
2200 430 2428 503 accipias
2453 471 2470 495 ,

336 523 353 552 ³
380 513 475 571 nifi
501 529 552 568 te
579 513 831 568 Calendis
855 511 1028 565 statim
1054 507 1346 562 Consulem
1372 503 1587 557 videro:
1634 500 1946 574 praesertim
1977 521 2102 557 cum
2138 521 2227 558 me
2248 506 2472 562 necessi-

343 605 421 646 tas
455 597 476 626 ⁴
506 588 865 644 locandorum
902 583 1250 656 praediorum
1283 585 1299 613 ⁵
1334 578 1509 649 plures
1537 594 1703 632 annos
1729 575 2043 631 ordinatura
2071 578 2339 642 detineat;
2376 584 2396 611 ⁶
2418 584 2472 637 in

303 684 452 740 zqua
475 665 607 720 mibi
639 681 779 717 nova
805 659 1019 714 consilia
1055 653 1315 711 sumenda
1340 652 1474 707 sunt.
1519 653 1659 706 Nam
1683 653 1899 724 priore⁷
1925 651 2117 716 lustro,
2141 669 2470 728 quamquam

346 740 464 811 post
500 755 715 809 magnas
753 740 768 765 ⁸
802 732 1164 793 remissiones,
1199 736 1218 763 ⁹
1253 728 1456 800 reliqua
1489 741 1790 781 creverunt.
1864 726 1997 781 Inde
2029 729 2298 799 plerisque
2335 733 2477 785 nulla

339 817 449 888 jam
500 831 628 868 cura
669 809 949 867 minuendi
984 810 1115 863 aeris
1155 805 1343 865 alieni,
1391 801 1544 875 quod
1593 801 1869 872 desperant
1906 801 2055 873 poffe
2089 802 2357 875 persolvi;
2396 823 2477 860 ra-

345 893 502 962 piunt
533 889 692 941 etiam
721 930 734 948 ‚
790 886 1225 951 consumuntque
1265 885 1299 909 ¹⁰
1335 876 1486 950 quod
1523 889 1709 930 natum
1744 875 1850 938 est,
1908 891 1968 931 ut
2006 881 2097 950 qui
2132 895 2242 948 Jam
2281 892 2476 949 putent

306 973 379 1042 3¹¹
411 966 462 1020 se
498 981 611 1019 non
648 961 743 1017 sibi
785 977 1025 1034 parcere.
1103 951 1531 1012 Occurrendum
1566 967 1700 1023 ergo
1749 949 2154 1022 augescentibus
2194 954 2370 1017 vitiiS,
2422 957 2479 1010 ἃ·

2255 1029 2481 1086 meden-

401 1152 434 1179 1.
471 1137 699 1188 Translatitia
733 1133 814 1173 haec
851 1143 893 1174 (9¹
930 1133 1028 1184 quasi
1057 1132 1192 1184 publica
1233 1130 1376 1180 officim]
1404 1130 1417 1175 I
1492 1136 1525 1172 7·
1553 1121 1711 1175 [ἕψω]
1742 1124 1864 1174 spatiO
1886 1124 2047 1174 quinque
2067 1135 2273 1170 annorum,
2291 1136 2368 1174 <1²¹0
2387 1125 2477 1164 anti·

346 1192 593 1239 Translatitm,
628 1186 841 1226 communia
862 1188 988 1224 omnia
1008 1192 1115 1234 atque
1139 1183 1292 1231 vulgaria
1306 1210 1316 1226 ,
1341 1182 1379 1218 &
1402 1187 1404 1195 ’
1438 1178 1556 1226 quitas
1577 1188 1681 1226 agros
1700 1177 1838 1214 locabat
1859 1204 1871 1222 ,
1898 1184 1937 1212 ut
1961 1176 2106 1224 Ulpi-an.
2133 1175 2170 1213 fl.
2194 1179 2235 1214 L.
2257 1176 2302 1214 de
2323 1176 2479 1214 admini-

346 1254 441 1292 quae
464 1240 631 1289 expedias
652 1239 783 1282 facile,
821 1238 1075 1285 appellantur;
1112 1234 1157 1272 de
1183 1245 1259 1283 quo
1281 1233 1380 1281 plura
1439 1230 1609 1267 stratione
1641 1239 1760 1265 rerum
1795 1227 1839 1265 ad
1878 1227 2062 1264 civitatem
2105 1227 2375 1276 pertinentium.
2426 1227 2475 1266 Et

349 1293 604 1332 eruditissimus
651 1289 795 1326 Voffius
837 1289 917 1326 Lib.
940 1287 1006 1325 IV.
1043 1285 1194 1323 Institut.
1232 1284 1382 1321 Orator.
1436 1279 1473 1316 ff.
1492 1280 1613 1319 XXV.
1642 1280 1687 1317 de
1716 1278 1834 1316 soluto
1866 1279 2134 1316 matrimonio:
2174 1280 2213 1316 ὃ(
2235 1278 2274 1315 fl.
2294 1278 2398 1317 XIV.
2427 1277 2473 1316 de

347 1344 506 1394 cap.VI.
534 1341 703 1380 sectione
725 1340 862 1377 ultima.
888 1339 913 1375 Β
927 1351 951 1375 u
965 1349 986 1373 c
1001 1349 1024 1374 n
1040 1350 1062 1372 κ
1080 1349 1100 1373 ε
1115 1349 1154 1374 n.
1180 1336 1241 1372 De
1263 1344 1381 1372 trans·
1435 1331 1635 1368 verborum
1668 1329 1954 1377 obligationibus.
2012 1328 2150 1366 Ibidem
2177 1330 2406 1377 Pomponius
2433 1332 2474 1367 ὄζ

346 1395 463 1432 latitia
498 1393 582 1431 vide
614 1392 780 1439 Pighium
811 1388 856 1425 ad
889 1389 1012 1426 Valer.
1044 1386 1147 1424 Max.
1183 1385 1381 1422 Bima.
1439 1381 1566 1418 Paulus
1601 1380 1640 1419 ff.
1676 1380 1855 1419 XXXiV.
1890 1378 1935 1416 de
1970 1379 2184 1417 liberatione
2217 1380 2346 1428 legata.
2393 1379 2475 1417 Nos

347 1446 441 1484 adde
462 1445 514 1482 N.
536 1443 692 1481 Fabrum
713 1440 757 1478 ad
777 1440 903 1478 Senec.
934 1439 1011 1477 Lib⁴
1026 1437 1056 1474 Ι.
1084 1436 1384 1474 Controv.Prae-
1435 1432 1601 1470 contenti
1614 1432 1748 1469 erimus
1759 1431 1868 1468 verba
1891 1429 2072 1467 Labeonis
2095 1441 2140 1467 ex
2161 1429 2197 1466 ff
2225 1429 2474 1470 Lib.XXXII.

347 1497 412 1534 fat.
434 1507 512 1545 pag.
535 1504 595 1542 75.
623 1495 661 1530 ὅ(
692 1503 786 1541 quae
815 1501 883 1527 nos
913 1491 957 1529 ad
977 1489 1056 1528 Cic.
1085 1487 1167 1526 Lib.
1185 1489 1252 1526 111.
1277 1487 1380 1524 Fam.
1436 1481 1610 1526 retuliffe,
1643 1482 1722 1534 Qui
1743 1479 1859 1519 hortos
1877 1508 1889 1525 ‚
1913 1481 2031 1528 inquit
2055 1508 2064 1523 ,
2098 1480 2247 1529 publicos
2266 1494 2289 1517 a
2308 1491 2375 1530 rep.
2396 1494 2474 1518 con-

346 1545 459 1596 Epist,
482 1547 583 1583 VIII,
607 1556 643 1580 n.
671 1555 727 1593 ¹3·
1437 1534 1553 1571 dufflos
1586 1532 1759 1575 habebat,
1794 1544 1910 1569 eorum
1939 1530 2116 1567 hortorum
2144 1532 2277 1574 fructus
2296 1545 2399 1583 usque
2424 1532 2474 1570 ad

399 1610 435 1636 2.
462 1596 605 1634 Publica
628 1595 644 1644 ]
676 1593 902 1637 Prot-nisena,
932 1591 1114 1640 vulgaria,
1142 1588 1380 1635 communia,
1435 1584 1582 1622 lustrum
1597 1611 1608 1628 ‚
1631 1596 1696 1634 quo
1718 1582 1873 1620 conducti
1890 1581 2009 1632 efferet,
2040 1581 2182 1622 Aufidio
2209 1584 2401 1631 legaverat.
2426 1583 2473 1622 Et

348 1659 444 1699 quae
461 1659 481 1685 a
505 1647 623 1685 multis
646 1644 873 1695 praestantur.
904 1643 936 1681 C
950 1657 968 1680 Δ
985 1655 1088 1680 TAN.
1204 1675 1210 1679 .
1438 1635 1652 1673 Callistratus
1680 1633 1855 1672 ffiXLIX
1895 1633 2033 1680 dejure
2055 1632 2146 1670 fiili:
2171 1638 2264 1670 Cum
2284 1634 2472 1686 quinquen-

406 1711 440 1749 3.
469 1699 546 1749 Nisi
563 1709 595 1736 te
616 1696 782 1734 Calendis
801 1695 914 1739 statim
935 1691 1115 1743 Consulem
1126 1690 1282 1741 videro]
1310 1689 1382 1728 Ka·
1437 1687 1535 1725 nium
1557 1714 1567 1731 ‚
1601 1686 1639 1723 in
1658 1699 1722 1735 quo
1746 1686 1822 1736 quis
1839 1691 1900 1733 pro
1915 1683 2047 1733 publico
2071 1684 2270 1721 conduczore
2286 1688 2318 1731 se
2339 1686 2469 1734 obliga-

349 1750 464 1788 lendis
487 1749 656 1796 januariis
679 1755 763 1796 puta
783 1775 793 1792 ‚
830 1748 956 1797 quibus
985 1745 1121 1782 inibant
1152 1741 1384 1791 magistratus.
1435 1738 1514 1783 vit,
1541 1736 1689 1783 excesfit,
1712 1735 1880 1786 sequentis
1899 1735 2053 1784 temporis
2075 1736 2208 1772 nomine
2237 1748 2304 1773 non
2323 1746 2472 1776 tenetur.

351 1802 474 1839 Videro
497 1828 506 1845 ,
534 1800 569 1838 id
589 1799 637 1837 est
660 1825 670 1842 ‚
700 1796 765 1835 nisi
786 1797 939 1836 adfuero
967 1795 1030 1833 tibi
1048 1794 1240 1842 auspicanti
1259 1793 1382 1831 hono·
1432 1789 1536 1840 idque
1563 1787 1809 1837 principalibus
1841 1786 2004 1835 rescriptis
2031 1786 2249 1834 exprimitur.
2275 1788 2306 1823 C
2320 1803 2338 1823 A
2359 1801 2380 1825 1
2395 1801 2416 1824 Α
2431 1800 2470 1826 Ν.

347 1862 425 1890 rem
449 1879 460 1896 ,
498 1851 536 1888 ὃς
571 1848 762 1898 gratulatus
797 1848 843 1887 de
880 1859 927 1886 eo
965 1847 1082 1884 fuero.
1120 1843 1258 1881 Buca
1274 1857 1384 1883 niza.
1434 1836 1538 1877 Voff.
1561 1851 1646 1875 nam
1661 1839 1770 1888 priore
1792 1838 1850 1888 tsto
1869 1851 1881 1881 ;
1921 1837 2077 1875 Helmst.
2100 1837 2211 1876 Atnz.
2235 1840 2272 1875 ὅτ
2295 1836 2364 1876 Ed.
2382 1838 2470 1879 Vet.

349 1902 431 1951 Nisi
450 1913 480 1940 te
503 1900 688 1939 Calendis.·
717 1900 814 1950 coo]
846 1900 939 1937 Puto
962 1895 1186 1936 scribendum
1208 1906 1216 1931 ε
1248 1893 1282 1933 Si
1303 1907 1381 1932 non
1410 1895 1411 1901 ¹
1434 1903 1519 1927 nam
1536 1890 1647 1939 priore
1660 1889 1762 1935 julio.
1787 1895 1968 1936 corrupte.

344 1965 380 1992 te
418 1952 578 1990 Calendis
605 1951 722 1994 statim
762 1950 929 2000 consulem
975 1948 1110 1986 videro.
1143 1947 1383 1984 Gnouov.
1486 1941 1519 1978 8.
1553 1940 1794 1991 Remiffiones]
1825 1938 2098 1977 eoncessiones,
2124 1937 2222 1976 Vide
2242 1938 2345 1978 VHl.
2373 1947 2467 1989 quot

348 2003 505 2042 Helmst.
535 2004 574 2041 ὃ(
603 2004 705 2039 Arnz
745 2001 782 2038 in
803 2015 856 2039 me
877 2000 961 2038 Kal.
980 1999 1047 2036 Ed.
1080 1999 1166 2035 Vet.
1188 1996 1224 2034 in
1243 2007 1275 2035 te
1296 1997 1384 2034 Kal.
1408 2003 1412 2043 ὲ,
1433 1992 1714 2041 negotiatoribus
1737 1990 2006 2030 vindemiarum
2031 1989 2220 2038 dempserit
2243 1991 2280 2028 &
2303 1990 2466 2028 donave-

348 2054 452 2104 quod
470 2061 682 2101 corruptum
704 2065 748 2091 ex
773 2053 809 2090 ni
831 2064 873 2091 te,
900 2049 999 2089 Voss
1023 2048 1139 2088 Aldus
1158 2076 1168 2093 ‚
1197 2049 1234 2083 &
1257 2048 1385 2096 reliqui
1409 2050 1411 2086 ᾗ
1431 2044 1484 2081 rit.
1515 2043 1562 2080 Et
1582 2042 1626 2080 ad
1649 2043 1855 2091 Trajanum
1879 2054 1888 2078 :
1930 2046 2108 2090 Agrorum
2133 2041 2224 2078 enim
2250 2041 2366 2078 locatio
2391 2042 2470 2079 adeo

349 2116 483 2143 omnes
507 2118 516 2142 z
545 2105 607 2156 nisi
627 2114 684 2148 te,
710 2103 811 2152 quod
834 2115 911 2140 non
933 2102 981 2140 est
1004 2097 1281 2139 sollicitandum.
1318 2098 1386 2136 Su·
1409 2087 1414 2140 l
1436 2107 1504 2130 non
1534 2093 1639 2143 potest
1675 2092 1804 2141 differri
1824 2121 1834 2137 ,
1871 2103 1911 2130 ut
1943 2093 2141 2141 proximam
2173 2092 2385 2140 putationem
2411 2105 2469 2129 no-

349 2168 413 2206 pra
433 2155 568 2203 scripti:
598 2155 637 2191 ὃς
657 2154 722 2192 Ed.
746 2154 832 2191 Vet.
852 2165 920 2191 nec
939 2153 1043 2190 aliter
1068 2180 1079 2196 ‚
1118 2161 1185 2197 pro
1208 2162 1249 2187 ne
1265 2148 1385 2188 aliter.
1408 2145 1412 2187 1
1438 2158 1505 2182 vus
1541 2146 1674 2182 colonus
1712 2145 1825 2191 facere
1871 2141 1990 2180 debeat
2012 2159 2023 2180 .·
2075 2152 2245 2192 praeterea
2294 2146 2466 2181 continuae

353 2207 519 2245 Adeatur
551 2205 637 2243 Phil.
672 2216 694 2243 a
721 2206 842 2243 Turre
869 2215 949 2253 pag.
981 2213 1066 2253 373.
1092 2202 1271 2239 Monum.
1297 2199 1385 2239 Vct.
1410 2189 1416 2223 ἶ
1431 2195 1627 2245 sterilitates
1671 2206 1793 2244 cogunt
1830 2207 1882 2230 me
1918 2194 1959 2230 de
1996 2193 2256 2231 remiffionibus
2295 2194 2431 2243 cogitare
2453 2219 2465 2236 ,

353 2258 471 2296 Antii.
1413 2259 1586 2296 §quarum
1625 2246 1791 2283 rationem
1829 2244 1892 2296 nisi
1921 2247 2077 2294 praesens
2111 2246 2196 2283 inire
2232 2257 2298 2281 nm
2326 2242 2466 2293 poffum.

405 2321 440 2356 4.
464 2305 735 2356 wascanorum]
766 2307 875 2351 Quae
895 2305 930 2342 in
953 2303 1081 2341 Tuscis
1099 2301 1229 2340 habeo.
1275 2300 1388 2340 Inufi·
1412 2295 1416 2342 ἰ
1439 2298 1472 2334 C
1488 2311 1506 2333 Α
1521 2310 1545 2336 τ
1562 2309 1581 2333 Α
1597 2309 1633 2334 u.
1682 2297 1779 2334 Vide
1820 2296 1898 2333 Lib.
1934 2295 2038 2333 Vni.
2073 2295 2180 2346 Epist.
2207 2296 2255 2334 [l.
2279 2307 2323 2331 ‘n.
2349 2294 2382 2330 6.
2421 2293 2460 2330 &

350 2368 423 2398 tata
459 2360 579 2396 forma
612 2357 930 2395 denominativum
958 2353 1128 2391 formavit
1151 2380 1162 2397 ,
1202 2365 1224 2390 a
1254 2352 1389 2398 Tuscia
1413 2345 1416 2368 ¹
1444 2348 1523 2386 Lib.
1542 2349 1589 2386 X.
1616 2347 1724 2396 Epist.
1742 2346 1883 2384 XXlV.
1908 2357 1945 2384 n.
1967 2358 2002 2395 ς.

352 2412 451 2449 enim
474 2409 598 2459 Tuscus
619 2435 630 2451 ‚
656 2420 676 2445 a
701 2409 874 2453 Tuscanus
896 2404 1123 2455 Tuftaniensis
1154 2420 1164 2441 :
1202 2415 1223 2441 a
1246 2404 1388 2453 Tusculo
1490 2411 1526 2448 9.
1554 2397 1698 2449 Reliqua
1715 2399 1936 2445 creverunt.]
1966 2396 2126 2448 Reliqua,
2155 2394 2285 2442 &estes
2311 2391 2355 2430 de
2385 2403 2462 2440 quo

353 2461 568 2511 Tusculanus
589 2458 720 2497 deduci
735 2459 823 2497 solet
844 2486 854 2501 ‚
883 2468 993 2506 quare
1012 2457 1122 2503 magis
1138 2454 1252 2501 probo
1271 2454 1388 2491 lucan·
1439 2455 1549 2502 supra.
1576 2453 1667 2491 1nde
1691 2454 1921 2504 Reliquatores
1939 2453 1977 2491 in
1996 2451 2081 2498 Jure
2092 2452 2188 2490 dicti.
2210 2449 2271 2486 Bu
2284 2458 2305 2483 c
2320 2459 2341 2483 Η
2357 2461 2378 2483 Ν
2391 2459 2413 2484 E
2427 2461 2463 2485 a.

353 2514 489 2551 dorum.
517 2512 584 2549 CA
600 2523 622 2547 T
638 2525 656 2547 Α
672 2523 709 2546 Ν,
747 2508 902 2546 Helmst.
927 2509 1034 2545 Arnz.
1065 2508 1102 2543 ὅ(
1124 2505 1191 2543 Ed.
1211 2506 1294 2543 Vet.
1318 2511 1386 2543 Tu·
1440 2506 1593 2544 Dictum
1615 2504 1659 2541 ad
1690 2505 1768 2542 Lib.
1789 2507 1852 2542 ΙΙΙ,
1884 2503 1989 2551 Epist.
2007 2503 2108 2540 XIX.
2141 2513 2176 2539 n.
2195 2499 2228 2536 6.
2262 2501 2360 2534 Dum
2383 2498 2465 2535 reli-

345 2565 547 2615 scianorum
569 2561 784 2607 praediorum
808 2575 818 2604 ;
858 2557 960 2596 Voff
986 2555 1215 2605 Tuscanorum
1231 2557 1387 2605 praedio·
1413 2553 1418 2608 s
1439 2568 1509 2606 qua
1531 2555 1721 2593 colonorum
1740 2555 1867 2593 minuit
1887 2554 1937 2590 ad
1954 2562 2094 2601 tempus.

355 2629 448 2653 rum.
491 2613 561 2652 Sed
599 2614 730 2649 merito
769 2610 965 2659 praefertur
992 2609 1216 2647 locandorum
1237 2634 1248 2652 ‚
1284 2607 1387 2657 quod
1414 2611 1417 2679 l
1497 2618 1556 2644 10.
1582 2607 1695 2659 Qod
1723 2616 1855 2643 natura
1876 2603 1955 2652 ests]
1990 2601 2104 2650 Quod
2130 2600 2175 2637 ita
2210 2605 2459 2646 comparatum

355 2666 471 2705 Aldus
493 2664 624 2708 edidit,
657 2664 695 2700 ὃς
720 2662 832 2700 sensus
854 2661 1009 2709 requirit.
1444 2658 1483 2695 ὃ(
1503 2656 1715 2695 consuetum
1736 2658 1789 2695 his
1808 2656 1867 2694 est.
1895 2655 2114 2702 Quanquam
2141 2649 2195 2686 alii
2213 2649 2331 2695 legant
2345 2677 2354 2692 ,
2374 2651 2463 2698 quod

408 2730 440 2765 ς.
470 2717 592 2753 Plures
611 2726 718 2750 annos
740 2712 988 2762 ordinatum]
1019 2710 1177 2748 Plurium
1198 2719 1382 2746 annorum
1442 2718 1568 2745 natum
1584 2708 1649 2757 est,
1675 2707 1803 2746 scilicet
1821 2704 1953 2743 fructus
1973 2701 2196 2752 praediorum
2210 2727 2219 2742 ,
2240 2710 2333 2748 quae
2351 2700 2460 2738 iestio

355 2768 625 2807 ordinationem
650 2763 892 2802 constitutum.
921 2763 946 2800 Β
960 2776 982 2799 υ
999 2774 1021 2799 c
1035 2773 1059 2798 n
1074 2773 1098 2798 Ν
1112 2773 1132 2798 E
1147 2774 1183 2797 R.
1213 2760 1388 2798 ordinare
1441 2762 1554 2808 magis
1574 2760 1696 2806 placet.
1724 2758 1757 2794 C
1769 2770 1790 2792 A
1804 2768 1826 2793 τ
1842 2769 1861 2792 Α
1877 2767 1913 2792 Ν.

357 2832 465 2856 annos
486 2845 496 2861 ‚
531 2826 572 2855 ut
599 2816 736 2854 Seneca
764 2814 859 2863 Epist
889 2813 954 2853 Xl.
989 2813 1150 2849 ordinare
1171 2811 1261 2848 diem
1282 2838 1293 2855 ‚
1321 2822 1388 2859 pro
1498 2822 1554 2848 11.
1585 2815 1665 2845 Non
1679 2806 1740 2853 libi
1754 2802 1924 2856 placem]
1954 2799 2351 2843 Diffiderelibi,&rem
2365 2804 2462 2844 suam

359 2870 556 2910 disponere.
604 2867 660 2905 Sic
680 2865 812 2904 Noster
828 2866 930 2914 supra
963 2863 1072 2913 Epist.
1095 2862 1273 2901 XXVIII.
1296 2873 1331 2899 n.
1353 2878 1387 2909 4.
1442 2861 1706 2899 conclamatam
1724 2856 1856 2894 videre.
1878 2850 1991 2909 'Quid
2014 2850 2039 2887 fi
2061 2851 2197 2906 legat-ir
2220 2865 2285 2888 mn
2307 2865 2463 2900 parcere,

358 2920 529 2955 ordinatio
555 2917 662 2954 vitae.
1442 2911 1606 2950 videlicet
1627 2907 1801 2956 quoniam
1829 2902 2028 2941 exlstlmant
2055 2903 2077 2935 11
2101 2901 2269 2939 fructibus
2293 2917 2464 2951 peperoe-

411 2979 446 3015 6,
474 2982 515 3011 1n
538 2987 608 3023 qua
630 2975 717 3014 mihi
735 2987 828 3012 ηοω
848 2988 873 3012 ι,
890 2974 916 3019 fi
936 2974 995 3022 s]
1033 2972 1089 3010 Sic
1121 2970 1194 3010 libri
1218 2971 1326 3010 nostri
1346 2970 1385 3007 &
1442 2963 1512 3000 rint
1529 2987 1538 3002 ,
1578 2958 1680 3008 quod
1712 2953 1877 3002 supererit
1899 2979 1908 2995 ,
1946 2962 2021 2987 non
2054 2952 2214 2989 futurum
2239 2954 2340 2993 suurn
2367 2984 2377 2999 ‚
2401 2956 2462 2996 sed

358 3028 549 3076 pleraeque
581 3037 712 3063 omnes
745 3025 839 3065 Edd.
875 3024 990 3063 Aldus
1015 3032 1139 3063 autem
1165 3034 1174 3059 z
1208 3024 1246 3061 in
1271 3032 1383 3073 quam
1441 3011 1595 3068 deiUi-
1617 3010 1637 3064 ‚1
1654 3017 1765 3043 ΜΗ·
1795 3009 1872 3039 Non
1888 3001 2136 3058 fibi-placere]
2175 3006 2463 3063 Inel'tlffimafte·

359 3089 455 3117 mv„
476 3073 608 3124 confina
624 3077 656 3124 f
667 3075 701 3122 s,
1440 3062 1527 3100 6110.
1553 3058 1670 3098 Scribe
1693 3068 1702 3094 :
1730 3055 1768 3104 fi
1798 3065 1865 3090 non
1892 3052 1960 3104 fibi
1987 3061 2118 3101 parcere
2139 3082 2150 3099 ,
2183 3067 2227 3093 ex
2262 3059 2466 3097 melioribus

2307 3107 2470 3148 editioni·
