2616 3686
285 212 398 262 *188
539 211 602 259 c.
665 209 1057 260 PL1N11
1125 208 1655 260 CAECILII
1724 211 2236 269 SECUNDI

298 301 478 350 retur,
516 301 652 356 quae
678 285 689 306 ¹
716 287 935 342 nomina
963 287 1018 342 δε
1041 299 1241 356 quanta
1278 285 1541 342 sustineat.
1617 285 1857 345 Proinde
1880 330 1895 354 ‚
1935 291 2233 349 faventibus
2271 289 2372 347 diis
2392 328 2416 354 ,

300 358 450 414 trade
474 375 598 413 eum
623 359 1000 430 praeceptori,
1039 377 1066 412 a
1090 375 1200 430 quo
1223 376 1398 414 mores
1436 362 1671 432 primurn
1697 397 1713 423 ,
1766 377 1900 418 mox
1932 365 2292 436 eloquentiam
2327 361 2420 420 di-

301 431 432 486 scat:
472 449 611 504 quae
639 432 775 486 male
801 431 907 486 sine
934 433 1172 486 moribus
1202 429 1434 486 discitur.
1473 433 1625 487 Vale.

516 567 620 624 IV.
700 568 768 624 C.
847 569 1277 625 ΡιιΝιυε
1354 567 1847 627 ΜΑοιιιΝο
1922 572 2102 629 Suo
2177 573 2231 645 S.

303 706 556 763 Alacrino
590 707 803 775 exponit
830 707 1036 773 causas,
1075 703 1253 774 quibus
1277 703 1666 760 advocationem
1683 720 1782 780 pro
1811 707 2053 762 Baeticis
2080 723 2262 764 contra
2291 711 2429 766 Cae-

377 780 559 832 cithim
584 777 855 848 Clofficum
873 775 1184 849 snmpffſjetj
1230 774 1285 831 {5
1301 774 1410 846 post
1430 776 1643 845 fastum
1670 781 1920 850 confidit,
1955 800 2022 835 an
2048 786 2188 838 reHe
2201 784 2433 853 fecerit..

467 913 683 970 Uamvis
723 915 776 969 δε
813 915 971 969 amici
1017 931 1153 986 quos
1194 913 1493 985 praesentes
1529 912 1791 970 habebam
1814 954 1831 979 ,
1869 917 1923 971 &
1950 918 2219 974 sermones
2246 919 2422 974 homi-

313 920 447 1071 Ο
465 1007 593 1043 num
621 987 816 1042 facium
846 1004 1026 1042 meum
1054 986 1424 1065 comprobasse
1447 985 1762 1049 videantur,
1801 990 1977 1058 magni
2000 1003 2176 1045 tamen
2202 991 2429 1046 aestimo

231 1078 257 1111 ι
307 1062 442 1118 scire
470 1060 602 1134 quid
631 1057 816 1115 sentias
845 1074 920 1115 tu.
997 1060 1134 1115 Nam
1163 1075 1362 1130 cujus,²
1394 1061 1600 1130 integra
1629 1077 1686 1114 re
1711 1058 1988 1114 confilium
2013 1063 2299 1132 exquirere
2325 1081 2423 1135 op-

312 1136 494 1190 tassem
525 1173 539 1197 ,
592 1133 744 1204 hujus
783 1135 942 1188 etiam
982 1130 1192 1203 peraRa
1220 1131 1483 1200 judicium
1526 1130 1673 1186 noffe
1711 1133 1846 1187 mire
1869 1133 2209 1203 concupisco,
2282 1135 2427 1191 Cum

320 1211 335 1238 ³
374 1208 648 1280 publicum
685 1223 819 1276 opus
859 1223 975 1260 mea
1013 1206 1238 1276 pecunia
1279 1204 1624 1258 inchoaturus
1652 1205 1707 1258 in
1730 1203 1982 1258 Thuscos
2009 1224 2028 1248 ⁴
2052 1204 2392 1261 excurriffem
2409 1245 2439 1271 ,..

316 1278 329 1304 ³
355 1294 613 1351 accepte,
651 1284 669 1308 ⁶
695 1293 753 1333 ut
783 1277 1087 1333 Praefeff‘tus
1115 1276 1329 1339 aerarii,
1365 1289 1674 1345 commeatu
1701 1299 1715 1338 ς
1751 1277 1911 1348 legati
1949 1277 2258 1347 provinciae
2295 1276 2429 1332 Bae-

312 1355 458 1407 ticae·
488 1349 726 1422 questuri
762 1350 831 1406 de
863 1355 877 1380 ⁷
918 1349 1299 1403 Proconsulatu
1326 1360 1344 1387 ⁸
1381 1348 1609 1403 Caecilii
1638 1347 1875 1409 Classici,
1915 1347 2246 1404 advocatum
2275 1365 2363 1404 me
2401 1367 2438 1405 a‘

231 1428 257 1482 3
312 1425 511 1481 Senatu
537 1425 824 1493 petierunt.
903 1422 1165 1492 Collegae
1193 1422 1415 1491 optimi,
1453 1422 1670 1491 meique
1696 1419 2040 1476 amantissimi
2077 1420 2147 1475 de
2185 1438 2435 1478 commu-

309 1500 390 1553 nis
414 1496 585 1552 officii
614 1493 1009 1550 necessitatibus
1039 1494 1370 1565 praelocuti,
1397 1491 1762 1548 excusareme
1788 1494 1841 1548 &
1868 1493 2107 1548 eximere
2137 1506 2441 1550 tentarunt.-

305 1568 531 1626 Faetum
556 1568 632 1623 est
657 1567 887 1624 Senatus
887 1567 1191 1623 consultum
1218 1583 1479 1639 perquam
1504 1565 1894 1631 honorificum,
1931 1578 1995 1621 ut
2016 1565 2175 1620 darer
2201 1569 2445 1639 provin-

2283 1641 2454 1694 ciali--

308 1782 458 1823 'Accedit
473 1811 483 1828 ,
512 1781 603 1832 quod
626 1778 690 1819 tibi
707 1791 886 1820 certamen
912 1779 955 1827 est
977 1791 1090 1818 tecum
1114 1796 1124 1815 :
1157 1788 1287 1819 onerat
1307 1791 1341 1820 te
1407 1781 1565 1820 VEENH.
1592 1779 1697 1818 Plura
1721 1778 1766 1817 de
1792 1779 2022 1818 Commeatu
2046 1777 2103 1818 Cl.
2123 1776 2249 1817 Waffe
2282 1777 2329 1817 ad
2362 1779 2436 1819 Sal-

313 1833 516 1885 qnaesturae
540 1844 622 1869 tuae
633 1833 744 1880 sama
762 1861 772 1878 ,
811 1839 939 1871 onerat
961 1831 1196 1878 testimonium
1215 1832 1344 1882 princi·
1406 1832 1484 1872 lust.
1505 1832 1553 1869 V.
1578 1831 1714 1869 Histor.
1738 1833 1775 1869 in
1797 1830 1970 1869 Addend.
1993 1840 2074 1881 pag.
2097 1841 2180 1880 304·

308 1887 359 1935 pis
387 1915 396 1930 ‚
447 1892 575 1923 Onerat
607 1882 814 1921 tribunatus
848 1894 956 1933 atque
985 1881 1068 1920 haec
1099 1882 1170 1932 ipsa
1191 1882 1340 1932 legatio,
1463 1882 1486 1918 6
1515 1887 1561 1920 Ut
1589 1884 1784 1932 praefectus
1817 1880 1988 1931 aerarii.]
2031 1881 2087 1918 Ut
2145 1882 2184 1919 ui
2214 1891 2302 1921 tunc
2336 1894 2451 1922 eramz

312 1935 414 1986 quast
432 1936 630 1985 praemium
646 1963 656 1980 ,
683 1934 785 1972 data.
839 1936 918 1980 Qo
944 1934 1054 1983 magis
1070 1934 1258 1972 nitendum
1271 1935 1316 1982 est
1330 1966 1340 1982 ‚
1409 1933 1623 1973 Praefectus
1643 1935 1767 1971 aerarii
1782 1961 1793 1977 ‚
1819 1932 1905 1971 ideo
1928 1933 1998 1970 fuit
2021 1932 2116 1970 disce
2144 1930 2187 1970 us
2214 1934 2258 1970 ab
2270 1933 2358 1971 urbe
2369 1935 2440 1973 im-

313 1997 384 2025 cet.
411 1987 588 2036 Quinetil.
612 1984 1008 2024 Declam.CCLXlX.
1038 1989 1098 2022 Me
1123 1993 1250 2023 onerat
1262 1999 1342 2024 ma-
1413 1983 1608 2034 peti-andus
1638 1997 1659 2022 a
1692 1984 1854 2022 Caesare.
1909 1983 2108 2030 Praefefflus
2139 1984 2308 2030 generale
2329 1995 2451 2024 voca--

311 2037 427 2075 iorum
451 2051 608 2076 meorum
631 2036 788 2085 dignitas
815 2064 824 2081 ,
854 2046 982 2074 onerat
992 2037 1117 2086 prioris
1129 2037 1337 2085 consuetudo
1378 2050 1383 2119 l
1415 2036 1541 2073 bulum
1567 2034 1614 2074 est
1639 2064 1649 2080 ‚
1679 2046 1764 2072 nam
1790 2036 1828 2073 ὃ(
1851 2034 2043 2082 legionum
2067 2061 2077 2077 ,
2104 2033 2269 2079 alarum,
2309 2035 2442 2074 cohor-

315 2089 440 2133 vitae‚
469 2096 596 2126 onerat
617 2089 726 2125 etiam
740 2088 852 2134 fama
876 2115 885 2131 ‚
913 2097 958 2125 cy
976 2089 1118 2125 omnino
1131 2088 1339 2126 deinnocen-
1416 2087 1509 2124 tium
1534 2115 1545 2131 ,
1582 2087 1676 2125 urbis
1702 2115 1712 2131 ‚
1751 2085 1876 2124 aerarii
1900 2112 1910 2128 ,
1948 2083 2145 2121 castrorum
2170 2113 2180 2128 ‚
2231 2084 2457 2133 fabrorum..

316 2141 370 2176 tia
396 2152 474 2176 mea
497 2139 693 2189 quaeritur.
742 2137 893 2176 Boetius
917 2137 985 2175 ΙΙΙ.
1009 2137 1115 2176 Profa
1136 2138 1204 2175 VI.
1231 2141 1338 2186 §zuod
1374 2130 1382 2214 Ἰ
1417 2138 1589 2186 praetorii
1614 2166 1624 2183 ‚
1660 2148 1832 2174 annonae
1857 2164 1866 2180 ‚
1906 2135 2058 2183 vigilum
2091 2135 2266 2182 praefeffl
2285 2138 2368 2184 jure
2391 2137 2444 2177 di-

309 2189 345 2238 st
373 2191 456 2239 quid
487 2188 531 2236 est
561 2190 597 2226 in
632 2188 814 2226 nobilitate
848 2189 977 2226 bonum
1002 2217 1012 2233 ,
1048 2189 1087 2226 id
1107 2188 1163 2236 esse
1182 2190 1337 2228 arbitror
1418 2198 1547 2227 cuntur
1573 2216 1583 2232 ,
1623 2191 1660 2227 ὅ(
1690 2185 1901 2226 Praefectos
1934 2197 2001 2233 pro
2023 2187 2252 2224 Praetoribus
2274 2186 2460 2227 constitu·-

307 2240 426 2290 solum
443 2270 452 2286 ‚
481 2251 520 2277 ut
553 2238 721 2289 imposita
753 2239 938 2277 nobilitate
970 2238 1195 2277 neccffitudo
1217 2241 1341 2278 videa·
1418 2246 1500 2283 tos,
1530 2239 1592 2289 qui
1615 2251 1668 2278 res
1691 2239 1842 2276 urbanas
1865 2236 2059 2274 traetarent
2084 2263 2094 2279 ‚
2121 2236 2287 2284 legimus.
2338 2239 2444 2277 Prae·

317 2303 403 2336 tar,
431 2305 471 2328 ne
493 2304 515 2327 a
539 2293 714 2328 maiorum
743 2291 882 2328 virtute
903 2291 1116 2340 degenerent.
1137 2290 1230 2329 adde
1265 2292 1344 2330 Lu-
1423 2289 1539 2328 fectus
1571 2299 1696 2328 autem
1730 2289 1854 2326 aerarii
1887 2288 2043 2336 publicas
2075 2289 2246 2334 pecunias
2279 2289 2443 2327 curabat:

319 2353 395 2380 can.
420 2342 500 2381 Lib.
521 2341 630 2379 VIII.
654 2352 705 2378 vs.
730 2353 788 2379 22.
1422 2341 1706 2389 proscriptorum
1731 2339 2068 2387 damnatorumque
2089 2337 2187 2374 bona
2210 2341 2248 2376 in
2270 2340 2441 2377 amrium

375 2406 387 2431 1
423 2391 616 2441 Nomina.]
650 2392 841 2442 Majorum
857 2391 1008 2430 illustria.
1037 2391 1158 2439 Jurisc.
1172 2391 1346 2443 frequen-
1426 2391 1641 2439 redigebat:
1682 2390 1841 2441 denique
1891 2390 2018 2426 onmia
2066 2388 2255 2436 vestigalia
2300 2387 2458 2436 reipubl..

319 2447 390 2482 tius
409 2455 477 2494 pro
501 2443 721 2482 debitoribus
744 2443 925 2492 usurpant.
955 2443 987 2481 C
1001 2456 1022 2479 Α
1038 2456 1061 2481 τ
1077 2456 1097 2480 Α
1113 2455 1149 2479 Ν.
1425 2441 1629 2490 spectantia.
1685 2442 1786 2480 Hinc
1810 2440 1990 2491 Apulejus
2012 2437 2101 2477 dixit
2120 2467 2131 2484 ‚
2168 2438 2366 2487 Qaestores
2383 2449 2443 2492 vaf

374 2507 395 2531 2
426 2501 567 2543 Integra
599 2493 675 2543 re.]
716 2495 931 2543 Antequam
965 2494 1253 2532 advocationem
1286 2495 1350 2534 ad·
1427 2492 1608 2542 etigalium
1630 2492 1822 2530 habebant.
1877 2492 1976 2528 Nam
1999 2490 2037 2528 hi
2061 2490 2156 2537 prius
2177 2499 2297 2525 curam
2321 2495 2441 2541 aeram

323 2545 502 2593 grederer.
534 2545 675 2582 luem.
1427 2544 1627 2589 habebant,
1657 2556 1677 2581 a
1724 2545 1853 2594 quibus
1901 2540 2084 2588 Augustus
2131 2538 2173 2574 ad
2219 2539 2441 2580 Praetonos,

376 2607 395 2645 3
440 2595 623 2633 publicum
656 2593 786 2645 opu5.]
839 2595 1046 2645 Templum
1083 2598 1121 2634 in
1161 2595 1349 2636 Tufernio
1388 2612 1393 2639 «ὲ
1427 2594 1665 2634 Praetoresve
1703 2593 1904 2633 transmisit.
1942 2591 2063 2640 postea
2098 2584 2256 2625 “annm
2293 2583 2362 2623 fuit
2397 2585 2443 2624 nd

327 2646 509 2686 Tiberino
531 2675 541 2691 ,
586 2646 621 2683 id
653 2647 754 2697 quod
778 2657 835 2683 rus
886 2645 1012 2685 offedit
1038 2646 1235 2684 Secundus.
1267 2649 1351 2686 Me-
1393 2643 1395 2652 ⁴
1432 2645 1658 2685 Praefectos.
1687 2647 1840 2684 CATAN.
2349 2687 2354 2692 ⁸

329 2700 436 2737 m'nit
457 2696 716 2736 aedificationis
741 2700 779 2736 ὅ(
802 2696 822 2733 d
877 2698 1040 2736 icationis
1062 2698 1153 2736 illius
1178 2698 1259 2737 Lib.
1285 2699 1352 2738 1V.
1483 2708 1501 2743 7
1534 2697 1796 2748 Proconsulatu.
1822 2696 1839 2745 ]
1920 2699 2069 2731 uantum
2101 2697 2145 2724 ex
2170 2684 2224 2722 M.
2256 2683 2383 2742 Tullio
2408 2688 2447 2726 &

336 2747 453 2786 lom,
815 2789 822 2794 ι
1433 2747 1546 2785 Livio
1570 2749 1796 2797 colligimus,
1825 2757 1896 2783 con
1924 2746 2054 2782 iturum
2078 2743 2174 2791 erat,
2203 2744 2448 2791 utqfflPUQffl

385 2812 406 2842 4
437 2799 717 2848 Excurriffem]
756 2798 958 2836 Heimstad.
992 2801 1030 2837 &
1064 2799 1228 2838 Arnzen.
1250 2814 1357 2839 excu-
1434 2810 1536 2835 anno
1573 2799 1710 2838 Consul
1744 2794 1860 2834 fuisset
1884 2822 1894 2839 ‚
1935 2792 2095 2845 Γθῖἓῑὲῃῒῑ
2116 2786 2314 2842 P‘⁰.c⁰¹¹¹u.l
2337 2787 2447 2844 essct,

304 2894 311 2899 ἱ
336 2849 509 2894 curriffem
536 2878 544 2892 ‚
584 2860 623 2887 ut
654 2850 762 2899 supra.
804 2851 902 2888 Vide
935 2849 980 2888 ad
1013 2850 1093 2888 Lib.
1118 2851 1168 2889 11.
1191 2852 1299 2902 Epist.
1329 2852 1357 2890 1.
1435 2851 1498 2899 qui
1521 2851 1750 2897 provinciam
1773 2846 1912 2884 sortitus
1933 2850 2005 2895 pari
2038 2833 2260 2894 Consulibus
2294 2849 2450 2894 imperio

342 2906 374 2932 η
406 2897 436 2933 ὅ.
614 2901 618 2905 -
1436 2902 1474 2938 jn
1497 2911 1578 2937 eam
1602 2899 1819 2937 mittebatur·
1867 2891 2042 2937 Ulpianus
2067 2886 2218 2933 insuper.
2251 2886 2286 2923 ff.
2317 2900 2450 2935 primo„

391 2959 408 2993 ς
443 2951 584 2995 Accepto
615 2949 849 2996 commeatu]
890 2951 1088 3000 Impetralta
1111 2952 1357 3001 profectione.

339 2995 583 3034 commeatus
607 3001 704 3035 enini
730 3004 766 3037 ἃ
789 3000 977 3038 discessum
1009 3003 1055 3039 ab
1077 3001 1201 3040 officio
1226 3005 1265 3041 &
1298 3016 1361 3042 an-

338 3058 477 3084 nonam
514 3045 694 3094 significat.
735 3051 839 3085 (ΞΑ-τ
860 3063 927 3086 ΑΝ.
965 3052 1107 3090 Confer
1140 3054 1199 3090 hic
1241 3054 1361 3092 Claris.

338 3099 507 3137 Gronov.
541 3106 617 3136 not.
651 3099 689 3135 in
713 3100 792 3136 Sexi.
819 3099 900 3137 Lib.
923 3099 988 3138 111.
1013 3102 1057 3141 de
1081 3103 1136 3141 Ira
1159 3114 1236 3152 cap.
1259 3103 1363 3144 XXI.

1440 2948 1626 2996 Procons‘m¹
1658 2947 1781 2995 ubique
1824 2941 1963 2991 quidem
1996 2936 2257 2992 groconsularia
2304 2938 2455 2987 i’fignia

1438 3000 1543 3037 habet
1557 3027 1567 3043 ‚
1596 2998 1716 3041 statim
1737 3002 1842 3040 atque
1861 2987 1979 3026 urbem
2000 2987 2139 3037 egressus
2162 2986 2228 3041 est:
2255 2988 2456 3036 solestatem

1436 3061 1555 3088 autem
1586 3058 1656 3085 non
1685 3052 1813 3081 exercet
1835 3068 1845 3084 ,
1885 3039 1950 3087 nifi
1980 3040 2015 3076 in
2030 3039 2214 3088 provintia
2265 3052 2328 3076 uae
2350 3040 2379 3076 ei
2398 3042 2455 3078 de-

1436 3110 1532 3141 mea
1551 3093 1605 3146 est.
1641 3093 1712 3135 Sed
1733 3091 1934 3146 Martianus
1955 3090 2030 3145 hoc
2048 3090 2153 3132 latius
2174 3052 2337 3129 traciae:
2368 3089 2458 3137 5³12ss-

1441 3150 1451 3154 “
1483 3149 1510 3154 ““
2350 3151 2473 3192 quam.
