2616 3686
309 206 404 247 uo
548 187 1065 245 C.PL¹1N11
1131 189 2217 254 GAEctLI’IrsECUNDI

311 270 489 339 exigat
520 293 532 322 z
582 265 735 337 hujus
763 306 780 332 ,
827 279 887 322 ut
919 268 992 323 ita
1025 267 1261 326 dixerim
1285 309 1303 335 ‚
1352 269 1366 290 ¹
1403 273 1663 331 tristitiam
1696 275 1931 348 relicinae
1964 291 2140 348 partes
2168 282 2391 342 ‘afflon'i's

311 357 536 398 exorare
581 339 872 396 debebunt.
947 340 1138 396 Adnisi
1174 356 1324 398 certe
1356 343 1536 404 sumus
1558 384 1574 410 ‚
1612 359 1672 402 ut
1703 348 1719 369 ²
1743 348 2037 419 quamlibet
2061 352 2268 412 diversa
2303 375 2397 429 ge·

312 431 438 469 nera
480 429 495 456 ³
529 412 790 467 lestorum
825 430 921 482 per
945 414 1121 484 plures
1143 414 1362 470 dicendi
1389 418 1588 488 species
1615 432 1938 477 teneremus,
2013 422 2100 477 Ac
2136 425 2270 485 ficut
2307 449 2399 487 ve·

313 502 526 548 remur,
557 502 625 539 ne
648 485 962 557 quibusdam
993 502 1108 555 pars
1133 485 1306 556 aliqua
1346 488 1642 547 secundum
1679 492 1824 548 suam
1865 493 2119 566 cujusque
2151 514 2394 559 naturam

316 575 428 613 non
457 558 748 629 probetur:
787 559 860 610 ita
882 557 1131 612 videmur
1159 556 1304 626 poffe
1331 562 1610 619 confidere
1637 603 1654 629 ,
1691 577 1752 621 ut
1789 565 2185 623 univerfitatem
2223 578 2396 631 omni-

319 631 415 687 bus
463 632 682 683 variet-as
733 630 838 696 ipsa
887 628 1254 684 commendet.
1335 634 1474 690 Nam
1525 635 1584 692 δι
1628 638 1683 692 in
1730 639 1941 693 ratione
1987 642 2409 715 conviviorum,

321 703 561 774 quamvis
601 719 629 752 a
667 700 928 771 plerisque
965 701 1097 757 cibis
1131 699 1319 772 finguli
1342 717 1732 777 temperemus,
1771 724 1939 765 totam
1965 716 2146 769 tamen
2170 732 2396 776 coenam

320 777 536 829 laudare
560 789 747 826 omnes
772 771 1032 830 solemus:
1071 791 1175 828 nec
1200 792 1291 837 ea,
1326 793 1463 848 quae
1487 780 1784 837 stomachus
1798 782 1976 838 noster
2011 787 2244 852 recusat,
2282 791 2396 846 adi-

330 860 483 902 munt
508 847 732 917 gratiam
754 845 883 911 iliis,
951 847 1144 918 quibus
1173 850 1400 920 capitur.
1457 852 1644 924 Atque
1665 851 1798 909 haec
1822 872 1929 928 ego
1951 857 2022 912 sic
2047 860 2216 932 accipi
2244 864 2394 928 v010‚

2287 955 2399 994 110ss

314 1058 449 1097 Cicero
498 1057 527 1096 1,
576 1057 622 1095 de
662 1058 823 1096 Oratore
858 1069 934 1107 cap.
960 1055 1115 1096 XVIII.
1168 1059 1340 1103 Nitidum
1381 1072 1542 1113 eamque
1566 1063 1761 1113 severitati
1793 1064 1963 1114 opposuit
1997 1067 2076 1106 Lib.
2113 1068 2139 1107 I.
2163 1070 2272 1123 Epist.
2295 1074 2338 1112 X.
2361 1087 2398 1116 n.

339 1109 494 1146 uoddam
516 1119 631 1157 genus
652 1106 695 1156 ost
718 1110 917 1147 verborum
939 1118 984 1148 <9³
1003 1108 1141 1148 laetum
1164 1138 1175 1154 ‚
1194 1111 1261 1160 sed
1270 1122 1337 1162 pa-
1384 1126 1416 1161 7.
1438 1122 1548 1164 atque
1569 1113 1617 1152 fic
1650 1115 1730 1153 Lib.
1763 1114 1789 1154 I.
1823 1115 1932 1166 Epist.
1970 1117 2018 1155 11.
2040 1131 2074 1157 n.
2098 1132 2130 1158 2.
2153 1127 2264 1162 Acres
2283 1128 2397 1174 enim,

310 1122 456 1206 laestrae
487 1160 599 1210 magis
618 1172 659 1198 (9·
679 1159 741 1197 olei
767 1189 777 1204 ‚
817 1173 926 1210 quam
945 1157 1049 1197 huius
1071 1161 1190 1199 civilis
1211 1164 1336 1204 turbae
1385 1179 1453 1203 non
1475 1165 1586 1213 tristes
1603 1166 1659 1214 effe
1681 1165 1898 1206 volebamus.
1946 1169 2110 1208 Voss‘1an.
2132 1186 2318 1213 exonerare
2341 1179 2398 1215 de-

311 1223 352 1244 ac
371 1211 457 1257 sori.
511 1209 781 1260 Quinffilianus
804 1212 886 1250 Lib.
909 1210 1020 1249 VIII.
1056 1223 1133 1261 cap.
1168 1212 1235 1251 111.
1289 1220 1335 1255 Ut

312 1258 446 1310 liqueat
461 1290 471 1305 ,
498 1274 622 1311 augere
644 1262 730 1310 quid
750 1262 903 1300 velimus
918 1290 929 1307 ,
956 1275 1007 1298 an
1027 1263 1184 1301 minuere
1209 1278 1216 1302 :
1255 1278 1335 1302 con-

308 1312 417 1349 citate
439 1313 570 1357 dicere,
599 1325 648 1349 an
660 1313 862 1351 moderate.-
892 1313 1006 1357 laete,
1034 1326 1084 1349 an
1098 1314 1241 1353 severe:
1270 1317 1335 1354 ab-

309 1364 494 1400 undanter
514 1391 525 1407 ,
579 1376 630 1401 an
665 1362 779 1412 presse.
814 1365 853 1402 &
884 1364 1006 1413 paullo
1035 1364 1146 1412 post:
1183 1366 1335 1408 Proinde

1380 1217 1533 1262 bebunt,
1560 1229 1751 1267 perperam
1775 1219 1933 1257 omnino
1958 1248 1969 1264 ‚
2008 1232 2093 1259 cum
2122 1237 2266 1262 exorare
2300 1228 2399 1266 idem

1380 1267 1446 1312 fit,
1473 1280 1515 1306 ac
1535 1270 1699 1319 placare,
1726 1276 1766 1306 ut
1789 1269 1929 1307 dierum
1951 1270 2052 1320 supra
2075 1273 2120 1310 ad
2143 1275 2249 1324 Epist.
2285 1277 2331 1314 II.
2366 1291 2400 1316 n.

1379 1332 1411 1358 2.
1442 1319 1641 1358 Lindenbr.
1663 1320 1701 1357 ὅ(
1721 1320 1834 1357 Arnz.
1855 1321 2061 1359 debuerunt.
2110 1325 2222 1374 Supra
2246 1328 2404 1368 Hehnst.

1381 1370 1548 1410 orationis
1586 1369 1753 1417 facultas
1784 1398 1795 1416 ,
1844 1382 1912 1420 pro
1942 1372 2118 1421 severitas
2138 1403 2150 1421 ,
2179 1379 2289 1416 etiam
2317 1390 2398 1417 cor-

313 1414 490 1462 quaedam
513 1413 609 1452 hebes
625 1442 635 1459 ‚
654 1413 827 1463 sordida,
855 1415 972 1451 ieiuna
987 1414 1110 1458 ‚tristis
1124 1443 1135 1459 ‚
1160 1417 1308 1466 ingrata
1323 1450 1333 1466 ,

311 1464 399 1501 vilis
429 1465 542 1502 oratio
573 1464 627 1510 est.
680 1477 767 1513 quae
789 1465 884 1502 vitia
899 1465 1074 1512 facillime
1087 1465 1187 1513 fiunt
1216 1471 1334 1508 mam·-

302 1513 398 1560 festa
415 1517 604 1554 contrariis
635 1514 840 1553 virtutibus.
895 1522 997 1553 Nam
1021 1517 1183 1568 primum
1211 1532 1332 1568 acuto,

303 1565 501 1614 secundum
526 1567 659 1610 nitido,
686 1567 834 1604 tertium
855 1568 997 1617 copioso,
1025 1569 1179 1612 deinceps
1209 1571 1334 1620 hilari,

310 1616 464 1654 iucundo
478 1645 488 1662 ,
510 1618 687 1655 'acicurato
707 1616 888 1667 diversum
911 1617 956 1665 est
978 1647 989 1664 ,
1028 1621 1067 1658 δε
1088 1619 1134 1657 ad
1155 1619 1270 1660 finem
1292 1625 1334 1662 ii-

311 1665 380 1705 lius
412 1669 568 1716 capitis:
618 1667 710 1704 Alia
749 1668 840 1716 copia
872 1668 1013 1719 locuples
1036 1698 1046 1714 ,
1081 1669 1155 1708 alia
1188 1671 1334 1714 floribus

311 1716 428 1760 laeta;
459 1719 596 1756 virium
621 1731 690 1756 non
710 1730 824 1756 unum
839 1732 960 1768 genus.
1012 1719 1117 1758 Idem
1152 1722 1234 1760 Lib.
1270 1724 1333 1764 IX.

312 1778 391 1818 cap.
414 1768 483 1807 IV.
536 1776 637 1807 Nam
660 1781 767 1818 neque
787 1769 879 1807 illud
899 1769 938 1807 in
963 1770 1066 1821 Lyfia
1094 1771 1228 1810 dicendi
1256 1786 1333 1813 tex-

310 1828 392 1855 tum
424 1830 526 1857 tenue
557 1832 663 1872 atque
694 1832 821 1857 rarum
849 1821 1055 1860 laetioribus
1088 1824 1242 1862 numeris
1261 1838 1334 1864 cor-

311 1871 549 1920 rumpendum
575 1882 664 1910 erat.
719 1869 801 1909 Lib.
838 1871 923 1910 XII.
955 1883 1029 1921 cap.
1061 1872 1105 1910 X.
1140 1884 1229 1914 extr.
1282 1879 1334 1916 Sic

310 1932 416 1962 erunt
439 1934 572 1971 magna
588 1951 600 1969 ,
628 1935 698 1960 non
721 1921 853 1959 nimia:
873 1921 1043 1973 sublimia
1069 1951 1080 1968 ‚
1117 1938 1187 1963 non
1225 1927 1335 1967 abru-

303 1980 393 2021 pta:
416 1973 530 2020 fortia
546 2002 556 2019 ‚
587 1986 656 2011 non
688 1973 880 2011 temeraria
902 1991 912 2010 .·
943 1974 1065 2013 severa
1086 2003 1096 2018 ,
1115 1988 1186 2014 non
1205 1978 1332 2018 tristia:

305 2023 462 2074 gravia,
489 2037 559 2061 non
579 2025 717 2062 tarda:
748 2025 864 2070 laeta,
892 2038 964 2063 non
981 2025 1186 2075 luxuriosa:
1212 2029 1335 2067 iucun-

311 2073 386 2116 da,
415 2087 485 2111 non
511 2074 696 2123 diffiiluta:
721 2074 826 2124 plena
849 2103 859 2120 ‚
898 2089 969 2113 non
998 2077 1152 2114 tumida.
1205 2080 1334 2131 Atque

310 2124 360 2161 ita
394 2124 452 2162 ille
485 2124 683 2174 saepiffimc
708 2153 719 2170 ,
756 2134 795 2164 ut
830 2129 893 2177 qui
914 2129 1008 2165 inter
1031 2128 1175 2166 dicendi
1199 2140 1332 2178 genera

309 2171 448 2212 laetum
482 2175 618 2225 saepius
650 2176 820 2215 recenset.
873 2178 1018 2216 Λιιέὶοῑ
1052 2179 1147 2216 Dml.
1170 2179 1216 2218 de
1239 2182 1334 2221 Ora-

307 2232 380 2262 tor.
403 2237 479 2275 cap.
502 2227 605 2265 XIV.
658 2231 708 2264 Et
733 2229 900 2266 Materni
928 2238 989 2278 pro
1020 2230 1236 2267 carminibus
1257 2235 1333 2281 suis

308 2273 401 2314 laeta
427 2305 438 2322 ‚
465 2288 573 2328 utque
602 2287 718 2327 poetas
750 2279 894 2326 defendi
925 2279 1067 2318 decebat
1087 2309 1098 2323 ,
1121 2290 1329 2329 epoetarum

308 2339 419 2377 quam
443 2340 624 2367 oratorum
638 2327 788 2378 fimilior
810 2332 940 2369 oratio.
966 2331 1057 2380 Cap.
1080 2331 1162 2368 XX.
1203 2333 1331 2384 Vulgus

310 2390 442 2428 quoque
464 2378 706 2429 adsistentium
730 2407 740 2424 ‚
777 2393 820 2421 (9·
841 2380 1001 2431 adfluens
1021 2395 1062 2419 ac
1082 2396 1197 2432 vagus
1228 2386 1333 2423 audi-

308 2438 391 2474 tor,
419 2431 586 2478 adsuevit
607 2432 680 2467 iam
699 2431 828 2480 exigere
859 2432 1031 2470 laetitiam
1066 2445 1109 2472 <5⁵
1133 2434 1332 2483 pulchrius--

305 2479 424 2517 dinem
457 2482 629 2520 orationis
653 2511 663 2525 ‚
711 2495 771 2519 nec
804 2484 915 2532 magis
939 2486 1074 2534 perfert
1114 2487 1154 2522 in
1196 2487 1331 2526 iudiciis

305 2529 443 2568 tristem
467 2543 509 2570 cy·
528 2533 706 2580 impexam
727 2534 983 2582 antiquitatem
1009 2547 1074 2574 cer.
1108 2536 1196 2585 Cap.
1230 2537 1331 2578 XXI.

303 2580 398 2626 ,Nolo
411 2583 609 2620 Corvinum
630 2581 784 2633 insequi,
812 2586 896 2633 quia
921 2600 990 2623 non
1003 2596 1066 2634 per
1087 2587 1196 2636 ipsum
1209 2587 1330 2635 stetit,

306 2644 372 2681 quo
392 2633 510 2670 minus
534 2634 705 2672 laetitiam
733 2635 945 2684 nitoremque
976 2637 1171 2684 nostrorum
1201 2651 1331 2690 tempo-

306 2695 387 2720 rum
409 2683 627 2732 exprimeret.
681 2686 769 2734 Cap.
795 2686 913 2723 XXII.
936 2688 981 2725 de
1004 2690 1187 2727 Cicerone
1212 2703 1220 2727 :
1250 2693 1330 2729 Pri--

307 2745 385 2770 mus
407 2734 551 2773 excoluit
571 2737 763 2773 orationem
779 2765 789 2781 ,
814 2737 949 2784 primus
971 2750 1014 2777 ω’
1036 2739 1146 2777 verbis
1159 2740 1329 2779 dolel-'lum

309 2783 498 2828 adhibuit,
527 2797 570 2825 ω’
592 2787 819 2831 ιουιιόίιήὀηὶ
841 2801 956 2827 artem
980 2818 990 2834 ‚
1039 2789 1188 2840 locosque
1215 2793 1329 2831 laetos

305 2835 532 2878 attentavit,
559 2849 602 2876 <9-
633 2839 808 2887 quasdam
834 2839 1032 2888 sententias
1059 2841 1213 2880 invenit.
1241 2844 1329 2893 Cap.

308 2881 449 2919 XXIII.
505 2891 603 2922 Nam
624 2899 667 2924 v*
691 2898 723 2924 te
746 2917 755 2931 ‚
787 2891 947 2937 Messalla
972 2919 982 2935 ,
1023 2893 1122 2930 video
1146 2894 1330 2932 laetitlima

1353 2799 1355 2811 ·
1375 2788 1537 2837 aliquam
1572 2792 1792 2831 voluptatem
1813 2819 1823 2836 ,

1377 1430 1493 1471 rupte.

1427 1498 1448 1523 2
1477 1484 1687 1536 Qamlibet
1715 1485 1902 1534 diversa]
1933 1487 2100 1527 Multum
2125 1491 2295 1532 distantia.
2324 1494 2399 1533 Le-

1378 1536 1473 1583 gitur
1496 1540 1535 1576 &
1559 1535 1730 1586 quaelibet
1751 1536 1905 1584 diversa.
1934 1539 2090 1578 Cum,

1431 1614 1449 1652 3
1482 1600 1704 1652 Locrorum]
1736 1601 1864 1644 Sensus
1887 1601 1959 1640 est:
1988 1614 2075 1642 cuin
2098 1608 2218 1645 variae
2241 1606 2308 1646 fint
2329 1607 2399 1648 ho-

1379 1654 1525 1692 minum
1548 1652 1706 1702 specIes,
1733 1650 1780 1690 fic
1804 1655 1843 1691 ὅτ
1865 1652 2031 1692 dicendi:
2058 1653 2260 1698 studuimus
2283 1660 2398 1708 asper-

1376 1714 1461 1751 gere
1484 1713 1603 1743 totam
1626 1705 1836 1742 orationem
1860 1703 2004 1743 dicendi
2035 1708 2208 1746 varietate
2231 1738 2243 1754 ‚
2278 1720 2320 1748 ut
2357 1722 2397 1748 u·

1377 1755 1596 1805 nusquisque
1642 1765 1710 1804 pro
1760 1755 1910 1803 ingenio
1947 1755 2012 1793 suo
2050 1757 2198 1796 haberet
2236 1761 2395 1811 aliquam

1376 1814 1542 1853 partem,
1569 1817 1642 1855 qua
1690 1806 1922 1844 detineretur.
1961 1807 2105 1846 IDEM.
2144 1810 2249 1858 Lege
2296 1812 2397 1860 supra

1379 1856 1460 1895 Lib.
1484 1857 1509 1894 I.
1533 1856 1640 1906 Epist.
1666 1855 1747 1895 XX.
1771 1869 1806 1894 n.
1841 1869 1892 1895 η.
1926 1869 1979 1907 13.
2033 1860 2223 1907 Qaelibet
2253 1861 2395 1912 diversa

1375 1908 1414 1945 in
1446 1909 1559 1946 unico
1592 1906 1748 1946 Helmst.
1780 1910 1978 1956 reperimus
2003 1924 2014 1952 ;
2044 1913 2153 1950 ceteri
2177 1923 2330 1958 omnes,
2358 1921 2398 1952 ut

1377 1959 1504 1998 editur.
1559 1958 1654 1996 Infra
1687 1959 1722 1996 in
1757 1959 1946 2009 Excerptis
1989 1959 2317 2010 Lindenbrogianis
2346 1965 2398 2016 Iaq

1377 2020 1455 2049 cet:
1485 2011 1658 2058 videmur
1661 2010 1746 2062 poffe
1765 2010 1929 2058 conficere.

1426 2088 1450 2121 4
1475 2075 1615 2125 Quibus
1646 2074 1820 2126 capitum]
1862 2077 1927 2115 Sic.
1962 2076 2067 2114 MSS.
2092 2074 2227 2121 nostri,
2254 2087 2395 2127 praeter

1377 2125 1490 2164 Arnz.
1525 2128 1588 2176 qui
1622 2127 1711 2166 olim
1744 2126 1890 2164 habuit:
1919 2139 1941 2162 a
1962 2127 2087 2173 quibus
2107 2126 2264 2175 capitur,
2293 2131 2395 2181 quod

1376 2177 1448 2217 aliis
1473 2177 1616 2226 placuit.
1670 2179 1753 2217 Nec
1775 2188 1847 2225 ego
1869 2176 2090 2217 difl'entirem
2104 2205 2115 2221 ‚
2142 2186 2291 2227 propter
2311 2182 2390 2228 ffla,

1376 2239 1471 2278 quae
1494 2229 1654 2278 congeffi
1676 2229 1721 2267 ad
1746 2229 1889 2267 Lucani
1910 2228 1993 2267 Lib.
2016 2228 2085 2266 IV.
2108 2240 2159 2267 vs.
2186 2229 2265 2268 108.

1425 2373 1497 2385 -—
1517 2376 1584 2388 —
1620 2357 1737 2396 sterili
1758 2369 1828 2395 non
1851 2357 2050 2408 quidquam
2071 2365 2091 2391 a
2117 2355 2248 2404 frigore
2264 2355 2385 2407 gignit.

1375 2479 1422 2518 Et
1453 2481 1498 2520 ad
1532 2485 1663 2524 Sallust.
1698 2488 1775 2537 Ing.
1809 2501 1883 2539 cap.
1908 2490 2045 2529 XXXI.
2077 2500 2112 2526 n.
2145 2498 2174 2523 2.
2226 2481 2383 2521 Animas

1375 2531 1418 2568 ab
1449 2533 1600 2582 ignavia
1630 2550 1673 2577 ω’
1693 2539 1852 2588 βεονιὶὶιι
1887 2549 2075 2591 corruptus·
2108 2552 2119 2580 ;
2167 2534 2226 2571 sed
2260 2538 2382 2568 contra

1378 2582 1498 2624 Codd.
1522 2588 1610 2626 nihil
1632 2597 1774 2628 murm-e
1797 2590 1912 2629 ausim
1927 2621 1937 2636 ,
1965 2588 2168 2641 praesertim
2191 2594 2273 2620 cum
2296 2583 2383 2619 aite-

1374 2644 1456 2672 rum
1505 2638 1677 2685 pineum-st
1715 2641 1852 2679 Nostro
1888 2642 1979 2680 infra
2017 2635 2121 2687 Epist.
2154 2633 2253 2670 XIX.
2286 2643 2318 2668 n.
2352 2645 2384 2677 4.

1376 2686 1499 2723 Nullis
1522 2693 1734 2741 extrinsecus
1761 2704 1828 2729 aus
1860 2689 2107 2730 blandimentis
2151 2693 2252 2732 capta
2273 2712 2283 2727 ‚
2319 2695 2382 2719 aut

1373 2737 1502 2774 aculeis
1528 2742 1699 2779 excitata.
1732 2742 1814 2780 Lib.
1847 2741 1910 2779 IX.
1932 2737 2038 2789 Epist.
2061 2736 2126 2773 VI.
2149 2743 2184 2771 n.
2210 2745 2243 2784 3.
2279 2735 2386 2782 Capio

1869 2793 1960 2840 quod
1995 2790 2062 2826 hac
2094 2786 2282 2834 voluptate
2315 2797 2384 2821 non

1377 2841 1515 2887 capior-
1542 2843 1580 2879 &
1602 2834 1692 2880 aiibi.
1740 2842 1875 2878 Seneca
1907 2838 2013 2888 Epist.
2048 2837 2148 2875 crit.
2188 2837 2256 2884 esse
2283 2835 2386 2893 'aaa

1374 2889 1428 2926 ita
1458 2900 1604 2940 aptatus
1635 2891 1758 2939 lingua
1781 2889 1970 2938 palatoque
2002 2891 2052 2926 ad
2089 2886 2289 2925 huiusmodi
2324 2899 2391 2934 gu-

307 2945 462 2982 quaequs
484 2937 714 2984 antiquorum
742 2940 959 2978 imitantem.
987 2943 1047 2980 Ne
1070 2945 1174 2981 nimii
1197 2943 1330 2990 fimus,
1366 2937 1462 2984 stum
1477 2967 1488 2981 ‚
1515 2940 1626 2978 uttlle
1647 2942 1705 2977 tali
1729 2940 1851 2986 sapore
1884 2943 2066 2989 capiatur,
2095 2953 2163 2976 non
2183 2937 2391 2985 offendatur.

310 2982 376 3020 aha
406 2987 552 3022 omitto.
583 2987 738 3023 Corin-z.

360 3046 373 3071 1
410 3034 676 3081 rastitium...

1377 2989 1506 3027 Similis
1528 2991 1679 3027 varietas
1702 2989 1856 3026 occurrit
1880 2990 1968 3028 infra
1996 2993 2076 3030 Lib.
2100 2993 2147 3029 V.
2187 2989 2289 3037 Epist.
2324 2987 2360 3022 V
2369 2986 2391 3025 i.

699 3049 842 3073 exorare
879 3039 1092 3076 debebam]
1133 3043 1330 3082 Tristitiam
1376 3047 1411 3074 n.
1435 3040 1492 3087 38.
1514 3040 1572 3076 ubi
1595 3053 1617 3075 a
1637 3040 1985 3089 marmoresplendet
1997 3043 2110 3082 edunt
2130 3072 2140 3088 ,
2169 3052 2254 3079 cum
2278 3043 2315 3079 in
2339 3040 2393 3078 O-

309 3083 405 3125 mam
432 3096 472 3124 ca
487 3114 497 3132 ‚
525 3097 620 3136 quac
643 3087 762 3127 modu
775 3087 994 3127 adduximus
1009 3118 1020 3136 ,
1046 3085 1124 3130 faiis
1139 3094 1332 3140 illustrant,
1353 3091 1496 3162 [ptimo
1516 3088 1558 3127 fit
1579 3103 1768 3129 marmore·
1796 3091 1950 3131 CORTE-

2274 3153 2290 3180 ¹
2321 3143 2396 3193 As&
