2616 3686
212 214 279 269 94
423 196 485 250 ‹:.
551 200 590 246 Ρ
625 194 731 246 L.1
766 194 879 245 hil
914 194 939 243 1
1004 193 1310 244 ‹:.AE:(:1
1344 192 1509 243 1.1T1
1574 194 1606 243 S
1639 192 1942 247 E„c:tsiff
1977 197 2088 247 t>1

214 283 338 336 suae
386 272 692 346 supervixit.
770 270 930 344 Legit
965 270 1159 342 scripta
1197 269 1267 324 de
1302 268 1355 325 se
1402 269 1634 325 carmina
1664 307 1687 331 ‚
1731 270 1861 338 legit
1902 270 1917 292 ⁸
1955 271 2221 333 historias,
2261 267 2320 325 δε

217 355 236 375 ²
272 347 566 422 posteritati
599 345 719 400 suae
754 340 1013 398 interfuit.
1051 339 1362 413 perfunctus
1412 341 1489 395 est
1511 342 1525 369 ³
1550 341 1714 395 tertio
1739 340 2043 405 consulatu,
2081 356 2142 399 ut
2177 343 2317 397 surn-

221 439 373 479 mum
416 418 675 490 fastigium
710 438 727 462 ο
758 415 948 487 privati
987 414 1217 468 hominis
1254 414 1534 483 impIeret‚
1573 417 1586 444 ⁵
1617 429 1744 467 cum
1773 411 2024 483 principis
2061 414 2324 469 noluiflet.

150 496 174 552 3
225 509 242 532 ⁶
280 493 561 552 CaesareS,
597 488 793 561 quibus
820 483 1114 555 suspefiu3‚
1151 498 1312 556 atque
1339 484 1504 541 etiarn
1530 483 1546 512 ²
1570 485 1766 539 invisus
1790 482 2072 537 virtutibus
2123 485 2324 550 fuerat,

226 564 418 624 evasit:
457 563 671 634 reliquit
695 559 1023 615 incolumem
1045 562 1061 589 ⁸
1087 558 1357 628 optimum
1374 568 1536 628 atque
1550 555 1958 620 amicissimum,
1994 569 2246 626 tanquam
2262 559 2328 612 ad

2182 628 2332 688 hune

229 767 398 807 Similiter
421 766 555 804 Cicero
576 757 622 796 ad
646 755 851 795 Lucceium
876 755 956 794 Lib.
979 756 1028 793 V.
1040 753 1263 805 FamEpist.

229 816 316 858 XII,
339 829 374 854 n,
399 828 455 865 30,
513 810 582 846 illa·
601 823 659 846 nos
683 808 849 858 cupiditas
887 807 1041 844 accendzt
1067 804 1264 853 fhstinatio-

230 865 306 910 riis,
335 867 426 916 quod
458 863 590 899 alacres
622 859 741 897 animo
765 859 892 908 sumus
918 885 927 902 ‚
964 868 1006 894 ut
1027 869 1070 896 cy·
1091 856 1189 894 ceteri
1211 857 1266 894 vi-

233 916 401 956 ventibus
423 914 516 951 nobis
539 924 581 949 etc
605 910 702 947 libris
726 910 794 946 tus's
807 922 866 946 nos
880 908 1082 957 cognoscant
1098 934 1108 951 ‚
1136 919 1266 946 cynos-

234 963 366 1016 metipfi
386 966 463 1003 vivi
486 963 638 1013 gloriola
659 960 777 998 nostra
794 960 1036 1009 perfruamur.

289 1030 304 1055 1
338 1012 542 1063 Historias.]
584 1014 686 1061 Quas
719 1010 929 1071 scripserunt
953 1009 1105 1046 Cluvius
1126 1007 1269 1053 Ruqu‚

233 1068 369 1108 Plinius
391 1066 535 1109 senior,
563 1064 601 1101 &
624 1063 735 1100 Corn.
760 1061 789 1098 '1
802 1061 924 1098 acitus.
953 1060 986 1095 C
1000 1072 1021 1095 A
1038 1072 1060 1097 τ
1076 1070 1097 1095 A
1112 1070 1149 1095 N.

1303 754 1395 793 Non
1417 753 1505 793 ideo
1528 755 1686 805 intenige
1707 757 1920 806 virginium
1943 760 2135 793 mortuum
2159 752 2221 792 sub
2242 755 2339 794 Ner-

1304 815 1348 841 va
1373 833 1384 850 ,
1422 804 1483 843 sed
1515 814 1555 844 ut
1586 807 1625 844 in
1656 807 1807 847 transitu
1837 814 1914 844 tam
1937 803 2176 843 memorabile
2200 805 2338 844 facinus

1304 862 1469 903 tangeret
1492 884 1503 901 ‚
1537 856 1614 894 hoc
1644 855 1816 898 addidiffe
1848 858 2016 896 Dionem
2042 882 2054 900 ,
2090 853 2193 904 quod
2216 865 2339 895 tamen

1304 905 1403 954 apud
1425 917 1513 943 eum
1535 914 1658 944 metro
1680 919 1759 945 non
1780 906 1927 944 constat.
1957 906 2113 943 Cum.

1352 969 1376 1003 4
1405 955 1588 1006 Privati]
1627 956 1719 995 Non
1751 957 1933 1006 principis.
1970 957 2027 994 Sic
2060 957 2099 994 in
2118 955 2251 1004 Paneg„
2270 958 2345 1006 pri-

1306 1018 1441 1044 vatum
1475 1005 1564 1046 dixit
1597 1006 1764 1056 respe8tu
1796 1008 1965 1057 principis
1990 1034 2002 1051 ,
2052 1007 2092 1043 &
2129 1005 2281 1045 Tacitus
2308 1009 2346 1046 in

1308 1056 1469 1096 eundem
1502 1057 1653 1096 sensum.
1705 1057 1764 1095 Ex
1798 1057 1927 1107 quibus
1959 1060 2060 1105 patet
2092 1067 2169 1093 non
2201 1064 2345 1096 tanturn

289 1130 311 1156 2
342 1116 540 1163 posteritati
566 1114 654 1163 suae
686 1107 892 1159 intersum]
942 1109 1047 1149 Vidit
1086 1110 1271 1149 literarum
1304 1107 1496 1156 privatum
1517 1107 1588 1146 dici
1611 1108 1675 1157 qui
1700 1107 1776 1145 fine
1798 1107 2010 1156 magistratu
2033 1105 2091 1144 est.
2131 1105 2246 1144 IDEM.
2274 1108 2347 1148 Sed

240 1176 490 1207 monumenta
505 1194 515 1210 ,
542 1175 607 1214 per
629 1175 724 1214 quae
747 1161 908 1201 victurus
932 1167 1007 1198 erat
1027 1159 1127 1210 apud
1156 1159 1275 1209 poste·
1312 1159 1350 1195 &
1375 1161 1438 1208 qui
1459 1170 1537 1196 non
1561 1158 1608 1196 cst
1630 1160 1796 1207 princeps
1827 1168 1891 1196 aut
1923 1159 2133 1207 imperator.
2184 1158 2283 1206 Quia
2315 1161 2346 1198 i-

238 1229 308 1259 zos.
360 1219 507 1256 Praeter
538 1217 695 1254 aliorum
728 1214 854 1261 scripta
886 1210 959 1260 ipse
990 1212 1134 1260 insuper
1154 1211 1276 1260 Virgi-
1311 1209 1406 1256 gitur
1428 1209 1630 1249 consulatus
1653 1208 1829 1249 secundus
1852 1208 1901 1248 est
1922 1209 2114 1259 proximus
2135 1207 2351 1257 principatui

240 1271 322 1308 nius
356 1268 501 1317 reiiquit
536 1264 734 1304 Rhetoricae
765 1263 869 1301 libros
894 1290 904 1306 ‚
944 1269 986 1298 ut
1028 1262 1279 1299 meminerunt
1312 1259 1458 1304 honor,
1487 1259 1573 1298 ideo
1597 1260 1785 1310 summum
1813 1259 1999 1308 fastigium
2027 1257 2168 1307 privati
2198 1256 2348 1297 hominis

242 1318 398 1358 Tacitus
432 1321 471 1356 &
505 1316 659 1366 Quintil.
695 1315 756 1365 qui
783 1313 864 1352 Lib.
887 1311 957 1350 111.
980 1311 1133 1349 Institut.
1157 1321 1279 1360 aperte
1313 1309 1372 1347 hic
1403 1311 1610 1360 appellatur.
1664 1310 1746 1348 Nec
1789 1309 1981 1347 ascendere
2024 1307 2215 1358 quisquam
2248 1310 2350 1349 altius

240 1369 400 1409 ostendit
422 1379 515 1418 opus
535 1367 641 1406 suum
666 1364 817 1404 emisisse
840 1364 902 1402 sub
935 1362 974 1400 T
977 1364 1114 1412 rajano.
1166 1367 1279 1401 Accu·
1316 1367 1483 1408 poterat,
1513 1363 1551 1400 δε
1575 1358 1647 1398 effe
1663 1361 1832 1410 privatus.
1860 1359 2068 1400 Euenum.
2096 1357 2350 1407 Frequentiffi.

236 1420 378 1464 ratius,
403 1419 549 1469 inquit,
578 1415 737 1454 Gallione
750 1413 885 1465 scripfit
916 1412 1036 1463 Celsus
1066 1424 1109 1452 «φ
1142 1416 1256 1451 Lenus
1271 1443 1280 1459 ,
1317 1421 1378 1448 me
1401 1412 1448 1450 ita
1458 1412 1629 1500 cprivatos
1647 1413 1778 1462 accipit
1799 1411 1998 1460 Eutropius
2024 1438 2034 1456 ,
2073 1415 2115 1446 ut
2135 1409 2208 1446 iam
2233 1409 2350 1448 Cena-

241 1482 287 1511 <9⁶
317 1470 445 1508 aetatis
480 1468 612 1516 nostrae
644 1466 817 1515 Virginius
841 1493 852 1510 ‚
889 1476 931 1504 <9¹
955 1463 1090 1502 Plinius
1113 1463 1280 1502 Tutilius.
1317 1461 1387 1498 rius
1433 1474 1454 1499 a

1483 1463 1635 1500 notavit.
1686 1461 1787 1502 Vide
1832 1469 2018 1511 praeterea
2065 1458 2267 1497 Cafaubon.
2304 1460 2349 1499 ad

243 1523 337 1560 Sunt
361 1522 399 1559 &
422 1519 536 1557 hodie
558 1518 641 1555 clari
666 1516 828 1565 ejtisdem
853 1515 972 1565 operis
994 1513 1174 1552 auctores.
1221 1515 1278 1552 Ex
1318 1511 1468 1560 Vopisci
1493 1513 1677 1551 Aurelian.
1699 1523 1777 1561 cap.
1800 1511 1944 1549 XLVI.
1967 1521 2049 1561 pag.
2074 1522 2154 1559 552.
2188 1510 2227 1546 δε
2258 1510 2351 1550 adde

242 1573 373 1616 quibus
393 1578 541 1619 apparet
563 1580 648 1606 cum
671 1569 762 1605 haec
786 1565 909 1605 ederet
934 1593 944 1610 ‚
967 1566 1045 1614 jam
1069 1564 1279 1613 Virginium
1318 1562 1437 1600 nostra
1459 1563 1506 1601 ad
1527 1562 1670 1602 Lucani
1692 1562 1775 1600 Lib.
1797 1561 1864 1599 IX.
1886 1572 1937 1600 vs.
1967 1572 2049 1610 193.
2073 1560 2136 1600 ubi
2162 1560 2207 1599 de
2234 1559 2350 1598 Pom-

244 1617 268 1660 ἑ
289 1624 365 1662 vita
387 1619 562 1669 migrasse.
614 1619 715 1657 Eum
736 1625 861 1655 autem
886 1616 1053 1665 Trajano
1076 1615 1280 1665 imperante
1323 1615 1433 1662 peio:

244 1669 454 1712 concessiss'e
478 1699 489 1715 ,
527 1677 667 1720 praeter
697 1669 806 1718 hujus
839 1667 1008 1716 epistolae
1028 1664 1283 1706 testimonium

249 1724 362 1762 etiam
386 1721 440 1761 'illa
465 1733 510 1760 ex
532 1730 705 1770 panegyr.
729 1718 839 1756 verba
862 1715 1085 1764 significant:
1127 1720 1220 1754 Erat
1245 1719 1284 1755 in
1368 1733 1441 1746 —-
1491 1734 1555 1747 —-
1605 1719 1655 1752 Et
1669 1713 1791 1765 fhlus,
1811 1711 1907 1766 plebe
1925 1721 2060 1764 parata
2596 1710 2616 1757 ῥ’

247 1778 380 1811 Senatu
428 1783 481 1809 ter
518 1770 658 1820 Consul.
723 1769 825 1807 uibus
863 1768 1074 1815 Virginium
1111 1767 1285 1817 intelligit.
1372 1765 1536 1804 Privatus
1551 1764 1690 1815 servire
1707 1764 1780 1804 fibi.

246 1823 324 1863 Hic
347 1824 443 1862 dicet
465 1822 592 1871 aliquis
607 1849 617 1866 ‚
646 1822 683 1860 Si
734 1820 804 1858 abii
826 1817 1075 1856 Institutiones
1096 1820 1287 1858 contendis

249 1874 289 1914 T
295 1876 419 1925 rajano
457 1875 664 1922 imperante
702 1868 866 1914 emiffas,
894 1879 958 1905 cur
993 1869 1031 1906 in
1069 1868 1283 1918 quibusdam
1375 1878 1394 1914 ς
1424 1870 1516 1903 Cum
1534 1864 1732 1916 principis.]
1771 1865 1965 1915 Fastigium
1987 1864 2140 1915 implere
2161 1864 2356 1912 noluiss'en‘

247 1924 535 1976 praefationibus
557 1922 820 1960 Domitianum
842 1917 1111 1957 commendat?
1138 1918 1192 1955 Ea
1205 1918 1287 1963 sane
1328 1914 1488 1954 delatum
1512 1919 1545 1955 ei
1565 1928 1584 1953 a
1608 1919 1722 1956 milite
1744 1918 1942 1966 imperium
1967 1916 2238 1954 contemnebat.
2287 1918 2359 1957 Sed

249 1976 319 2013 fuit
352 1975 530 2025 scriptoris
563 1973 763 2012 constantia
798 1972 836 2009 ὃς
869 1979 1001 2018 magna
1035 1969 1096 2007 sub
1119 1969 1287 2018 Trajano
1329 1965 1480 2005 dubium
1514 1967 1582 2006 fuit
1604 1995 1615 2012 ‚
1653 1979 1700 2007 an
1737 1978 1805 2017 pro
1830 1968 1945 2004 Galba
1967 1968 2145 2017 imperare
2168 1966 2358 2017 voluifl'et‚

173 2063 178 2070 ,
250 2026 392 2064 libertas
416 2054 426 2070 ,
454 2034 495 2064 ut
527 2036 623 2074 quac
656 2025 747 2062 vivo
779 2021 958 2071 scripserat
981 2047 992 2065 ,
1030 2029 1183 2058 mortuo
1211 2033 1288 2058 non
1329 2017 1508 2066 imparem
1534 2026 1628 2056 ratus
1650 2017 1678 2056 fi
1697 2015 1911 2066 accepisset:
1937 2025 2087 2061 tutum,
2114 2015 2140 2053 fi
2163 2017 2359 2058 recusasset.

252 2077 477 2114 detraheret:
508 2075 696 2113 &licebat
717 2073 779 2111 sub
802 2074 947 2121 optimo
979 2071 1141 2120 principe
1167 2071 1290 2120 impu-
1331 2067 1437 2105 Haec
1483 2067 1636 2107 Tacitus
1683 2080 1752 2119 pro
1790 2067 1998 2107 commodo
2035 2067 2109 2105 suo.
2165 2067 2360 2110 CATAu.

252 2136 302 2164 ne
324 2125 482 2165 scribere.
538 2127 664 2174 Quare
688 2121 904 2161 crediderim
927 2121 1150 2158 Domitiano
1172 2122 1290 2172 impe-
1335 2118 1509 2166 Noluiffet.
1583 2120 1683 2157 Nam
1733 2120 1866 2158 iterum
1916 2120 2125 2168 iterumque
2172 2117 2236 2166 ipii
2287 2120 2362 2159 Im-
2408 2152 2418 2156 ,

252 2186 357 2215 rante
380 2177 494 2216 multa
517 2187 559 2214 ac
583 2176 657 2214 fere
682 2175 808 2211 omnia
858 2183 927 2209 uae
959 2172 998 2209 in
1032 2171 1140 2209 instit.
1174 2175 1291 2210 conti-

255 2235 390 2265 nentur
413 2226 617 2276 composita
632 2253 642 2271 ,
671 2227 709 2263 δε
732 2235 844 2274 quaet
876 2234 914 2260 m
937 2221 1114 2271 publicata
1129 2250 1139 2266 ‚
1165 2223 1225 2260 vel
1247 2237 1291 2260 eo

256 2279 378 2316 invito
401 2307 412 2324 ‚
451 2286 492 2316 ut
524 2279 535 2315 i
565 2277 598 2316 se
627 2275 776 2314 testatur
800 2287 807 2311 :
847 2272 970 2323 postea
1005 2272 1066 2310 diu
1087 2274 1211 2311 limata
1233 2272 1292 2311 sub

258 2328 429 2378 Trajano
454 2329 529 2366 emi
559 2339 589 2365 a.
618 2327 732 2365 IDEM,
763 2322 970 2372 Interfuit]
999 2322 1089 2361 Hoc
1121 2322 1170 2361 est
1195 2351 1206 2368 ‚
1242 2326 1293 2363 vi-

259 2390 329 2417 vus
353 2378 551 2428 vidensque
567 2408 577 2424 ‚
606 2390 648 2416 ea
668 2376 782 2427 gloria
807 2375 933 2413 fruitus
957 2373 1006 2412 est
1030 2403 1040 2420 ,
1083 2385 1178 2424 quae
1209 2375 1295 2413 aiios

262 2439 433 2467 mortuos
458 2441 476 2466 a
500 2429 706 2478 posteritate
731 2427 883 2465 demum
908 2431 1041 2465 manet.
1094 2430 1221 2462 Certus
1241 2434 1297 2474 po-

258 2479 428 2527 Jieritatis
460 2493 537 2517 cum
559 2482 693 2528 sutura
724 2478 833 2527 gloria
868 2477 967 2514 vixit
993 2504 1004 2521 ,
1040 2482 1083 2514 ut
1102 2475 1194 2514 infra
1218 2475 1299 2514 Lib.

267 2530 337 2569 lx.
361 2531 469 2580 Epist.
494 2531 559 2568 III.
583 2531 757 2579 quuitur.
784 2528 993 2566 Bucrmzn.

323 2593 342 2631 3
374 2582 485 2620 Tertio
508 2579 744 2631 Consulum]
774 2580 938 2616 Primum
963 2577 1065 2626 gessit
1076 2589 1163 2616 curn
1175 2577 1302 2615 Mern-

270 2634 354 2670 mio
378 2632 534 2681 »Regulo
559 2661 570 2677 ‚
607 2631 760 2668 aiterum
796 2641 882 2666 curn
905 2629 1090 2679 Pompejo
1112 2628 1301 2679 Vopisco,

274 2681 457 2721 referente
481 2683 642 2721 Tacito:
671 2683 820 2719 tert-{um
844 2690 929 2717 cum
951 2679 1078 2718 Nerva
1100 2679 1304 2728 Imperato-

273 2742 314 2769 re
337 2761 347 2776 ‚
386 2733 515 2771 auctor
547 2734 661 2781 Julius
698 2731 892 2769 Frontinus
928 2729 973 2767 de
1016 2729 1234 2780 aquaeduet.
1259 2729 1306 2768 Et

275 2782 381 2819 Dion
405 2786 543 2833 inquit:
576 2790 701 2822 Nerva
738 2783 929 2830 Virginium
954 2780 1089 2830 saepius
1118 2786 1308 2830 Imperato—

279 2845 353 2868 rem
379 2844 602 2872 nominatum
626 2847 695 2871 non
718 2834 837 2871 timuit
857 2834 895 2870 in
919 2831 1116 2879 Consulatu
1131 2831 1195 2879 suo
1228 2831 1308 2868 Col-

279 2882 312 2919 le
335 2893 394 2935 qm
417 2883 565 2936 qfferere.
616 2891 657 2921 ln
678 2886 773 2930 cujus
795 2884 928 2923 mortui
950 2882 1087 2920 tumulo
1109 2881 1169 2920 hoc
1199 2883 1309 2934 epita-

275 2941 303 2983 γ
330 2944 401 2969 mm
421 2935 566 2981 mersum
589 2934 632 2980 est
646 2950 656 2970 .-

337 3031 401 3073 Hic
420 3029 514 3088 fitur¹
537 3032 582 3079 est
611 3033 721 3088 Rusuf
745 3031 839 3080 pulso
866 3032 934 3086 qus..
954 3031 1089 3070 Vindice
1109 3033 1288 3088 quondam

389 3088 575 3127 Jmurmm
598 3084 732 3131 affetum
744 3109 755 3128 ,
788 3093 856 3121 non
869 3081 934 3129 [th
948 3081 1011 3129 ssd
1029 3093 1174 3132 patriar.

1334 2170 1476 2217 perium
1499 2180 1518 2205 a
1542 2170 1711 2208 militibus
1735 2169 1896 2207 delatum
1920 2169 2079 2218 recipere
2102 2169 2230 2207 noluit.
2269 2171 2362 2212 Non

1335 2228 1477 2257 tantum
1501 2230 1585 2256 cum
1611 2220 1717 2257 Otho
1739 2218 1803 2258 sibi
1824 2217 1993 2258 intuliffet
2015 2230 2143 2258 manus
2168 2248 2178 2265 ‚
2204 2229 2245 2258 ut
2265 2221 2360 2260 bello

1336 2269 1468 2314 Civili,
1496 2269 1598 2319 quod
1619 2270 1785 2309 Vitellius
1808 2277 1975 2308 moverat
1999 2297 2010 2314 ,
2046 2269 2158 2308 finem
2192 2271 2361 2320 impone-

1337 2327 1414 2365 ret,
1442 2320 1487 2358 de
1511 2332 1587 2369 quo
1613 2321 1766 2359 Tacitus
1787 2320 1924 2359 Histor.
1946 2320 1994 2357 ΙΙ.
2015 2332 2092 2372 cap.
2127 2320 2213 2358 LII.
2238 2322 2297 2361 scd
2323 2322 2362 2361 &

1341 2370 1486 2419 dejecsto
1520 2371 1678 2409 Vindice
1711 2378 1796 2410 ante
1829 2372 1891 2420 qui
1923 2379 2048 2409 contra
2082 2372 2275 2410 Neronem
2306 2382 2359 2414 re·-

1337 2421 1530 2459 benaverat
1552 2421 1753 2471 Imperium
1772 2421 1938 2468 'ambiens
1953 2450 1964 2466 ,
1990 2420 2035 2460 de
2048 2434 2125 2473 quo
2137 2423 2214 2461 Dio
2226 2420 2357 2459 Canius

1340 2471 1430 2510 Lib.¹
1445 2472 1586 2510 LXIII.
1610 2476 1648 2511 &
1670 2474 1824 2512 Tacitus
1846 2472 1937 2510 Hist.
1959 2473 1989 2512 Ι.
2012 2483 2088 2522 cap.
2121 2472 2225 2510 VIII.
2256 2467 2359 2519 quod

1340 2524 1524 2562 maximae
1546 2524 1682 2572 gioriae
1705 2525 1738 2563 ei
1759 2523 1838 2562 fuit.
1890 2525 2019 2572 Quare
2039 2524 2078 2561 &
2109 2522 2182 2570 ejus
2215 2529 2358 2557 memo-

1342 2575 1430 2612 riam
1455 2575 1518 2611 suo
1541 2574 1574 2612 se
1603 2575 1729 2612 uicino
1751 2575 1859 2616 incidi
1881 2574 1998 2614 voluit
2016 2583 2059 2608 ac
2075 2570 2173 2618 juffit
2194 2569 2286 2617 ipse,
2313 2568 2358 2606 de

1341 2636 1418 2675 quo
1440 2625 1559 2662 noster
1579 2587 1662 2662 {Ab
1687 2625 1748 2662 lx.
1771 2623 1879 2673 Epist.
1901 2623 1998 2660 XIX.
2026 2620 2198 2657 Meminit
2222 2620 2259 2656 &
2281 2618 2358 2657 D10

1341 2677 1377 2713 in
1401 2675 1554 2726 Trajani
1579 2675 1737 2714 Historia
1758 2675 1839 2713 Lib.
1860 2670 2036 2711 LXVIII.
2064 2669 2268 2706 Euenum.
2290 2720 2294 2724 Ι

1391 2728 1414 2763 6
1440 2727 1641 2776 Caes‘teres.³1
1671 2726 1838 2768 Neroni,
1863 2722 2022 2766 Galbae,
2051 2719 2219 2775 Othoni,
2248 2718 2362 2757 V·tel-

1343 2779 1416 2822 1i0,
1444 2778 1663 2816 Domitiano
1685 2775 1897 2825 supervixit:
1926 2775 1964 2813 δι
1996 2780 2125 2808 eorum
2158 2771 2365 2808 immanita-

1345 2838 1421 2867 tem
1435 2829 1570 2868 vitavit.
1601 2827 1698 2864 Nam
1723 2824 1934 2874 praecipuae
1947 2833 2033 2870 opes
2046 2826 2147 2876 erant
2166 2820 2270 2857 bon-is
2282 2823 2365 2858 ani-

1346 2881 1410 2917 bus
1431 2875 1605 2916 inoffensi
1626 2883 1682 2913 tot
1705 2875 1906 2923 principum
1919 2871 2061 2910 maiitia.
2091 2869 2183 2908 I:.tin
2199 2873 2365 2919 conjura-

1347 2931 1448 2968 tione
1461 2927 1643 2965 Pisoniana
1655 2925 1766 2962 scribit
1777 2919 2140 2970 Tacituszmrginium
2156 2921 2249 2959 Rufi-1
2258 2935 2287 2956 m
2301 2921 2371 2957 cla-

1350 2977 1501 3016 rimdine
1531 2974 1676 3012 nominis
1706 2974 1743 3010 in
1773 2971 1911 3009 exilium
1943 2971 2079 3019 pulsum
2097 3000 2105 3014 ,
2134 2972 2225 3019 quos!
2250 2970 2373 3019 studia

1345 3030 1522 3078 juvenum
1545 3023 1734 3073 eloquentia
1758 3028 1903 3065 foveret.
1931 3023 1964 3059 C
1979 3035 1997 3057 Α
2016 3035 2038 3060 ἰ’
2054 3034 2074 3057 Α
2090 3033 2126 3058 Ν.

1404 3088 1421 3124 7
1454 3075 1592 3123 Invisus
1615 3072 1844 3122 virtutibus]
1887 3072 1929 3111 id
1951 3072 2022 3118 cst,
2051 3079 2198 3121 propter
2224 3073 2378 3159 virtutles.

2345 3130 2380 3159 ta
