2616 3686
391 207 457 215 ’”’
538 206 546 242 j
589 200 769 259 L‘IB
806 203 935 258 ER
1001 205 1041 255 I.
1106 204 1223 256 ΕΡ
1256 207 1282 255 Ῐ
1318 208 1434 259 5’Τ
1469 213 1598 262 OL
1635 216 1707 262 A'
1745 216 1883 268 XX.

180 290 420 358 institue,
455 302 515 349 ut
538 307 668 347 ame
693 288 844 352 data,
883 299 1051 344 utare.
1102 285 1241 340 Nam
1265 282 1520 342 solicitius
1547 289 1934 347 custodiendus
1958 295 2032 350 est
2054 297 2261 366 honor,
2287 305 2343 369 '4

2197 244 2262 289 71·

181 371 237 424 in
256 378 367 439 quo
393 367 554 422 etiam
581 361 902 418 beneficium
927 358 1083 414 amici
1109 354 1376 414 tuendum
1399 359 1488 414 est.
1526 360 1676 416 Vale.

365 505 511 562 XX.
583 502 651 558 C.
722 497 1162 582 PVL1N³1us

1239 500 1254 520 ¹
1328 497 1616 554 Coe-N.
1691 499 2088 560 Tac110

1071 571 1252 626 Suo
1326 570 1378 625 S.

181 712 416 784 Consulit
451 708 600 766 Corn.
635 707 878 765 Tacitum
903 745 919 771 ,
965 727 1033 763 an
1068 709 1237 783 magis
1257 709 1452 783 probet
1484 709 1691 764 dicendi
1717 729 1884 785 genus
1907 714 2162 786 amplum,
2200 718 2260 769 in

250 803 347 859 quo
358 785 592 854 profesto
614 785 703 837 vis
726 798 911 854 magna
933 781 1026 854 est:
1063 801 1133 836 aa
1153 784 1372 837 brevius
1388 823 1404 848 ‚
1445 781 1807 856 qaodplacere
1832 786 2035 842 cuidam
2057 806 2125 842 ex
2149 789 2258 843 dis-

237 857 516 931 putatione
540 869 733 912 narrat
750 891 764 920 ,
789 853 895 924 fibi
921 860 1049 909 vero
1075 860 1418 928 neqicaquam.

292 994 547 1065 Requens
573 994 706 1050 mihi
735 992 1021 1064 disputatio
1045 991 1120 1048 est
1144 1010 1269 1049 cum
1295 993 1534 1066 quodam
1563 994 1730 1051 doeio
1770 997 1990 1052 homine
2024 998 2079 1053 8<
2118 1005 2258 1074 peri-

290 1079 384 1130 to,
423 1067 511 1120 cui
548 1066 680 1122 nihil
715 1082 886 1136 aeque
920 1067 975 1120 in
1015 1064 1177 1121 caulis
1214 1065 1436 1139 agendis
1459 1105 1476 1131 ‚
1514 1082 1574 1124 ut
1601 1068 1829 1123 brevitas
1857 1071 2058 1140 placet:
2095 1091 2255 1146 quam

175 1157 280 1213 ego
307 1137 712 1195 custodiendam
737 1137 840 1193 ess‘e
863 1138 1160 1202 confiteor,
1202 1138 1239 1193 fi
1266 1140 1414 1195 causa
1440 1142 1748 1212 permittat,
1789 1143 2026 1214 alioquin
2066 1164 2081 1184 ²
2108 1163 2260 1216 prae-

174 1213 426 1267 varicatio
450 1211 525 1266 est
549 1211 763 1267 tranfire
795 1211 1041 1267 dicenda.

174 1296 257 1340 ter
281 1284 574 1354 attingere,
611 1301 745 1357 quae
768 1283 865 1338 sint
892 1283 1237 1350 inculcanda,
1276 1284 1573 1356 infigenda,
1610 1287 1918 1359 repetenda.

1118 1211 1513 1268 praevaricatio
1537 1214 1697 1268 etiam
1724 1254 1739 1279 ,
1775 1215 1968 1270 curfim
1995 1215 2046 1269 δε
2083 1218 2262 1274 brevi-

1995 1289 2133 1346 Nam
2149 1293 2259 1364 ple-

172 1357 347 1430 risque
371 1356 613 1428 longiore
639 1369 655 1396 ³
682 1356 850 1411 tractu
877 1358 954 1412 vis
981 1356 1244 1431 quaedam
1275 1355 1329 1410 δε
1355 1359 1568 1427 pondus
1605 1361 1831 1415 accedit.
1907 1358 2093 1432 thue
2135 1383 2259 1419 cor-

172 1430 292 1556 ppri
314 1427 516 1483 ferrum
554 1429 621 1483 fic
650 1429 822 1484 oratio
846 1430 1023 1483 animo
1060 1446 1171 1483 non
1209 1428 1316 1483 ictu
1338 1433 1534 1499 magiS,
1571 1448 1732 1500 quarn
1748 1434 2252 1503 moraimprimitur.

239 1501 288 1555 ic
301 1501 386 1556 ille
400 1513 643 1556 mecum⁴
663 1499 1062 1555 auROritatibus
1080 1501 1188 1570 agit
1201 1539 1216 1564 ,

176 1711 269 1747 Sane
293 1707 449 1747 formula
471 1708 555 1747 ista:
582 1707 750 1757 dignitate
770 1718 793 1744 a
815 1721 868 1745 me
890 1708 1004 1751 data,
1030 1719 1071 1745 ut
1092 1720 1181 1748 ame

1247 1518 1308 1555 ae
1321 1500 1452 1556 mihi
1465 1520 1533 1558 ex
1544 1504 1746 1574 graecis
1761 1505 2028 1559 orationes
2043 1507 2054 1532 ⁵
2071 1505 2260 1634 Lyssiae

2085 1582 2142 1633 ol
2167 1599 2259 1637 en-

1273 1724 1295 1749 2
1324 1715 1629 1766 praevaricatio]
1671 1715 1779 1754 Haec
1807 1713 1855 1752 est
1876 1714 1920 1752 ab
1944 1715 2056 1754 officii
2077 1715 2128 1755 sui
2151 1729 2255 1766 prae-

174 1761 286 1802 data,
317 1759 595 1809 utare‚prorsu5
615 1760 773 1797 Pliniana
805 1757 851 1796 est
875 1786 886 1803 ,
922 1758 1026 1807 saepe
1056 1767 1181 1797 tamen
1223 1757 1415 1814 scriptione
1441 1766 1622 1812 deflexio,
1651 1765 1726 1804 five
1749 1766 1885 1804 malitia
1907 1793 1917 1809 ‚
1943 1763 2020 1804 five
2041 1766 2256 1816 impruden-

176 1821 198 1845 a
221 1811 385 1848 Librariis
408 1819 586 1858 corrupta.
639 1810 814 1849 Dicemus
836 1809 1003 1846 nonnihil
1023 1809 1116 1846 infra
1136 1811 1181 1849 ad

179 1859 259 1897 Lib.
282 1859 390 1896 VIII.
413 1861 444 1897 E
472 1890 479 1897 .
505 1860 647 1899 XXIV.
669 1873 704 1898 n.
725 1873 758 1897 2.
785 1860 925 1909 Miffum
951 1861 1001 1896 ad
1013 1860 1182 1897 ordinan-

178 1910 262 1945 dum
280 1909 417 1956 statum
452 1908 626 1949 iberarum
647 1911 862 1954 civitatum,
889 1909 926 1947 id
949 1909 992 1956 est
1014 1937 1024 1953 ‚
1051 1912 1101 1948 ad
1122 1910 1183 1947 ho-

177 1961 285 1998 mines
305 1963 464 2000 maxime
484 1963 653 2001 homines
676 1990 685 2006 ,
711 1961 761 1998 ad
779 1961 898 1999 liberos
923 1989 932 2005 ,
960 1962 1123 2000 maxime
1144 1963 1184 2001 li-

178 2009 281 2049 beros
304 2039 315 2055 ,
383 2012 420 2048 ui
450 2011 502 2049 ius
534 2025 556 2048 a
579 2024 711 2050 natura
732 2012 858 2050 datum
881 2020 948 2049 cet.
1003 2011 1059 2050 Sic
1081 2015 1181 2052 enim

174 2061 242 2098 isslic
264 2073 309 2099 ex
379 2062 410 2100 S.
431 2061 603 2101 Mediceo
624 2061 821 2112 legendum
845 2061 915 2101 esse
939 2092 949 2108 ‚
987 2062 1183 2102 confirma-

173 2110 302 2149 bimus.
354 2113 441 2150 Hoc
460 2113 546 2151 loco
567 2114 603 2153 id
624 2125 741 2151 unum
763 2115 920 2165 aliquam
934 2112 1182 2153 difficultatem

174 2162 313 2207 adfert,
340 2163 439 2213 quod
461 2165 629 2214 particula
651 2176 691 2203 ut
712 2173 788 2203 tam
811 2165 911 2204 brevi
932 2166 1045 2214 spatio
1077 2177 1182 2215 repe-

172 2219 234 2248 tita
250 2242 259 2256 ,
286 2214 417 2264 aliquid
437 2215 544 2254 scabri
563 2216 695 2255 habere
716 2216 860 2254 videtur
884 2229 892 2253 :
930 2214 1032 2266 quod
1055 2223 1181 2256 tamen

172 2262 265 2302 facili
291 2267 438 2313 negotio
458 2266 605 2304 tolletur
629 2296 641 2312 ,
675 2266 710 2315 fi,
752 2269 846 2305 rimo
867 2268 954 2305 loco
978 2277 1018 2304 ut
1044 2278 1185 2316 expun-

169 2323 230 2359 gas
244 2343 253 2358 ‚
283 2325 321 2353 ut
343 2316 524 2363 legamus:
553 2323 620 2365 Ego
645 2331 691 2355 ne
707 2317 720 2355 ἰ
737 2317 799 2354 lud
821 2317 959 2366 quidem
989 2319 1158 2356 admoneo
1172 2348 1182 2365 ‚

169 2376 200 2411 q.
229 2379 261 2401 a.
290 2366 323 2402 d.
350 2379 383 2403 n.
402 2367 432 2415 s
453 2369 483 2417 s
503 2370 692 2414 saetarum
711 2395 721 2412 ,
746 2368 916 2416 dignitate
944 2381 966 2402 a
994 2381 1048 2405 me
1071 2368 1186 2412 data,

167 2426 209 2448 ut
231 2429 252 2450 a
278 2429 331 2453 me
352 2418 441 2454 data
457 2446 467 2462 ,
494 2429 605 2455 utare.
659 2419 872 2467 Antequam
894 2426 1019 2454 tamen
1053 2418 1187 2466 aliquid

170 2474 312 2510 mutes,
341 2467 424 2505 vide
448 2480 541 2518 quae
563 2468 720 2506 diximus
743 2467 845 2516 supra
867 2466 913 2504 ad
936 2466 1046 2515 Epist.
1072 2467 1118 2504 ΙΙ.
1153 2481 1187 2505 n.

165 2525 200 2551 -ι,
221 2517 327 2562 Qod
348 2517 434 2554 nihil
456 2531 541 2556 ante
561 2529 741 2568 peraeque
765 2518 899 2556 eodem
922 2518 1022 2566 ζήλῳ
1037 2517 1190 2568 scripfisse

163 2565 296 2603 videor.
326 2568 480 2606 Coum.

221 2630 233 2654 1
264 2623 367 2655 Corn.
402 2617 557 2668 Tacit0.]
599 2619 922 2669 Eloquentiffimus
956 2620 995 2657 &
1027 2620 1184 2666 gravissi-

166 2675 247 2706 mus
279 2679 399 2706 rerum
433 2670 581 2719 scriptor
607 2699 617 2714 ,
653 2678 775 2708 tantae
811 2670 880 2708 fuit
900 2670 997 2720 apud
1020 2670 1181 2718 posteros

167 2718 383 2758 auctoritatis
398 2748 407 2764 ,
434 2729 474 2758 ut
498 2722 661 2764 Tacitus,
688 2723 750 2770 qui
761 2719 838 2770 post
850 2722 1065 2769 imperavit,
1094 2733 1179 2758 eum

168 2774 353 2821 parentem
377 2771 478 2808 suum
503 2770 658 2815 dixerit,
686 2773 724 2809 ὅ(
747 2774 782 2810 in
807 2772 975 2809 omnibus
990 2772 1182 2811 bibliothe-

171 2824 219 2852 QS
239 2821 440 2859 collocarit:
467 2833 509 2859 ac
531 2834 578 2858 ne
600 2823 858 2871 exemplorum
881 2824 1022 2860 raritate
1058 2823 1181 2860 interi-

172 2871 226 2919 Ῑζῒ
240 2894 251 2910 »
273 2871 401 2910 librum
426 2884 488 2921 per
511 2871 666 2920 singulos
690 2884 806 2911 annos
830 2872 947 2911 decies
970 2873 1180 2912 transcribia

174 2922 336 2958 Vlcorum
357 2923 570 2972 principibus
590 2921 723 2971 jusserit
745 2939 758 2968 ς
786 2923 845 2961 sed
869 2936 936 2962 nec
958 2925 1078 2963 solerti
1102 2926 1182 2974 qui-

177 2960 262 3002 dem
282 2968 340 3006 ista
360 2972 535 3021 diligentia
557 2974 676 3023 potuit
700 2976 857 3013 omnino
879 2977 1040 3024 periculo
1054 2986 1183 3012 occur-

175 3021 264 3068 fcre.
314 3020 409 3058 Nam
429 3024 530 3072 quod
551 3032 648 3062 extat
672 3024 789 3074 (proh
814 3024 945 3075 dolor)
981 3038 1154 3064 mancum
1174 3055 1183 3070 ‚

175 3066 355 3121 ¹¹¹V9'1‘sum
368 3097 379 3113 ¹
404 3082 522 3122 neque
543 3075 651 3123 pedes
673 3075 806 3113 habens

173 3115 397 3165 majestatem
419 3120 670 3179 deprehendas,e
698 3125 852 3180 Canu,

1224 1810 1283 1848 tia.
1336 1815 1449 1854 Unde
1472 1817 1635 1855 Marcell.
1665 1816 1912 1854 Praevaricari
1936 1815 1980 1863 est
2014 1831 2103 1854 vera
2137 1820 2253 1858 crimi-

1225 1872 1274 1897 na
1297 1864 1508 1915 abscondere.
1562 1868 1663 1906 Nam
1680 1867 2007 1918 praevaricatorem
2035 1880 2121 1906 eum
2146 1869 2254 1911 senti-

1226 1922 1309 1952 mus
1323 1944 1334 1961 ‚
1362 1919 1424 1966 qui
1447 1917 1598 1956 colludit
1621 1931 1708 1956 cum
1741 1930 1806 1956 reo
1831 1946 1842 1963 ,
1881 1920 1919 1956 ὃ(
1941 1917 2148 1956 transs-nivo
2171 1933 2256 1960 mu-

1225 1973 1312 2019 nere
1334 1968 1520 2007 accusandi
1543 1967 1754 2018 defungitur
1779 1998 1790 2014 ,
1817 1968 1920 2018 quod
1941 1971 2101 2018 proprias
2122 1973 2254 2019 proba-

1226 2020 1346 2055 tiones
1369 2017 1601 2058 diffimularet
1627 2050 1636 2065 ,
1665 2020 1763 2058 falsas
1797 2019 2046 2059 excusationes
2081 2019 2254 2061 admitte·

1227 2073 1290 2103 ret.
1325 2067 1411 2106 Vid.
1444 2071 1483 2107 ὃς
1513 2071 1600 2119 Ulp.
1655 2071 1784 2110 Labeo
1817 2081 1838 2107 a
1859 2073 1956 2108 varia
1979 2074 2253 2114 concertatione

1227 2116 1384 2157 tracium
1407 2121 1465 2157 ait.
1521 2122 1622 2160 Nam
1646 2124 1709 2172 qui
1721 2123 2008 2172 praevaricatur,
2039 2134 2084 2159 ex
2095 2132 2257 2174 utraque

1227 2176 1328 2213 parte
1360 2170 1518 2210 consistit
1541 2201 1551 2217 ,
1592 2175 1803 2223 quinimmo
1837 2185 1883 2211 ex
1915 2171 2071 2210 adversa.
2123 2173 2197 2212 Alii
2231 2187 2252 2212 a

1228 2221 1583 2269 praetergrediendo.
1635 2222 1764 2262 Fabius
1787 2221 1902 2261 afferit
1917 2251 1928 2268 ,
1954 2233 2144 2270 nunquam
2169 2235 2251 2262 ora·

1229 2271 1316 2307 toris
1339 2270 1410 2309 effe
1434 2275 1671 2321 praevaricari
1696 2289 1706 2317 ;
1746 2274 1810 2322 qui
1833 2274 2160 2322 praevaricationes
2196 2274 2253 2314 fe·

1231 2317 1337 2365 ciffe,
1366 2324 1476 2371 quive
1512 2324 1561 2360 ob
1595 2323 1838 2360 accusandum
1864 2349 1873 2366 ‚
1922 2324 2170 2370 negociumve
2193 2328 2254 2366 cui

1233 2367 1441 2409 faciendum
1465 2376 1660 2421 pecuniam
1682 2371 1856 2421 accepill'e
1875 2371 2055 2421 judicatus
2080 2374 2169 2418 erit,
2192 2377 2252 2425 jus

1231 2419 1418 2460 accusandi
1439 2434 1517 2459 non
1537 2424 1657 2460 habet.
1694 2422 1811 2459 lom.
1839 2423 1983 2461 Omnes
2006 2422 2117 2461 nostri
2137 2425 2255 2476 scripti

1230 2467 1384 2518 alioquin
1399 2500 1410 2516 ‚
1438 2473 1477 2510 &
1499 2470 1547 2509 fic
1569 2475 1605 2512 in
1628 2473 1775 2523 Apuleii
1798 2473 2029 2524 aliorumque
2041 2473 2254 2516 MSS.sem-

1230 2530 1293 2566 psr
1316 2520 1429 2559 datur.

1278 2582 1296 2619 3
1329 2571 1498 2622 Tmolia]
1550 2574 1677 2624 Scripti
1710 2573 1820 2613 nostri
1852 2586 1930 2613 uno
1964 2585 2062 2613 ore:
2104 2575 2253 2627 longiore

1226 2624 1385 2659 tractam
1408 2652 1418 2667 ,
1458 2636 1535 2661 non
1557 2629 1675 2663 tractu
1698 2653 1709 2671 ,
1747 2635 1857 2675 atque
1890 2627 1937 2664 ita
1971 2625 2253 2668 emendavimus
2290 2657 2294 2662 -

1225 2670 1326 2720 supra
1350 2673 1591 2724 Ep1st.tV111.
1614 2687 1648 2712 n.
1672 2676 1706 2713 8.
1729 2681 1776 2713 Ut
1788 2675 2080 2726 pulchritudinem
2103 2678 2253 2718 illarum

1223 2720 1392 2771 longiore
1418 2725 1572 2763 tract-atu
1593 2727 1873 2776 pervideremus.
1900 2728 1976 2766 Ubi
2000 2728 2095 2766 Vide.

1273 2786 1296 2820 4
1323 2776 1652 2826 Auctoritatibus]
1693 2777 1929 2816 Testimonio
1963 2787 2131 2818 veterum
2169 2783 2251 2820 ora-'

1224 2831 1358 2863 torum.
1389 2827 1542 2865 Cin-rm.

1276 2889 1293 2923 ς
1324 2875 1483 2927 Lyfiae.]
1528 2877 1644 2927 Lyfias
1677 2887 1800 2918 orator
1836 2879 2073 2929 Syracusanus
2097 2879 2252 2930 Cephali

1224 2924 1337 2972 filius,
1368 2926 1493 2966 Tisiae
1527 2930 1565 2967 ὃ(
1598 2928 1725 2968 Niciae
1760 2929 1930 2974 auditor,
1958 2930 2096 2969 Socrati
2119 2943 2183 2970 reo
2208 2945 2251 2970 o·-

1223 2979 1406 3015 rationem
1430 2979 1560 3018 obtulit
1585 2991 1655 3029 qua
1680 2979 1714 3018 se
1737 2981 1962 3019 defenderet.
2003 2981 2143 3020 Subtilis
2165 2982 2249 3021 sane

1225 3029 1341 3066 oratio
1375 3036 1484 3080 atque
1520 3031 1665 3078 elegans
1690 3060 1700 3075 ‚
1739 3033 1777 3071 ὃ(
1800 3044 1876 3080 quo
1898 3032 1986 3070 nihil
2012 3061 2022 3076 ,
2060 3031 2084 3069 si
2114 3036 2250 3071 oratori

829 3105 841 3120 ‚
868 3086 909 3116 ut
930 3079 995 3119 vix
1019 3077 1186 3130 Cornelii
1223 3078 1301 3117 satis
1324 3077 1366 3116 fit
1389 3079 1532 3125 dicere,
1561 3092 1710 3138 quaeras
1734 3083 1950 3132 perfectius:
1977 3083 2066 3121 nihil
2090 3085 2186 3122 enim
2210 3085 2247 3121 in

1226 3129 1287 3168 illo
1309 3129 1358 3173 est
1378 3130 1511 3185 inane,
1538 3132 1628 3186 nihil
1653 3132 1889 3189 accersitum}-
1918 3144 2011 3187 puro
2023 3142 2149 3172 tamen
2163 3131 2249 3235 ῑοιξ

2316 1303 2340 1357 3

2309 1520 2342 1570 4
