2616 3686
573 185 1905 248 LIBER1.EP18TOLAV111.
2229 156 2318 267 27⁴

204 281 369 338 ταῦτ’
395 270 755 328 dedicaturus,
795 266 1029 323 Memini
1053 266 1278 339 quidem
1324 270 1515 342 tejam
1552 274 1822 345 quaedam
1867 277 2163 342 adnotasse,
2199 283 2287 338 sed

200 347 559 425 generaliter:
600 344 728 397 ideo
751 357 893 396 nunc
917 355 1056 406 rogo
1075 377 1091 403 ,
1127 354 1187 395 ut
1213 359 1324 397 non
1348 355 1558 399 tantum
1582 350 1599 368 ²
1631 348 1958 402 universitati
1985 350 2094 417 ejus
2120 365 2291 408 atten-

212 425 308 479 das
326 461 340 485 ,
379 421 567 474 verum
591 416 748 469 etiam
773 413 1055 484 particulas
1075 429 1180 484 qua
1201 414 1335 471 soles
1360 417 1486 472 lima
1508 418 1857 492 persequaris
1931 419 2049 475 Erit
2073 426 2216 479 enim
2232 427 2287 480 &-

208 494 328 570 post
354 488 786 548 emendationem
809 485 1033 539 liberum
1059 486 1242 551 nobis,
1279 489 1357 543 vel
1383 490 1654 562 publicare
1679 494 1763 547 vel
1788 494 2086 549 continere.
2112 498 2288 568 Quin-

211 573 323 624 imo
359 562 568 621 fortasse
604 559 738 613 hanc
763 557 925 630 ipsam
950 558 964 584 ³
987 560 1386 618 cunc'iationem
1415 563 1649 619 nostram
1671 568 1725 620 in
1750 566 2060 622 alterutram
2086 567 2294 624 senten-

215 644 342 697 tiam
367 632 752 693 emendationis
776 645 800 712 ⁴·
814 631 951 685 ratio
978 630 1246 689 deducet:
1287 653 1426 708 quae
1451 651 1539 692 aut
1553 638 1835 710 indignum
1851 640 2090 695 editione
2107 680 2122 705 ‚
2161 643 2293 697 dum

213 712 409 780 saepius
447 704 694 763 reti-auat
721 743 739 768 ‚
787 705 1027 760 inveniet
1056 723 1068 759 :
1122 720 1212 762 aut
1253 708 1480 780 dignum
1504 749 1520 773 ‚
1569 713 1701 766 dum
1731 713 1957 783 idipsum
1983 717 2291 784 experitur,

215 782 432 841 efficiet.
509 780 832 852 Quanquam
859 775 1011 847 hujus
1035 780 1391 836 cuneiationis
1417 800 1568 837 meae
1593 785 1778 839 causae
1805 804 1918 841 non
1940 801 2050 841 tam
2075 787 2130 841 in
2167 788 2292 842 scri.

201 858 311 930 -ptis
343 871 501 928 quam
527 854 580 906 in
606 849 718 921 ipso
744 852 756 880 ⁵
786 852 1039 904 materiae
1066 869 1267 923 genere
1291 854 1596 910 consistunt.
1671 856 1764 912 Est
1797 860 1939 914 enim
1981 861 2140 931 paulo
2181 862 2296 932 glo-

211 928 392 985 riosius
420 927 472 981 &
501 934 519 958 ⁶
543 923 743 980 elatius,
805 922 1067 978 Onerabit
1094 927 1199 981 hoc
1241 928 1560 986 modestiam
1593 931 1824 987 nostram
1851 971 1867 997 ,
1920 933 2123 987 etiamsi
2159 935 2298 988 stilus

1675 1018 1680 1019 ’
2194 1007 2304 1078 ipse

209 1126 415 1176 municipes
434 1124 515 1164 suae
543 1123 719 1173 cujusque
741 1122 896 1162 civitatis
914 1123 1013 1163 cives
1036 1151 1047 1169 ‚
1074 1130 1115 1161 ut
1141 1132 1228 1173 puta

209 1180 424 1227 Campanos
437 1205 446 1221 ,
465 1176 708 1219 Puteolanos,
721 1173 873 1222 ficJCti.
902 1176 978 1214 Nisi
993 1178 1029 1214 in
1042 1186 1223 1225 quantum

207 1230 339 1269 Paulus
358 1229 515 1276 apertius
532 1227 676 1265 videtur
697 1225 920 1264 vocabulum
939 1228 1224 1275 interpretaride

209 1280 475 1330 fignificatione
487 1279 681 1316 verborum
692 1304 702 1322 ,
718 1278 906 1326 Municipes
918 1305 928 1322 ,
946 1279 1065 1328 inquit
1080 1305 1089 1321 ,
1118 1278 1203 1315 diere
1214 1308 1224 1325 ,

209 1332 302 1383 quod
331 1343 477 1368 munera
507 1329 626 1366 civilia
666 1328 821 1376 capiant.
869 1329 1009 1367 Siculus
1056 1328 1227 1375 Flaccus,

211 1383 405 1423 Municipia
420 1410 429 1427 ‚
456 1382 597 1431 lnquit,
627 1380 775 1431 quidam
790 1389 919 1429 putant
935 1409 944 1426 ,
973 1379 998 1417 ὰ
1021 1380 1227 1417 munitioni-

212 1435 273 1471 bus
293 1433 386 1470 dicia
400 1460 411 1476 ‚
440 1432 503 1470 alii
525 1432 548 1468 ὰ
570 1431 808 1479 munificentia
829 1446 841 1469 .-
877 1445 910 1467 eo
932 1432 1024 1482 quod
1045 1431 1229 1477 munificae
1330 1448 1348 1482 ς
1380 1435 1598 1485 Materiam]
1635 1438 1744 1474 Sensu
1765 1449 1903 1475 rerum,
1929 1439 2086 1477 CATAN.

202 1486 308 1534 >effen:
332 1486 509 1522 civitates.
563 1482 682 1521 Festus
703 1491 772 1520 tres
794 1482 1082 1529 municipiorum
1095 1482 1230 1528 species
1330 1487 1353 1521 6
1380 1485 1560 1535 elatius]
1599 1487 1812 1531 Jafflantius.
1839 1489 2017 1538 Legimus
2036 1491 2146 1527 etiam
2168 1487 2300 1532 latius,

211 1536 322 1578 tacit,
353 1535 412 1572 sed
434 1534 625 1571 auctorem
644 1533 723 1568 satis
743 1531 794 1568 est
812 1531 994 1568 indicaffe.
1024 1532 1178 1569 Canu.
1250 1538 1255 1563 ¹
1280 1534 1317 1570 ὃς
1339 1536 1375 1572 in
1396 1536 1574 1585 aliquibus
1590 1538 1857 1586 exemplaribus
1878 1539 2010 1577 lautius
2029 1568 2039 1585 ‚
2073 1539 2112 1578 id
2133 1539 2181 1577 est
2212 1540 2300 1575 ube-

267 1596 281 1621 1
315 1580 590 1628 Dalmatarum]
624 1581 870 1626 Astignaturus
889 1580 999 1617 titulo
1016 1609 1026 1624 ,
1053 1581 1092 1618 δε
1114 1581 1230 1619 Pom-
1276 1585 1347 1622 rius
1364 1613 1376 1629 ‚
1405 1596 1443 1622 ut
1463 1588 1566 1634 quod
1598 1587 1831 1635 digrediatur.
1882 1591 2007 1628 Placet
2034 1592 2151 1640 prima
2174 1589 2302 1628 lectio.

210 1635 328 1684 ponio
347 1633 513 1671 tradente
533 1659 543 1675 ,
570 1630 669 1685 quali
690 1630 849 1668 dicendo
863 1629 1076 1669 deserturus.
1131 1633 1228 1670 Nam
1277 1635 1394 1673 insu.
1423 1637 1556 1673 Similis
1582 1638 1656 1674 fere
1669 1637 1863 1687 scripturae
1889 1641 2042 1679 varietas
2072 1641 2165 1677 infra
2194 1648 2301 1677 nota-

210 1687 323 1723 etiam
347 1695 444 1722 nunc
465 1681 670 1720 Mediolani
701 1679 749 1716 est
776 1680 901 1717 videre
929 1682 967 1718 in
997 1681 1116 1718 tabula
1139 1682 1227 1720 licet
1276 1684 1370 1722 bitur
1392 1686 1472 1724 Lib.
1498 1686 1548 1724 ΙΙ.
1571 1686 1679 1735 Epist.
1699 1689 1747 1725 V.
1769 1700 1804 1726 n·
1827 1689 1866 1728 6.
1919 1691 1995 1728 Hic
2020 1699 2145 1729 tamen
2176 1689 2301 1726 elarius

212 1736 400 1773 confracta
417 1762 426 1778 ‚
454 1733 542 1771 Plin.
562 1732 599 1769 in
618 1729 769 1768 tutelam
790 1730 1225 1787 bibliothecaequaedam
1275 1736 1436 1773 omnino
1456 1736 1655 1786 legendum
1678 1739 1727 1776 est
1742 1768 1752 1783 ‚
1773 1749 1856 1778 utut
1870 1743 1950 1779 MS.
1966 1740 2301 1791 Helinst.gloriofias

210 1787 367 1825 sestertia
396 1782 598 1822 contulisse.
653 1780 822 1819 Ostendit
847 1780 942 1837 libro
970 1782 1127 1820 XXXV.
1145 1794 1226 1832 cap.
1275 1796 1319 1825 ey·
1341 1787 1468 1825 clarius
1486 1790 1647 1828 occinat.
1698 1791 1804 1828 Patet
1838 1803 1884 1830 ex
1913 1792 2147 1843 sequentibus
2173 1793 2300 1843 pressas

208 1837 262 1874 Ji.
285 1838 372 1874 Plin.
394 1832 617 1873 consuevisse
642 1832 832 1870 Romanos
853 1859 863 1876 ‚
891 1831 1129 1890 bibliothecas
1152 1862 1162 1878 ‚
1189 1834 1226 1874 id
1275 1837 1522 1889 demiffusque,
1548 1851 1644 1888 quae
1671 1840 1762 1878 elato
1791 1845 1936 1889 optime
1965 1851 2228 1894 opponuntur,
2259 1852 2301 1881 ut

214 1887 263 1924 est
283 1887 457 1924 librorum
474 1884 708 1934 repositoria,
735 1893 822 1931 quas
857 1882 1078 1922 Latinorum
1115 1885 1225 1935 aliqui
1276 1888 1369 1926 infra
1396 1890 1481 1929 Lib.
1514 1891 1601 1931 vii.
1626 1891 1737 1941 Epist.
1765 1892 1850 1932 ΧΠ.
1879 1907 1915 1932 n.
1935 1907 1968 1941 4.
2022 1902 2121 1933 Nam
2141 1908 2218 1932 cum
2234 1897 2298 1942 sa.

213 1937 368 1974 librarias
393 1944 547 1980 vocant,
575 1934 800 1972 consecrare.
836 1932 954 1972 IDEM.
1002 1936 1129 1973 Locus
1158 1939 1224 1974 ob·
1268 1940 1603 1989 spicarerfuturum
1620 1970 1630 1987 ,
1657 1953 1697 1979 ut
1718 1943 1968 1983 tibitumidius
1979 1947 2156 1984 videretur
2173 1974 2181 1989 ‚
2208 1946 2299 1995 quod

211 1986 352 2025 servatu
373 1986 502 2034 dignus
521 2012 532 2030 ‚
567 1985 631 2042 qui
661 1986 771 2042 docet
791 1996 915 2024 curam
937 1986 1030 2042 circa
1050 1986 1226 2026 instruen·
1276 1991 1320 2037 est
1341 1993 1527 2039 fimantius
1557 2005 1600 2033 e9·
1634 1994 1760 2033 elatius
1784 2022 1793 2036 ‚
1831 2010 1900 2034 non
1919 1985 2074 2035 alienam
2097 1997 2297 2042 existimavi

213 2038 275 2075 das
310 2037 544 2075 bibliothecas
573 2038 615 2074 iis
651 2044 764 2074 etiam
803 2038 1046 2084 temporibus.
1098 2016 1251 2089 Atque]
1274 2042 1400 2080 addere
1403 2043 1529 2089 statim
1543 2044 1870 2095 preffiusquiddam
1894 2060 1936 2088 ω’
1959 2049 2093 2086 exilius.
2124 2049 2177 2086 lta
2199 2048 2295 2096 apud

211 2089 369 2137 primum
395 2087 545 2136 quidem
566 2085 783 2135 impendisse
794 2097 965 2136 operam,
994 2097 1034 2127 ut
1050 2089 1227 2129 liaberen·
1274 2091 1427 2132 Fabium
1452 2096 1533 2134 Lib.
1554 2095 1599 2133 X.
1622 2108 1699 2146 cap.
1723 2097 1749 2135 I.
1774 2108 1854 2148 pag.
1873 2099 1960 2148 890.
2007 2100 2088 2137 Alii
2109 2098 2220 2148 prefla
2241 2100 2298 2135 de-

213 2148 272 2177 tur
303 2138 539 2176 bibliothecae
561 2138 597 2176 in
618 2138 764 2194 publico
786 2165 798 2184 ‚
826 2149 949 2187 neque
972 2141 1118 2178 Romae
1140 2153 1223 2179 mo·
1270 2157 1369 2180 mum
1399 2156 1444 2185 ω·
1474 2146 1594 2184 tenuia
1622 2176 1631 2185 .
1651 2174 1663 2188 .
1685 2176 1695 2185 .
1715 2177 1725 2186 .
1743 2149 1832 2196 fana
1850 2163 1886 2191 ω
1910 2165 1991 2188 vere
2010 2151 2135 2187 Attica
2148 2160 2292 2196 putant.

214 2190 291 2232 do,
318 2189 376 2227 sed
401 2190 439 2226 &
467 2189 503 2226 in
535 2189 743 2238 municipiis
760 2217 771 2233 ,
811 2188 900 2227 ficut
927 2190 986 2229 hic
1007 2193 1224 2231 nominatur
1267 2197 1449 2243 Qosdam
1465 2198 1594 2235 elatior
1610 2197 1739 2246 ingenii·
1761 2200 1818 2237 vis
1839 2228 1850 2245 ‚
1881 2213 1924 2240 <9-
1954 2203 2064 2249 magis
2097 2202 2294 2244 concitata,

212 2240 431 2278 bibliotheca
452 2251 470 2277 a
491 2239 606 2277 Plinio
623 2239 794 2278 instrufla
815 2240 955 2285 Comi,
993 2241 1128 2280 deinde
1159 2255 1221 2281 cu·
1268 2258 1312 2286 ω’
1330 2246 1432 2296 plena
1447 2249 1587 2298 spiritus
1608 2249 1710 2298 capit.
1767 2251 1881 2288 Unde
1908 2253 1944 2288 ὅ(
1965 2253 2082 2289 statim
2105 2263 2185 2299 pag.
2205 2250 2292 2298 891.

213 2302 290 2328 ram
317 2302 397 2328 eam
421 2288 522 2327 fuiffe
542 2301 618 2328 non
641 2290 759 2346 modo
790 2291 996 2339 principum
1031 2293 1196 2332 virorum
1213 2325 1222 2341 ‚
1267 2299 1506 2337 emeniarem
1530 2312 1538 2336 :
1568 2306 1671 2335 Hunc
1691 2313 1788 2337 nemo
1819 2303 1856 2337 in
1882 2301 2019 2351 magnis
2043 2301 2291 2349 subtimitate,

212 2342 273 2379 sed
303 2343 341 2379 &
371 2341 529 2388 privatos
558 2341 788 2396 facultatibus
812 2341 993 2388 pollentes
1010 2343 1085 2381 hoc
1104 2347 1223 2384 modo
1266 2347 1301 2384 in
1326 2349 1452 2396 parvis
1478 2350 1684 2398 proprietate
1711 2351 1947 2399 superaverit.
2000 2351 2098 2388 mem
2146 2353 2285 2394 elatus,

212 2389 379 2429 studuiffe
407 2391 602 2428 utilitatem
636 2391 782 2438 publico
811 2392 966 2429 adferre.
1018 2394 1141 2431 Postea
1170 2395 1222 2432 bi·
1265 2410 1306 2433 ac
1328 2398 1480 2445 pressus,
1505 2400 1677 2435 iucundus
1695 2410 1739 2440 (ρ’
1760 2402 1910 2447 gravis,
1939 2411 2021 2438 tum
2055 2403 2145 2452 copia
2167 2431 2176 2448 ‚
2207 2415 2285 2439 tum

212 2443 412 2480 bliothecas
433 2442 507 2478 illas
524 2440 670 2488 publico
690 2441 838 2477 traditas
860 2441 1027 2480 sollemni
1057 2444 1218 2492 quadam
1266 2447 1440 2484 brevitate
1471 2448 1652 2486 mirabilis.
1728 2451 1856 2499 Vulgo
1903 2452 2096 2491 ediderunt
2129 2464 2139 2490 2
2188 2454 2286 2490 Idem

209 2492 458 2530 dedicatione.
497 2491 686 2528 Postremo
718 2490 991 2529 dedicationem
1019 2492 1121 2531 istam
1150 2494 1221 2533 effe
1259 2496 1398 2541 laetus,
1427 2510 1468 2534 ac
1493 2498 1635 2548 pressus,
1663 2501 1765 2549 quod
1798 2501 1847 2539 est
1875 2503 2100 2541 contrarium
2123 2506 2287 2553 Opposi-

209 2542 344 2580 taCtam
375 2542 546 2597 oratione
574 2541 694 2578 habita
722 2541 940 2598 plerumque
970 2543 1014 2580 ab
1039 2555 1086 2582 eo
1105 2572 1116 2589 ,
1156 2548 1218 2594 qui
1263 2548 1357 2585 tioni
1375 2549 1623 2595 suavissimae,
1651 2551 1690 2588 ὃ(
1717 2551 1778 2590 vei
1797 2552 1884 2591 ideo
1907 2555 2288 2603 repudiarimeietur,

209 2593 411 2631 dedicabat.
431 2603 533 2629 cuius
553 2600 813 2640 argumentum
838 2593 904 2629 fuit
926 2595 1086 2632 muneris
1109 2607 1221 2645 quae·
1265 2601 1350 2648 quia
1371 2611 1462 2638 mox
1478 2600 1638 2650 sequitur
1664 2601 1847 2642 iucundus.
1877 2605 2013 2643 Elatius
2032 2606 2151 2644 Plinio
2173 2608 2287 2646 etiam

209 2644 295 2683 dam
319 2642 602 2698 commendatio
618 2670 629 2687 ,
659 2643 786 2689 partim
809 2643 853 2680 ab
875 2645 1001 2682 animo
1023 2645 1193 2686 donantis
1216 2657 1241 2711 ,l
1264 2649 1420 2688 reddidit
1442 2651 1515 2692 Iac.
1537 2652 1684 2690 Bonon.
1706 2653 1848 2693 Adnot.
1868 2657 2082 2704 cap.XV11.
2110 2657 2178 2695 Sed
2191 2669 2287 2695 non-

209 2707 252 2733 ea
273 2694 406 2742 cupide
423 2693 554 2742 agendi
576 2721 586 2737 ,
619 2705 713 2743 quae
735 2705 843 2731 verae
869 2693 1024 2734 libertati
1046 2697 1113 2734 sint
1142 2711 1229 2737 con·
1267 2700 1355 2738 dum
1382 2702 1485 2739 locus
1503 2711 1738 2751 perpurgatus
1758 2706 1818 2744 est.
1873 2708 1950 2745 Cur
1983 2710 2085 2746 enim
2120 2708 2215 2746 ade0
2242 2709 2288 2746 ti.

213 2746 424 2788 venientia;
450 2746 578 2793 partim
602 2756 621 2780 a
641 2746 783 2781 ratione
816 2747 976 2800 muneris
997 2774 1007 2791 ,
1053 2750 1155 2787 cuius
1186 2750 1227 2789 sit
1271 2752 1369 2789 mide
1391 2753 1578 2791 Secundus
1602 2766 1610 2790 :
1639 2753 1695 2797 Est
1711 2755 1802 2792 enim
1816 2757 1930 2804 paullo
1943 2758 2042 2807 quasi
2059 2758 2285 2808 gloriostcesv·

212 2796 325 2834 solida
345 2796 477 2833 utilitas
500 2796 537 2833 &
561 2806 659 2852 quae
676 2794 721 2852 ad
743 2795 1107 2844 plurimospertirieat
1122 2830 1130 2844 ,
1160 2801 1225 2838 du-
1265 2802 1419 2840 elatius?
1447 2803 1663 2841 Particulain
1687 2804 1786 2853 quali
1802 2808 1929 2855 &ipse
1944 2837 1953 2853 ‚
1993 2811 2030 2847 ὃς
2051 2811 2108 2847 alii
2134 2810 2285 2859 scripto-

213 2856 339 2895 retque
363 2854 535 2895 tempore
562 2846 782 2893 longissimo.
830 2847 1049 2887 SCHEFFER.
1102 2853 1227 2891 Paullo
1272 2864 1324 2890 res
1347 2853 1480 2892 addere
1502 2855 1638 2898 solent,
1671 2857 1731 2894 ubi
1748 2859 1944 2897 audaciore
1965 2860 2220 2900 Transsatione
2243 2874 2285 2898 u—

218 2898 291 2943 post
310 2906 379 2933 tres
401 2897 506 2936 MSS.
526 2898 698 2948 quaedam
716 2898 861 2945 notasse3
892 2901 1080 2939 veterrimi
1101 2911 1226 2942 tamen
1269 2913 1404 2943 tuntur.
1457 2905 1524 2943 Sed
1556 2918 1651 2955 quae
1680 2907 1740 2944 ista
1772 2909 1923 2948 audacia
1947 2924 1954 2948 :
1995 2913 2161 2948 materiae
2177 2926 2284 2962 genus

219 2947 396 3005 “anssafff-
532 2999 539 3005 ,
1267 2955 1667 3005 gloriosumerelatum?
1695 2957 1882 2999 Tollenda
1904 2961 2027 3011 itaque
2041 2963 2089 3000 est
2104 2964 2284 3011 importu-

269 3008 289 3033 2
315 2997 576 3048 Umverfitati]
609 3000 866 3048 Argumento,
889 3001 1226 3052 [totioperissum-
1270 3018 1315 3044 na
1350 3007 1522 3055 particula
1543 3037 1554 3053 ‚
1591 3019 1713 3058 neque
1746 3022 1830 3049 eam
1857 3012 1964 3054 MSS.
1979 3014 2111 3057 nostri,
2140 3024 2282 3064 praeter

218 3045 338 3094 mae]
374 3049 526 3106 Curram.
780 3101 786 3108 ⁸
1267 3059 1442 3106 unicum,
1469 3060 1640 3101 retinent.
1667 3059 1823 3101 Come,

275 3108 290 3144 3
321 3099 620 3150 cunctationem]
652 3101 788 3141 Edendi
808 3114 966 3142 moram.
995 3104 1111 3146 inem.
1711 3113 1747 3150 D
1777 3125 1800 3151 2
2128 3127 2145 3157 ι
2174 3114 2285 3169 Pras.

1327 1141 1351 1177 4
1379 1128 1480 1167 Ratio
1513 1128 1692 1179 dodana]
1731 1129 1844 1168 Arnz.
1869 1130 2118 1169 emendationis
2139 1141 2214 1168 non
2241 1134 2300 1167 dc—

1274 1178 1396 1225 ducet,
1424 1181 1527 1230 quod
1547 1182 1679 1219 vitium
1703 1181 1898 1231 scripturae
1927 1182 2195 1230 compendium
2231 1193 2298 1218 vo-

1275 1231 1392 1270 cabuli
1414 1234 1505 1269 ratio
1524 1233 1709 1281 produxit.
1765 1234 1967 1272 Helml'tad·
2001 1234 2091 1270 ratio
2126 1233 2298 1277 reducet.

1276 1282 1390 1321 etiam
1410 1283 1552 1321 vitiose.
1580 1284 1677 1322 Infra
1696 1285 1913 1323 Mediceus:
1942 1285 2027 1322 dum
2044 1285 2081 1321 id
2101 1284 2210 1332 iesum
2234 1295 2297 1321 ex-

1278 1335 1450 1381 perietur.
1469 1346 1547 1372 non
1571 1336 1701 1382 placet.
1723 1337 1806 1374 Nec
1828 1336 2016 1375 Voffiani:
2045 1335 2231 1385 indignum
2268 1348 2300 1372 e-

1278 1384 1408 1422 ditione
1424 1397 1518 1434 opus
1541 1386 1626 1423 dum
1639 1387 1775 1435 saepius
1793 1396 1863 1425 eet.

2343 523 2377 572 4

2350 798 2381 846 5
