2616 3686
529 207 871 261 LIBER
937 205 1639 256 11.EPISTOLA
1704 208 1799 256 XI.
2147 224 2247 268 ¹29·

142 296 362 356 Postero
418 289 508 344 die
570 286 708 342 dixit
767 301 867 354 pro
928 281 1112 337 Mario
1174 277 1187 298 ¹
1246 280 1449 336 Salvius
1513 280 1774 335 Liberalis
1805 318 1822 345 ,
1878 281 1960 334 vir
2012 280 2240 347 subtili3‚

146 371 164 390 ³
186 362 485 439 dispositus,
520 377 670 421 acer,
711 356 932 411 disertus
957 392 973 416 ,
1011 355 1067 408 in
1091 354 1177 409 illa
1204 370 1336 408 vero
1363 353 1511 407 causa
1537 369 1719 406 omnes
1744 365 1882 405 artes
1908 353 2017 405 suas
2057 367 2242 422 protu-

143 441 217 497 lit.
290 432 592 505 Respondit
621 428 906 486 Cornelius
928 425 1155 481 Tacitus
1179 423 1610 498 eloquentissime
1649 425 1704 478 δε
1734 461 1750 486 ,
1796 424 1948 494 quod
1984 425 2244 478 eximium

140 511 372 568 orationi
397 507 508 576 ejus
533 503 688 565 inest,
727 513 743 539 ³
767 505 950 570 σεμναῖς.
1023 499 1180 553 Dixit
1206 515 1304 569 pro
1330 497 1513 552 Mario
1540 497 1713 551 rursus
1736 493 1943 549 Fronto
1969 494 2245 550 Catiusin-

144 583 358 656 fignitei·
386 605 400 634 ι
439 591 603 649 utque
629 574 736 642 jam
768 587 787 611 ⁴
822 573 973 626 loeus
1013 573 1100 627 ille
1135 570 1422 642 poscebat,
1461 571 1575 640 plus
1599 570 1652 623 in
1679 567 1925 651 precibus
1953 569 2248 637 tempori3‚

144 671 304 726 quam
330 654 385 707 in
411 646 715 704 defensione
735 642 1075 714 consumpsit.
1113 642 1293 713 Hujus
1317 642 1584 697 actionem
1613 643 1825 709 vespera
1850 638 2095 722 inclusit:
2135 656 2249 694 non

149 741 324 780 tamen
338 724 434 784 sie,
468 732 526 774 ut
539 718 895 786 abrumperet.
920 717 1099 787 itaque
1115 717 1168 770 in
1185 716 1405 769 tertium
1420 715 1566 768 diem
1590 734 1602 759 s
1629 713 1970 784 probationes
1985 725 2249 767 exierunt.

142 799 258 868 jam
274 793 553 863 hocipsum
569 788 848 860 pulchrum
868 788 919 840 &
938 790 1278 860 ⁶aniiquum,
1316 787 1596 840 ⁷Senatum
1625 786 1784 840 nofie
1812 785 2022 847 dirimi,
2063 784 2245 838 triduo

150 867 353 929 vocari,
372 861 553 919 triduo
569 854 1174 917 contineri.⁸Cornutus
1196 859 1477 916 Tertullus
1490 857 1961 929 COS.defigriatuS,
1987 858 2066 911 vir
2092 873 2246 941 egre-

2099 946 2244 998 ειυς,

1270 1029 1293 1064 4
1322 1021 1425 1054 Locus
1458 1013 1515 1054 ille
1543 1012 1739 1066 poscebat.]
1778 1013 1967 1053 Ultimum
1991 1015 2114 1061 causae
2135 1025 2251 1063 genus

1225 1065 1273 1104 est
1296 1067 1505 1116 deprecatio
1520 1095 1530 1111 ,
1558 1077 1644 1104 cum
1669 1066 1764 1103 nulla
1787 1066 1852 1103 alia
1875 1068 2016 1104 ratione
2037 1067 2130 1103 tueri
2142 1077 2249 1103 reum

1225 1116 1423 1166 poffumns.
1450 1118 1505 1155 Ea
1526 1118 1737 1167 ubicunque
1755 1118 1844 1166 juris
1866 1116 2060 1154 clementia
2085 1114 2132 1153 est
2157 1144 2168 1162 ‚
2192 1116 2253 1166 10:

195 1034 212 1061 1
240 1020 379 1059 Salvius
403 1018 606 1069 Liberalis.]
635 1019 712 1068 Qui
733 1018 794 1057 sub
816 1018 1038 1056 Domitiano
1050 1028 1158 1057 accu-

144 1073 232 1113 satus
254 1072 302 1110 est
324 1099 334 1116 ,
372 1081 534 1119 eumque
565 1070 750 1108 Secundus
781 1068 896 1106 affe-rit
919 1068 1022 1107 fiiiffe
1044 1070 1157 1108 vehe-

147 1131 308 1162 mentem
323 1150 334 1166 ‚
362 1121 401 1158 &
422 1119 591 1158 disertum
615 1129 810 1158 oratorem.
859 1120 959 1156 Nam
981 1117 1007 1156 fi
1035 1119 1157 1158 Tran-

174 1174 297 1211 uillum
321 1169 486 1209 audimus
501 1199 511 1216 ,
537 1172 574 1209 in
598 1170 812 1209 defensione
837 1170 971 1208 Divitis
991 1169 1093 1207 ausus
1106 1171 1155 1209 est

173 1224 285 1261 icere:
312 1222 409 1270 Qid
430 1222 479 1257 ad
500 1221 684 1272 Caesarem
707 1251 718 1267 ,
748 1220 783 1270 fi
804 1219 1019 1269 Hipparchus
1034 1219 1156 1268 sester-

141 1274 234 1311 tium
255 1274 380 1310 millies
401 1271 534 1312 habet?
562 1272 680 1321 Quod
702 1272 862 1315 dietum,
890 1271 1058 1321 quamvis
1093 1283 1157 1309 au-

146 1322 287 1368 dacius,
313 1321 550 1371 Vespasianus
568 1322 741 1361 laudavit.
794 1322 914 1358 Salvio
939 1323 1082 1370 Legato
1105 1323 1157 1360 A-

141 1375 326 1422 quitaniae
348 1372 551 1422 rescripsisse
579 1373 784 1411 Adrianum
815 1372 924 1410 refert
958 1372 1160 1412 Calistiatus

145 1426 198 1461 tit.
220 1425 264 1463 de
289 1424 437 1463 accusat.
491 1426 626 1462 Seneca
650 1422 800 1461 Liberali
819 1423 971 1471 patriam
1006 1422 1160 1470 Lugdu-

144 1483 237 1511 num
261 1476 416 1524 affigunt.
444 1475 541 1512 Item
566 1473 736 1511 Liberalis
758 1472 818 1510 sub
841 1473 936 1509 Tito
964 1473 1161 1511 Centurio—

147 1525 201 1562 nis
225 1525 402 1574 Iosephus
425 1525 605 1561 meminit.
635 1524 791 1560 CATAN.

196 1586 215 1610 2
250 1573 476 1624 Dispofitua]
507 1574 550 1610 ln
570 1572 777 1620 coaptando
800 1569 935 1619 singula
963 1574 1052 1611 locis
1084 1574 1159 1614 suis.

147 1622 209 1658 Est
232 1625 330 1661 enim
355 1622 537 1672 dispositio
552 1649 562 1665 ‚
589 1632 710 1658 rerum
731 1622 963 1660 inventarum
986 1635 1049 1673 per
1059 1624 1161 1664 locos

148 1672 357 1711 distributio.
386 1674 440 1710 11>
456 1685 476 1709 Ε
493 1685 531 1710 Μ.
561 1672 763 1708 Catanaeus
786 1680 886 1720 putat
908 1673 1032 1711 virum
1054 1676 1160 1724 dispo-

141 1722 254 1771 situm
279 1727 422 1767 vocari,
451 1723 512 1772 qui
536 1721 576 1758 sit
598 1730 700 1770 aptus
720 1722 757 1758 in
787 1722 992 1770 coaptando
1025 1724 1161 1773 singula

150 1773 237 1811 locis
261 1775 334 1812 suis.
390 1775 472 1822 Ego
492 1782 620 1822 putsin
645 1783 731 1810 eum
752 1772 897 1820 intelligi
921 1800 931 1817 ,
969 1775 1031 1823 qui
1055 1776 1161 1823 poffit

150 1825 440 1873 promptitudine
475 1823 638 1871 singulari
668 1833 709 1860 ac
739 1821 950 1860 dexteritate
971 1835 1162 1864 occurrere

153 1875 322 1913 omnibus
337 1904 348 1919 ‚
375 1886 466 1924 quae
489 1872 635 1924 possunt
656 1873 786 1917 obiici,
812 1880 874 1910 aut
895 1871 1034 1914 caussae
1056 1875 1162 1924 ipsius

154 1932 298 1961 nocere.
327 1927 541 1962 Senzrriziz.
570 1922 715 1961 Rectius
734 1921 910 1973 dispofittcs
931 1925 997 1962 erit
1019 1926 1161 1965 ordinm

155 1980 211 2008 tiis
226 2001 235 2015 ,
260 1974 439 2012 distinctus
453 2003 463 2018 ,
491 1982 597 2023 prout
611 1973 793 2011 Secundus
815 1973 885 2022 ipse
904 1975 978 2012 hoc
1000 1977 1162 2015 vocabu-

154 2022 229 2058 liiin
256 2024 510 2073 interpretatur.
539 2024 620 2061 Lib.
643 2022 708 2060 ΙΙΙ.
730 2023 837 2073 Epist.
861 2024 888 2060 Ι.
912 2037 947 2062 n.
974 2039 1005 2064 1.
1031 2039 1064 2064 2.
1103 2029 1163 2067 ubi

154 2073 350 2121 dispositam
369 2075 485 2112 vitam
509 2073 625 2112 modo
646 2085 777 2111 certam
813 2075 940 2114 ordine
973 2077 1012 2114 &
1041 2076 1164 2124 distin-

154 2125 248 2157 {fam
264 2151 274 2165 ,
304 2124 417 2162 inodo
432 2125 607 2174 placidam
621 2126 878 2164 &ordinatam
892 2135 1025 2172 vocat,
1052 2137 1162 2179 atque

155 2175 313 2218 considite
335 2178 495 2224 opponit.
522 2175 620 2214 Vide
639 2175 776 2213 locum.
804 2177 900 2213 Mox
924 2177 1092 2226 Bongars.
1124 2183 1162 2219 ὃς

155 2222 354 2262 Lnlenbr.
383 2226 478 2272 sacer
499 2255 510 2272 ‚
545 2237 614 2274 pto
645 2239 722 2264 acer
754 2227 934 2265 exhibent.
955 2229 1105 2276 peffime
1127 2232 1164 2270 id

156 2275 216 2320 qui
236 2274 318 2311 lem.
347 2276 442 2314 Nam
463 2286 502 2314 ut
526 2277 607 2314 Lib.
628 2276 696 2313 ΙΙΙ.
719 2278 757 2314 &
781 2276 848 2313 lV.
876 2283 967 2315 Acre
988 2279 1163 2328 ingenium

155 2321 297 2367 laudat,
324 2324 370 2363 fic
391 2327 486 2374 apud
508 2327 658 2364 Fabium
681 2329 720 2365 &
740 2327 826 2364 alios
837 2329 967 2366 acriter
979 2343 1166 2377 argumen-

1225 1179 1311 1206 cuin
1333 1169 1453 1207 habet.
1482 1170 1638 1207 (ΞΜ-ΑΝ.

1278 1232 1296 1268 ς
1327 1220 1566 1257 probationes.
1578 1219 1593 1269 ]
1625 1222 1715 1260 Sunt
1728 1218 1908 1258 exhibitae
1918 1215 2059 1255 tabulae
2073 1215 2225 1256 &testes
2238 1218 2254 1264 ζ

1227 1281 1314 1320 quas
1325 1270 1562 1309 inartificiales
1585 1273 1818 1321 probationes
1840 1270 2022 1307 Rhetores
2044 1268 2251 1316 appellant,

1226 1322 1273 1358 de
1284 1320 1412 1370 quibus
1422 1321 1503 1370 lege
1515 1322 1673 1370 pluribus
1686 1321 2048 1359 FabiumPraeterea
2071 1318 2108 1355 ff.
2131 1318 2255 1358 XXII.

1227 1372 1280 1408 tit.
1303 1370 1350 1409 est
1378 1371 1424 1409 de
1446 1373 1722 1420 probationibus
1746 1372 1785 1408 &
1806 1369 2168 1426 praesumptionibus.
2197 1369 2254 1407 A·

1229 1421 1368 1459 sconius
1397 1423 1479 1470 lege
1509 1423 1690 1472 Pompeia
1721 1422 1766 1460 de
1806 1421 1842 1457 vi
1875 1427 2024 1457 cautum
2046 1419 2185 1463 scribit,
2211 1428 2253 1458 ut

1231 1471 1437 1520 priusquam
1460 1471 1561 1509 causa
1584 1481 1749 1520 ageretur
1765 1499 1774 1515 ‚
1801 1470 1905 1508 testes
1928 1480 1990 1518 per
2012 1469 2174 1506 triduum
2187 1481 2255 1507 au-

1231 1521 1415 1560 direntur:
1445 1521 1577 1560 deinde
1600 1534 1679 1561 uno
1703 1523 1761 1560 die
1784 1523 1823 1559 ὅ(
1845 1521 1889 1558 ab
1912 1518 2121 1557 accusatore
2145 1522 2183 1558 ὅς
2209 1521 2253 1558 ab

1231 1582 1295 1610 reo
1319 1573 1481 1620 perorari
1498 1571 1690 1621 jubebatur
1705 1602 1716 1619 ,
1743 1572 1856 1610 rursus
1881 1570 2023 1620 postera
2043 1569 2101 1608 die
2114 1569 2255 1611 sortitio

1224 1622 1394 1670 judicum
1416 1621 1530 1661 fieret.
1557 1621 1674 1662 lom.

1281 1673 1304 1708 6
1334 1673 1581 1724 Antiquam]
1611 1673 1802 1712 Hadienus
1825 1673 1923 1710 enim
1948 1672 2009 1718 sub
2031 1673 2255 1712 Domitiano

1231 1733 1301 1760 nec
1321 1723 1398 1759 sam
1421 1722 1585 1768 affidue,
1606 1735 1719 1774 quam
1741 1730 1803 1759 aut
1826 1724 1919 1772 Rep.
1939 1722 2049 1761 libera
2074 1752 2084 1769 ,
2110 1727 2173 1762 aut
2194 1725 2259 1763 sub

1232 1772 1400 1822 Augusto
1415 1802 1426 1819 ,
1455 1773 1604 1812 Senatus
1623 1775 1788 1817 liabitus3
1819 1776 1857 1813 &
1884 1775 2044 1812 multum
2068 1774 2256 1813 remissum

1233 1822 1278 1860 de
1310 1835 1394 1861 cura
1426 1832 1537 1874 atque
1570 1827 1775 1864 intentione
1809 1823 1985 1862 reddendi
2012 1826 2100 1873 juris
2125 1825 2255 1864 fuerat.

1234 1873 1323 1912 Huc
1345 1876 1502 1924 pertinet
1522 1875 1632 1914 nostri
1653 1875 1740 1915 illud
1759 1876 1890 1923 Paneg.
1925 1875 2104 1914 LXXVI.
2156 1877 2256 1921 Jam

1231 1937 1340 1973 quam
1363 1927 1553 1976 antiquum
1569 1956 1578 1972 ,
1607 1940 1716 1977 quam
1738 1926 1916 1975 consulare
1937 1954 1947 1970 ‚
1976 1926 2067 1976 quod
2089 1927 2255 1966 triduum

1231 1984 1346 2012 totum
1369 1983 1518 2015 Senatus
1534 1977 1601 2028 sub
1623 1977 1775 2028 exemplo
1808 1976 1866 2014 tus'-
1881 1977 1974 2026 sedit
1995 1987 2010 2015 ἒ
2047 1978 2256 2028 Antiquam

1232 2024 1344 2072 dixit,
1372 2028 1475 2078 quod
1496 2029 1543 2066 ad
1565 2030 1756 2078 antiquum
1788 2039 1936 2064 morem
1969 2025 2088 2066 fiebat.
2142 2031 2257 2070 Simili

1230 2077 1372 2115 ratione
1392 2077 1670 2128 antiquissimam
1692 2079 1882 2116 victoriam
1899 2106 1909 2123 ‚
1937 2078 2030 2116 infra
2053 2078 2140 2117 dicit
2172 2081 2256 2119 Lib.

1232 2125 1274 2213 JF}
1304 2129 1418 2216 1{Epist
1452 2129 1516 2168 IX.
1543 2130 1753 2168 Euenum.
1792 2128 1928 2174 Adde,
1969 2141 2063 2179 quae
2084 2130 2186 2180 supra
2209 2131 2256 2170 ad

1267 2179 1304 2226 pi
1335 2209 1342 2217 .
1364 2180 1427 2219 IX.
1454 2193 1488 2219 n.
1510 2192 1544 2227 4.

1282 2240 1300 2275 7
1331 2230 1541 2279 Senatum]
1591 2231 1634 2268 Id
1668 2233 1778 2270 etiam
1809 2229 1992 2267 interdum
2025 2229 2070 2267 ab
2101 2241 2179 2267 uno
2203 2230 2256 2268 fa-

1235 2279 1347 2317 istum.
1376 2282 1475 2319 Nam
1496 2282 1656 2318 Manlius
1679 2282 1894 2329 Torquatus
1917 2279 1962 2316 de
1984 2278 2059 2317 filio
2073 2282 2255 2328 cognitio-

1234 2341 1281 2366 ne
1303 2330 1460 2380 suscepta
1483 2332 1588 2369 domi
1606 2331 1767 2369 consedit
1781 2358 1792 2374 ,
1819 2329 1983 2379 solusque
2005 2332 2153 2380 utrique
2166 2333 2257 2380 parti

155 2374 249 2415 tari.
288 2387 379 2414 acres
400 2377 596 2425 sententiae
619 2405 630 2420 ,
664 2389 740 2413 acer
762 2379 903 2414 animus
929 2407 939 2422 ‚
973 2388 1166 2428 praeceptor
1233 2391 1297 2426 per
1309 2388 1431 2418 totum
1442 2382 1594 2419 biduum
1609 2382 1775 2418 vacavit:
1802 2391 1844 2417 ac
1855 2381 1964 2418 tertio
1977 2380 2035 2418 die
2054 2382 2256 2430 plenissime

155 2424 309 2472 tali-aqu:
333 2428 430 2475 p'ura
455 2427 662 2477 frequenter
687 2434 891 2463 occurrunt.
929 2428 1032 2476 Quid
1054 2440 1166 2477 gene-

155 2482 262 2561 {lili}
272 2475 340 2563 1sitn
349 2479 407 2515 vir
429 2489 528 2523 acer,
567 2476 705 2515 dietum
740 2477 785 2515 ad
817 2477 947 2515 Sallust.
981 2479 1059 2527 lug.
1093 2491 1167 2530 cap.

288 2555 295 2562 .
344 2557 350 2563 .
379 2541 407 2564 1.

204 2586 224 2624 3
256 2576 432 2626 Σεμνὶῑς.]
473 2578 647 2615 Graviter
680 2590 720 2619 <9⁸
750 2579 903 2627 venuste.
950 2579 1169 2632 Nam'pro-

160 2631 274 2668 prium
300 2630 449 2666 oratoris
471 2627 518 2663 est
541 2628 659 2666 dicere
690 2632 844 2677 graviter
878 2633 916 2669 &
948 2640 1099 2677 ornate,
1130 2634 1169 2670 ὃς

162 2669 352 2725 bominum
398 2676 550 2716 sensibus
587 2690 628 2716 ac
666 2681 846 2718 mentibus
883 2682 1166 2721 accommodate

160 2730 258 2776 Juxta
279 2727 354 2765 Cic.
378 2729 404 2766 Ι.
428 2729 471 2766 de
495 2729 662 2767 Oratore.
692 2731 845 2768 CATAN.
866 2731 1044 2782 Σεμυᾶῖς.]
1074 2737 1168 2769 Gra-

167 2779 266 2812 viter,
314 2780 390 2826 Qui
420 2788 543 2816 autem
577 2782 614 2818 ὃς
637 2780 808 2818 Graviter
830 2783 867 2821 &
892 2782 1029 2830 Venuste
1052 2795 1167 2833 expo-

170 2826 278 2868 nunt,
304 2838 346 2864 ex
369 2830 501 2867 duabus
524 2829 805 2880 expositionibus
828 2844 938 2871 unam
963 2844 1086 2871 veram
1119 2835 1167 2872 al-

173 2871 279 2922 tefssm
295 2875 405 2918 salsam
418 2878 579 2918 afferunt.
607 2883 850 2921 STEPHANUS.
878 2883 1046 2929 Bongars.
1060 2886 1167 2932 Qod

1236 2431 1274 2465 ἃ
1289 2428 1552 2478 diligentissime
1565 2430 1694 2469 auditis
1716 2430 1860 2469 testibus
1882 2433 2147 2480 pronunciavit.
2169 2434 2201 2470 C
2215 2446 2257 2470 A·

1238 2492 1260 2516 T
1277 2491 1297 2514 A
1315 2492 1350 2516 Ν.
1378 2485 1546 2518 Senatum
1569 2484 1662 2519 nor‘le
1683 2481 1819 2520 dimitti
1842 2483 2014 2520 omniurn
2038 2482 2255 2522 Eddlee'cio

1236 2538 1321 2567 erat.
1375 2533 1528 2579 Quanto
1561 2531 1757 2580 elegantius
1779 2532 1971 2571 Mediceus
1995 2534 2033 2571 &
2056 2533 2258 2573 Helmstad.

1237 2583 1331 2617 neele
1350 2581 1501 2620 dirimi?
1528 2582 1637 2620 Plane
1659 2591 1700 2621 ut
1722 2583 1820 2632 supini
1843 2595 1878 2620 n.
1904 2583 1956 2622 16.
2013 2590 2130 2634 Neque
2161 2587 2255 2622 enim

1200 2643 1203 2660 t
1236 2644 1307 2667 lam
1331 2630 1487 2670 inchoari
1502 2642 1640 2681 poterat
1661 2634 1749 2671 aetio
1763 2663 1773 2678 ,
1800 2633 1864 2681 nisi
1881 2645 1922 2672 ut
1946 2636 2053 2672 nostis
2071 2636 2255 2674 interven-

1239 2693 1278 2718 tu
1302 2682 1542 2727 scinderetur,
1571 2685 1608 2721 &
1632 2684 1712 2722 Lib.
1734 2685 1802 2722 IV.
1825 2684 1933 2732 Epist.
1958 2684 2021 2722 IX.
2049 2698 2084 2723 n.
2110 2700 2146 2735 9.
2197 2693 2257 2724 A·

1236 2733 1380 2770 &ionem
1413 2747 1526 2770 meam
1549 2762 1560 2778 ,
1607 2745 1649 2771 ut
1676 2736 1812 2785 praelia
1837 2735 1928 2785 solet
1950 2763 1962 2779 ,
2000 2746 2077 2773 nox
2101 2737 2258 2777 diremit.

1240 2783 1371 2820 Cicero
1395 2783 1439 2821 ad
1463 2786 1591 2832 Quint.
1614 2783 1670 2822 Fr.
1696 2787 1775 2824 Lib.
1799 2786 1845 2823 II.
1869 2785 1976 2834 Epist.
1989 2786 2093 2825 X111.
2119 2790 2258 2825 Afrum

1237 2832 1280 2878 est
1312 2847 1345 2870 eo
1367 2834 1422 2871 die
1444 2834 1531 2872 nihil
1553 2864 1564 2880 ,
1613 2847 1688 2873 nox
1711 2836 1864 2875 diremit.
1901 2836 2076 2875 Eiusdem
2100 2837 2148 2876 est
2170 2839 2258 2877 diri-

1202 2890 1206 2929 ι
1239 2897 1330 2920 mere
1353 2884 1555 2933 fhcietatem
1579 2913 1590 2929 ‚
1628 2887 1901 2925 coniunchonem
1926 2916 1936 2931 ,
1974 2896 2014 2926 ut
2039 2888 2152 2938 Crispi
2177 2890 2259 2928 Cat.

172 2921 334 2960 etimium
352 2931 497 2967 orationi
518 2931 610 2976 eius,
638 2935 796 2979 σεμνῶς,
823 2935 926 2983 quod
950 2933 1166 2984 probarem,
1202 2948 1206 3005 ἲ
1240 2946 1314 2983 cap.
1347 2935 1489 2975 XVIII.
1521 2944 1609 2974 extr.
1641 2937 1800 2977 dirimere
1827 2937 2018 2989 consilium.
2068 2940 2129 2978 ubi
2161 2940 2259 2980 vide.

176 2975 198 2999 n
218 2968 238 3000 li
275 2971 452 3017 Mediceus
480 2982 631 3019 verbum
662 2983 744 3029 inest

176 3078 246 3102 ems
268 3068 371 3109 deest.

1205 3082 1216 3163 'i
1243 3089 1280 3126 8:
1305 3087 1505 3127 Consulatu
1529 3116 1540 3133 ,

178 3015 185 3022 ,
208 3014 214 3022 .
270 3019 274 3023 .
769 2991 931 3023 tueretur
955 3014 965 3030 ,
990 2991 1099 3035 atque
1123 2987 1170 3023 ita
1202 3015 1206 3028 f,
1243 2988 1396 3024 Com.

190 3016 200 3049 Ι
221 3016 317 3057 ullius
338 3025 374 3061 ὃ(
401 3029 536 3079 Crispus
558 3032 752 3081 saepissime
762 3034 973 3086 loquuntur.
1002 3035 1045 3073 In
1057 3036 1170 3074 Arnz.
1203 3032 1208 3080 l

1292 3038 1311 3074 8
1340 3036 1556 3087 Cornutus]
1597 3039 1773 3076 Tertullus
1803 3041 1842 3078 in
1859 3039 2089 3078 Praefeeiura
2113 3041 2262 3087 aerari,

1579 3088 1750 3176 {excundo
1774 3091 1938 3141 collega,
1976 3091 2158 3132 Aemiliae
2182 3094 2262 3128 viae

1647 3151 1667 3177 2
2199 3152 2262 3180 cu-

2292 300 2349 348 ¹7

2295 495 2351 546 18

2299 881 2358 924 19
