2616 3686
380 188 1893 249 '·L113ERV1.EPISTOLAXx1x.
2155 222 2252 270 459

114 289 142 313 ¹·
171 290 286 337 non
325 273 497 329 minus
535 268 789 342 gaudee,
839 266 1086 340 probavit
1110 305 1127 330 ,
1179 277 1241 321 ut
1278 268 1443 321 multa
1482 269 1580 322 alia
1615 267 1880 343 Thraseae
1920 270 2065 338 (fuit
2103 283 2246 335 enim

33 403 35 405 ,
122 346 420 414 familiaris)
458 345 532 398 ita
568 342 674 398 hoc
710 339 862 412 saepe
900 337 1170 394 referebat
1194 377 1211 404 ,
1265 340 1576 410 praecipere
1612 339 1850 404 solitum,
1895 342 2245 415 suscipiendas

113 414 233 476 ‘effe'
257 419 474 481 causas,
520 428 608 471 aut
647 413 945 468 amicorum
972 451 988 476 ,
1025 424 1115 467 aut
1153 410 1468 472 destitutas,
1507 423 1597 466 aut
1632 411 1697 465 ad
1738 415 2043 485 exemplum
2084 422 2249 486 perti-

116 505 326 549 nentes.
364 492 481 547 Cur
518 486 846 543 amicorum?
887 495 904 513 ²
936 501 1048 540 non
1084 498 1210 557 eget
1248 484 1710 556 interpretatione.
1770 484 1885 539 Cur
1934 485 2244 546 destitutas?
2286 510 2318 545 z

121 565 271 638 quod
311 566 364 619 in
402 564 499 619 illis
537 560 768 615 maxime
807 559 862 612 δε
902 556 1194 613 constantia
1228 560 1440 630 agentis
1468 595 1485 621 ,
1547 557 1600 612 δε
1641 556 1945 612 humanitas
1996 576 2245 617 cernere-

119 652 222 693 tur.
299 647 314 674 ³
361 635 477 692 Cur
526 633 851 708 pertinentes
903 631 968 685 ad
1020 631 1372 704 exemplum?
1423 630 1547 701 quia
1601 631 1892 701 plurimum
1929 631 1948 657 ⁴
1983 631 2245 698 referret,

123 710 323 765 bonum
369 725 433 764 an
483 707 677 762 malum
722 723 741 750 ε
798 703 1174 760 induceretur.
1241 704 1333 758 Ad
1385 703 1516 757 haec
1567 721 1673 773 ego
1713 719 1908 774 genera
1946 704 2249 772 causarum,
2290 728 2313 780 3

123 781 393 837 ambitiose
427 777 640 835 fortasse
667 815 684 842 ,
738 775 932 832 addam
975 791 1157 832 tamen
1194 777 1358 830 claras
1397 775 1451 830 ἅτ
1490 777 1730 830 illustres,
1807 779 2062 849 Aequum
2099 779 2247 835 enirn

114 853 195 908 -est
240 869 397 923 agere
446 866 832 922 nonnunquam
871 851 1070 920 gloriae
1102 889 1118 913 ,
1179 849 1233 903 δε
1276 847 1448 920 famae
1475 885 1493 910 ,
1527 845 1546 867 ⁶
1585 848 1641 901 id
1678 848 1752 904 est
1785 887 1801 912 ,
1839 850 1983 904 suam
2023 851 2248 909 causam.

118 925 241 980 Hos
282 927 537 981 terminos
569 963 584 988 ‚
619 928 741 994 quia
781 939 869 977 me
907 921 1251 983 consuluisti,
1287 919 1304 947 ⁷
1344 921 1588 991 dignitati
1629 939 1687 974 ac
1730 923 2085 979 verecundiae
2123 937 2245 981 tuae
2315 991 2320 994 ,

117 997 299 1052 statuo.
375 998 492 1053 Nec
532 1014 619 1050 me
658 998 939 1068 praeterit,
981 995 1133 1050 usum
1174 993 1311 1057 effe,
1351 994 1401 1048 &
1446 993 1625 1048 haberi
1663 990 1681 1016 ‘³
1718 995 1984 1064 optimum
2024 997 2243 1053 dicendi
2284 1003 2318 1053 4

110 1071 436 1143 magistrum.
515 1068 697 1128 Video
747 1071 907 1124 etiarn
960 1069 1158 1124 multos
1207 1084 1374 1139 parvo
1427 1068 1644 1137 ingenio
1678 1104 1694 1132 ‚
1745 1067 1909 1122 literis
1950 1070 2144 1196 nullisb,
2180 1085 2242 1126 ut

2144 1160 2243 1198 ene

1211 1281 1300 1320 dum
1333 1280 1382 1320 est
1403 1310 1415 1327 ‚
1450 1283 1489 1320 in
1520 1280 1624 1321 Voff.
1647 1282 1803 1321 Helmst.
1827 1281 1940 1319 Arnz.
1959 1280 2054 1318 Edd.
2077 1281 2182 1318 Vett.
2204 1282 2244 1321 δε

103 1283 303 1324 Chronicis
326 1291 497 1333 corrupte
514 1283 654 1333 legatur
677 1283 785 1333 Lifias
809 1312 819 1329 ‚
844 1282 1002 1330 Iudaeos
1023 1279 1135 1320 rebel-

1212 1333 1312 1372 AIdo
1340 1333 1468 1372 Iocum
1502 1331 1573 1372 esse
1605 1346 1790 1373 mancum.
1819 1333 1971 1371 Habent
1994 1334 2116 1370 enim:
2144 1345 2245 1381 agere

111 1334 224 1374 lantes
260 1336 531 1384 Mesopotamia
563 1338 833 1374 exterminavit.
877 1335 975 1372 Nam
1008 1333 1136 1371 adver·

112 1385 191 1424 sum
222 1399 287 1425 eos
320 1388 436 1424 aciem
467 1385 603 1425 struens
635 1385 775 1425 infinita
799 1385 908 1424 millia
931 1384 1136 1427 interfecit,

102 1436 162 1473 ·ob
190 1449 284 1487 quae
314 1436 472 1483 Iudaeae
512 1445 724 1485 procurator
756 1448 777 1473 a
805 1437 972 1484 Trajano
1007 1436 1132 1474 decer-

110 1488 228 1526 nitur:
259 1487 382 1537 postea
403 1486 540 1524 sublatis
560 1487 723 1530 Mau'ris,
751 1497 846 1535 quos
859 1487 1028 1533 regebat,
1055 1489 1140 1536 quia

111 1537 291 1586 suspectus
325 1538 482 1585 irnperio
517 1535 631 1573 fuerat
656 1565 667 1580 ,
704 1536 748 1572 ab
782 1535 949 1574 Adriano
971 1536 1020 1574 est
1040 1549 1140 1575 exar-

111 1597 253 1632 matus,
280 1590 430 1626 auctore
453 1587 653 1636 Spartiano.
682 1586 835 1623 Cum.

167 1652 181 1677 1
214 1645 297 1676 Non
322 1640 438 1677 minus
457 1636 634 1686 gaudem]
665 1636 805 1675 Scilicet
826 1665 836 1682 ‚
863 1648 977 1686 quam
1001 1650 1062 1676 me
1086 1638 1140 1677 di·

111 1688 246 1738 ligeret.
276 1691 391 1728 Ibem.
418 1695 499 1725 Non
533 1690 651 1726 minus
681 1687 824 1736 gaudeo.
843 1686 1050 1736 probavit.]
1083 1691 1139 1728 Sic

111 1740 183 1778 Pal.
219 1743 256 1780 δε
289 1741 380 1779 Edd.
421 1741 523 1777 Vett.
545 1739 759 1790 posteriores
780 1739 876 1776 enim
893 1767 903 1784 ,
930 1749 974 1777 ω’
996 1739 1048 1775 cui
1070 1753 1139 1777 non

113 1791 298 1830 minimum
316 1791 447 1842 gaudeo
463 1819 473 1835 ‚
497 1789 675 1840 probavit.
701 1789 937 1839 Gnujrlzn.
975 1789 1139 1830 Veterri-

115 1852 198 1879 mus
229 1846 338 1880 etiarn
367 1852 477 1891 atque
511 1842 637 1891 reliqui
671 1839 776 1878 MSS.
812 1839 942 1879 nostri:
972 1854 1037 1891 quo
1062 1855 1130 1879 non

116 1891 232 1928 minus
254 1893 394 1942 gaudeo.
425 1893 521 1929 Mox
542 1892 639 1930 idem
662 1890 892 1930 veterrimus
921 1905 929 1929 2
960 1893 998 1930 ὃς
1020 1892 1138 1930 multa

115 1940 215 1985 alia,
254 1943 392 1980 vitiose.
429 1941 576 1984 Deinde
607 1943 764 1982 iuniores
786 1941 922 1992 scripti:
944 1944 1138 1993 praecipere

111 1992 262 2040 sciebat.

169 2054 189 2079 2
221 2049 301 2081 Non
332 2043 451 2094 eget.]
491 2043 577 2083 Satis
611 2046 708 2083 enim
738 2043 969 2083 manifestum
1010 2047 1137 2084 omnia

115 2103 182 2139 pro
215 2096 336 2132 amico
369 2095 529 2134 facienda
552 2125 562 2141 ‚
590 2096 708 2134 modo
729 2107 808 2134 non
833 2096 1011 2135 excedant
1033 2107 1138 2135 vere-

119 2143 269 2183 cundiae
292 2147 475 2185 terminos.
503 2148 657 2186 Cmu.

170 2208 187 2244 3
218 2201 293 2233 Cur
311 2198 515 2246 pertinentes
532 2199 580 2236 ad
601 2198 797 2249 exemplum
812 2197 855 2248 ?]
883 2198 1014 2236 Causas
1038 2197 1136 2236 futu-

117 2255 170 2282 ras
193 2247 293 2285 bono
317 2249 487 2298 exemplo
505 2249 1004 2298 legentibus&audientibus.
1034 2249 1132 2287 Nam

116 2299 372 2346 exemplorum
404 2300 585 2349 quaedam
617 2308 825 2348 comparata
855 2301 933 2337 sunt
957 2327 967 2344 ,
1002 2308 1042 2337 ut
1070 2312 1139 2339 nos

115 2345 286 2386 instruant
319 2349 363 2386 ad
397 2350 539 2388 bouum
564 2364 572 2387 :
600 2351 781 2400 quaedam
803 2349 849 2388 ad
869 2350 1006 2388 malum
1030 2351 1138 2389 decli-

115 2398 292 2436 nandum.
322 2401 436 2439 IDEM.

164 2461 187 2494 4
215 2452 367 2496 Refer-ret
391 2483 400 2498 ,
437 2455 578 2492 bonum.
601 2452 636 2502 ]
658 2453 714 2491 Sic
743 2452 816 2490 Pal.
852 2453 890 2490 &
920 2450 1014 2488 Edd.
1036 2453 1139 2492 Vett.

114 2497 179 2537 nisi
213 2503 314 2549 quod
345 2503 416 2541 Pal.
447 2507 626 2544 duceretur
648 2532 658 2548 ,
695 2502 798 2540 Vett.
831 2502 922 2539 Edd.
946 2496 1139 2548 dicentia,
1178 2543 1179 2547 Ἰ

116 2551 267 2600 vulgatis
291 2563 366 2591 crat
387 2557 506 2603 refert.
545 2558 735 2594 Gitona.
765 2552 1009 2591 Consentiunt
1032 2554 1139 2592 MSS.

117 2601 225 2640 nostri
247 2605 362 2642 verbo
385 2609 527 2653 referret
543 2637 552 2653 ‚
583 2609 620 2645 ὃς
640 2605 754 2643 sensus
780 2603 943 2653 postulat.

172 2666 189 2701 ς
222 2656 456 2694 Inducereiur.
482 2658 496 2707 ]
970 2701 975 2707 ,

121 2699 330 2744 Boxnon
347 2720 383 2745 N.
413 2709 500 2746 Hoc
525 2707 710 2758 Gryphius
733 2706 897 2752 expressit
925 2735 934 2751 ‚
974 2705 1070 2743 forte
1095 2719 1140 2744 ex

125 2750 205 2793 MS.
233 2758 333 2796 Voff.
374 2761 407 2797 in
431 2772 507 2810 quo
530 2761 647 2807 legas:
689 2756 906 2795 animalium
929 2758 1050 2794 ducem
1076 2757 1142 2793 ha-

539 2659 621 2697 Aiia
651 2656 766 2694 lectio
801 2655 923 2692 ducem
959 2652 1142 2693 haberent.

1211 1397 1481 1435 nonnumquam
1510 1384 1640 1435 gloriae
1670 1397 1711 1425 v
1735 1387 1864 1431 famae
1885 1384 1976 1422 idem
2001 1383 2168 1432 dignitati
2199 1396 2246 1420 ac

1211 1437 1439 1473 verecundiae
1464 1446 1544 1473 tuae
1557 1434 1677 1482 statuo
1693 1465 1702 1480 ,
1731 1436 1860 1473 mediis
1880 1434 2014 1471 eiectis.
2043 1434 2112 1472 Sed
2127 1436 2242 1472 cuivis

1211 1486 1359 1535 adparet
1381 1486 1653 1525 similitudinem
1677 1488 1735 1523 τῶν
1757 1486 1795 1523 id
1816 1484 1859 1532 est
1882 1487 1920 1523 δε
1942 1485 2035 1523 idem
2059 1486 2096 1523 in
2127 1483 2245 1524 caussa

1214 1535 1316 1575 fuisse
1330 1566 1340 1582 ‚
1367 1544 1407 1574 ut
1429 1536 1550 1574 versus
1571 1537 1766 1576 excideret.
1794 1535 1986 1574 Mediceus
2009 1538 2150 1583 integer
2173 1536 2246 1581 est,

1214 1586 1370 1638 sistitque
1392 1588 1517 1625 omnia
1532 1615 1542 1632 ,
1571 1599 1666 1638 quae
1689 1587 1809 1626 nostra
1832 1588 1996 1635 aliaeque
2020 1587 2113 1625 Edd.
2144 1598 2249 1634 prae-

1212 1638 1343 1677 ferunt.
1397 1638 1460 1676 Est
1492 1646 1618 1676 autem
1651 1638 1800 1676 venusta
1832 1639 2106 1686 interpretatio,
2134 1639 2249 1686 qualis

1211 1689 1266 1727 illa
1300 1689 1397 1727 Flori
1436 1689 1516 1726 Lib.
1548 1689 1616 1726 IV.
1647 1700 1725 1737 cap.
1750 1688 1796 1725 11.
1829 1700 1863 1725 n.
1900 1700 1958 1736 ις.
1983 1689 2026 1726 de
2051 1689 2249 1736 succeffione

1212 1739 1373 1790 Caesaris
1396 1739 1546 1789 senatus
1569 1768 1579 1785 ‚
1620 1739 1656 1777 id
1679 1738 1727 1777 est
1751 1739 1924 1790 Pompeius
1954 1740 2132 1787 agitabat.
2162 1742 2246 1778 Au-

1216 1790 1294 1828 tstor
1319 1791 1400 1829 Lib.
1423 1789 1513 1828 VII.
1534 1790 1644 1839 Epist.
1666 1789 1751 1827 XII.
1775 1801 1810 1828 n.
1834 1803 1864 1828 1.
1895 1789 2064 1828 Libellum
2089 1790 2245 1840 mifitibi

1213 1842 1284 1880 ideo
1313 1842 1455 1879 tardius
1479 1870 1489 1885 ‚
1518 1855 1560 1879 ne
1590 1849 1722 1890 tempus
1745 1841 1959 1879 emendandi
1981 1855 2058 1878 eum
2075 1869 2084 1886 ,
2113 1842 2148 1880 id
2171 1842 2243 1887 est,

1211 1893 1431 1942 disperdendi
1466 1892 1621 1931 haberes.
1676 1893 1804 1930 Senec.
1836 1891 1881 1929 de
1915 1892 2040 1929 Const.
2064 1893 2143 1941 Sap.
2165 1904 2244 1942 cap.

1211 1943 1356 1982 XVIII.
1383 1944 1472 1981 Huic
1492 1945 1530 1981 in
1548 1943 1733 1987 convivio,
1761 1943 1797 1980 id
1822 1942 1892 1988 est,
1921 1942 1958 1978 in
1979 1945 2132 1981 concione
2155 1957 2247 1993 qua-

1211 1993 1252 2032 lis
1270 1997 1307 2033 in
1330 1994 1511 2033 concubitu
1533 1993 1608 2044 effet
1630 2008 1720 2032 uxor
1741 1992 1967 2039 eiu5‚0biecit.
1986 1998 2245 2044 utroqueloco

1210 2046 1302 2084 idem
1337 2048 1376 2086 &
1405 2046 1488 2084 item
1513 2074 1523 2091 ,
1549 2057 1618 2092 pro
1646 2045 1684 2083 id
1705 2045 1747 2093 est
1770 2044 1922 2083 inlibris
1945 2045 2108 2094 reperias.
2138 2047 2245 2086 Plura

1213 2097 1297 2135 talia
1328 2097 1486 2147 produxi
1519 2097 1564 2135 ad
1597 2096 1730 2135 Sallust.
1765 2096 1842 2144 lug.
1867 2107 1943 2144 cap.
1965 2096 2104 2134 XXXI.
2128 2109 2162 2134 n.
2186 2110 2244 2138 20.

1215 2154 1278 2186 Vos
1305 2159 1426 2187 autem
1450 2178 1460 2194 ,
1487 2149 1562 2187 hoc
1597 2147 1646 2186 est
1668 2176 1677 2193 ,
1701 2146 1844 2197 populus
1878 2153 1919 2184 R.
1943 2148 2037 2196 satis
2061 2146 2245 2188 habebatis

1214 2212 1380 2238 ammam
1404 2211 1563 2240 retinere.

1262 2252 1280 2297 7
1313 2251 1496 2300 Dignitati
1526 2263 1567 2286 ac
1600 2249 1829 2287 verecundiae
1863 2245 1993 2293 tuac]
2041 2247 2168 2297 Scripti
2201 2263 2245 2288 0-

1211 2314 1342 2347 mnes,
1371 2304 1474 2351 quod
1487 2301 1585 2343 dixi,
1614 2302 1722 2337 etiam
1739 2300 1937 2347 Optimus:
1966 2297 2248 2347 idemdignitan'

1210 2364 1249 2388 ac
1270 2367 1346 2390 ver.
1366 2363 1393 2389 t.
1408 2351 1538 2397 statuo.
1568 2351 1696 2397 Lego:
1730 2352 1816 2386 item
1841 2348 2011 2397 dignitati
2036 2357 2103 2386 cet.
2123 2351 2157 2388 id
2171 2351 2245 2398 est,

1209 2404 1362 2450 pariter,
1389 2401 1561 2439 fimiliter.
1589 2401 1656 2437 Cic
1692 2399 1791 2436 Lael.
1813 2410 1887 2447 cap.
1912 2398 1958 2435 II.
1987 2399 2104 2448 itaque
2127 2414 2168 2438 ex
2191 2416 2247 2441 me

1213 2463 1416 2503 quaerunt,
1443 2453 1539 2489 credo
1572 2463 1614 2488 ex
1649 2450 1708 2486 hoc
1742 2452 1830 2487 item
1862 2450 2054 2494 Scaevola,
2085 2462 2243 2500 quonam

1207 2506 1306 2552 paeto
1331 2514 1479 2541 mortem
1510 2501 1677 2549 Africani
1691 2501 1804 2548 feras.
1832 2500 1926 2537 Usus
1949 2500 1999 2538 est
2030 2503 2246 2543 notissimus.

1214 2555 1312 2593 Vide
1327 2559 1437 2593 etiam
1452 2553 1496 2591 ad
1510 2552 1642 2591 Sallust.
1654 2553 1731 2589 Cat.
1748 2563 1823 2600 cap.
1838 2551 2000 2589 XXVII.
2016 2554 2248 2594 nacon-rs.

1263 2606 1284 2643 8
1315 2605 1497 2655 Optimum
1536 2602 1673 2641 dicendi
1699 2631 1709 2647 ‚
1761 2613 1833 2642 (fc.
1858 2601 1873 2651 ]
1918 2602 2008 2640 Hoc
2033 2601 2245 2652 frequenter

1214 2655 1363 2694 Marcus
1397 2655 1545 2693 Tunius
1576 2654 1721 2693 testatur
1745 2681 1755 2698 ‚
1793 2661 1832 2690 ut
1863 2655 1985 2702 primo
2011 2656 2048 2693 ὅ(
2069 2657 2178 2692 tertio
2200 2655 2247 2695 de

1215 2708 1398 2749 Oratore,
1426 2708 1516 2744 item
1541 2706 1586 2744 de
1607 2703 1774 2754 perfecto
1796 2712 1964 2748 oratore,
1990 2715 2032 2742 ac
2049 2715 2116 2752 pro
2132 2706 2248 2745 Corn.

1215 2757 1339 2795 Balbo,
1371 2758 1402 2795 C
1419 2770 1439 2795 Α
1456 2771 1478 2795 τ
1496 2769 1568 2794 AN.
1595 2755 1747 2804 Vuigo:
1776 2756 1878 2804 usum
1903 2757 1941 2793 ὅς
1962 2755 2044 2804 effe,
2072 2754 2250 2797 &baberi

126 2801 252 2844 herent.
277 2809 430 2848 Heimst.
453 2823 538 2849 cum
564 2811 725 2847 i'aiatino
747 2809 929 2845 duceretur
958 2822 968 2850 ;
1001 2809 1143 2854 Reliqui
1180 2810 1184 2855 1
1216 2810 1384 2855 optimum
1419 2809 1453 2845 d.
1488 2820 1536 2845 m.
1576 2806 1645 2846 Sed
1667 2818 1798 2844 omnes
1822 2806 1927 2844 MSS.
1950 2806 2059 2843 nostri
2094 2808 2132 2845 ὃς
2155 2807 2249 2847 Edd.

129 2861 257 2895 omnes
284 2859 513 2902 induceretur.
551 2861 649 2899 Vide
682 2859 726 2896 ad
750 2859 829 2897 Lib.
854 2858 881 2896 1.
907 2859 1014 2908 Epist.
1034 2859 1141 2897 VIII.
1182 2858 1186 2909 ξ
1216 2858 1319 2897 Vett.
1351 2860 1446 2908 prius
1479 2868 1522 2898 <5³
1554 2857 1752 2896 excludunt
1775 2886 1786 2902 ,
1815 2868 1834 2894 a
1859 2857 1987 2906 quibus
2006 2867 2085 2894 non
2109 2865 2250 2898 temere

134 2910 169 2936 n.
189 2916 239 2943 η.
261 2910 296 2947 &
321 2913 402 2950 Lib.
425 2914 490 2950 IV.
510 2913 618 2961 Epist.
639 2911 743 2949 XIII.
766 2922 800 2947 n.
828 2923 885 2948 10.
934 2913 990 2949 Sic
1013 2908 1142 2947 mo‘rem
1182 2913 1187 2962 ξ
1217 2911 1373 2954 recedo;
1401 2912 1484 2949 licet
1526 2909 1618 2949 infra
1660 2909 1741 2946 Lib.
1781 2906 1868 2944 VII.
1906 2904 2015 2956 Epist.
2042 2905 2125 2944 XX.
2153 2920 2189 2947 n.
2215 2922 2253 2957 4.

137 2949 175 3017 ⁷8<
196 2955 258 2992 alia
277 2959 426 3000 inducere
454 2964 662 3014 frequenter
685 2961 781 3009 apud
805 2961 984 2999 TuilLum.
1013 2961 1146 2999 Noster
1184 2976 1187 3001 ι
1217 2961 1279 2998 tihi
1310 2963 1491 3011 proximus
1525 2963 1563 3000 &
1595 2960 1653 3010 esse
1675 2989 1684 3003 ‚
1726 2961 1764 2998 &
1798 2957 1920 2996 haberi
1953 2959 2250 3008 concupiscebam,

136 3001 266 3052 ‘’mcg·
297 3021 369 3058 cap.
393 3015 463 3052 VI.
497 3028 532 3052 n.
553 3027 586 3052 2.
608 3014 801 3052 inductum
821 3012 993 3061 peffimum
1020 3024 1147 3050 exem·
1183 3006 1187 3056 ἱ
1219 3024 1349 3052 omnes
1370 3012 1490 3051 Codd.
1515 3012 1720 3050 exhibeant.
1748 3010 1864 3048 Aldus
1889 3024 1897 3047 ι
1935 3010 2109 3059 ufitatum
2129 3011 2186 3058 effe
2207 3021 2250 3048 (3·

137 3051 260 3100 plum,
285 3069 323 3093 ut
344 3064 503 3110 optimum
527 3075 758 3115 opponeretur.

184 3104 208 3139 6
236 3109 276 3151 ld
300 3108 344 3156 est
362 3113 466 3160 suam
496 3116 645 3168 caufficm
679 3115 779 3166 cet.]
809 3114 900 3154 Non
923 3113 1143 3154 diffimussan-

1184 3062 1185 3066 ’
1219 3062 1363 3109 haberi,
1389 3063 1492 3117 quod
1525 3064 1658 3101 vitium
1693 3063 1804 3102 ctiam
1845 3064 1884 3102 in
1905 3061 2061 3102 secunda
2086 3060 2248 3098 CdthOHe

1220 3117 1378 3156 retinuit.

1495 3165 1702 3204 Mmmz
2137 3168 2151 3195 z
2188 3156 2245 3208 Vc}
