2616 3686
471 217 482 224 ‘
544 201 947 257 'LIBER
1016 200 1092 248 11.
1159 199 1729 250 EPISTOLA
1795 201 1902 249 XI.

2203 224 2294 275 125¹

192 299 359 356 nelius
383 290 608 346 Tacitus
635 285 812 342 adesse
838 279 850 299 ¹
872 280 1288 357 provincialibus
1316 288 1332 307 ²
1337 279 1488 350 jusfi,
1523 279 1933 333 existimavimus
1949 279 2070 337 fidei
2086 284 2293 340 nostrae

194 355 477 425 convenire
500 401 517 423 ‚
567 373 758 414 notum
797 357 993 412 senatui
1040 355 1218 408 facere
1242 391 1258 416 ,
1309 349 1582 407 excessisse
1609 350 1845 405 Priscum
1885 353 2212 410 immanitate
2237 358 2294 410 gc

192 431 400 495 saevitia
434 433 658 489 crimina
679 468 697 495 ‚
754 427 941 500 quibus
970 429 984 455 ³
1010 425 1121 481 dari
1142 425 1355 496 judices
1378 423 1586 491 poffent
1615 460 1629 482 ‚
1670 438 1836 492 quum
1873 421 1943 500 ob
1979 425 2295 481 innocentes

191 513 210 539 ⁴
229 505 698 564 condemnandos,
736 503 750 531 ⁵
775 498 1180 554 interficiendos
1208 498 1397 558 etiam,
1434 495 1684 567 pecunias
1715 492 2010 563 aeceplss'et.
2049 497 2294 566 Respon-

192 582 272 638 dit
300 581 318 604 ⁶
342 579 547 634 Fronto
569 574 783 631 Catius,
822 570 1242 642 deprecatusque
1267 567 1369 622 est:
1408 585 1477 622 ne
1502 565 1633 637 quid
1661 567 1793 619 ultra
1817 566 1835 592 ⁷
1869 567 2294 635 repetundarum

192 655 368 722 legem
392 658 759 719 quaereretur,
796 642 1089 713 omniaque
1116 643 1337 696 actionis
1361 640 1479 694 suae
1506 640 1523 665 ⁸
1551 639 1663 691 vela
1689 644 1766 691 vir
1793 638 2183 694 movendarum
2221 643 2294 695 la-

194 736 489 795 crymarum
527 714 862 788 peritiffimus
885 753 903 778 ,
961 714 1198 786 quodam

191 936 230 974 in
250 943 334 971 eum
353 925 494 978 Judices
515 942 535 969 a
558 925 689 968 Senatu
701 927 859 978 petendi.
889 928 1006 967 IDEM.
1032 924 1200 978 Bongars.

192 985 232 1023 &
263 981 458 1020 Helmstai.
490 981 611 1019 iudices
637 982 759 1029 petit3
809 981 939 1018 Oxon.
973 981 1011 1018 ὅ(
1039 980 1152 1017 Arnz.
1180 993 1200 1018 a

189 1035 301 1083 prima
322 1042 456 1069 manu:
479 1032 600 1070 iudices
621 1031 713 1079 cepit.
736 1031 841 1068 male.

239 1106 253 1131 1
287 1089 598 1139 Provincialibm]
629 1092 737 1129 Afris.
766 1090 847 1129 Fuit
870 1092 969 1129 enim
985 1091 1110 1130 Africa
1122 1088 1201 1139 post

190 1140 344 1181 deletam
368 1143 626 1189 Carthaginem
649 1140 791 1178 redacta
813 1143 851 1178 in
876 1141 1035 1178 formam
1049 1143 1200 1190 provin-

189 1196 264 1232 ciae
288 1220 298 1236 ‚
346 1192 482 1230 sublatis
516 1192 673 1239 Regibus
707 1193 746 1229 Sc
777 1192 934 1228 aliorum
973 1193 1200 1241 principatu,

186 1244 303 1294 paruit
325 1243 502 1280 Romanis
524 1243 658 1290 legibus
681 1242 916 1290 &judicibus
940 1271 950 1286 ‚
987 1241 1125 1280 tributis
1148 1245 1203 1281 in-

187 1294 288 1342 super
311 1291 493 1341 impoiitis.
522 1293 639 1341 Quod
662 1301 800 1340 praeter
826 1291 1003 1329 Orofium
1027 1294 1117 1330 &T
1121 1296 1200 1331 acit.

187 1343 312 1383 Caesar
337 1344 416 1380 Lib.
439 1342 526 1380 VII.
548 1344 629 1381 beili
651 1343 780 1380 Ganci
803 1342 921 1380 docet.
961 1343 1115 1381 Canu.

238 1419 260 1444 2
288 1406 421 1457 Just]
451 1410 584 1448 Solitos
608 1410 682 1447 dari
704 1417 877 1456 patronos
899 1409 1040 1457 publice
1064 1416 1202 1457 praeter

186 1458 396 1497 Secundum
418 1459 572 1498 ostendit
595 1460 650 1497 M.
673 1459 723 1495 T.
746 1470 813 1507 pro
835 1459 1004 1496 Murena.
1035 1459 1095 1496 An
1119 1462 1203 1508 quia

186 1517 275 1547 tunc
305 1510 396 1547 Piin.
428 1518 503 1548 erat
535 1508 736 1559 praesentis
768 1510 906 1545 aerario
956 1510 1096 1546 Saturni
1124 1537 1134 1552 ‚
1164 1511 1203 1547 &

186 1557 273 1596 idco
307 1560 476 1597 omnibus
521 1558 821 1596 advocationibus
866 1559 1093 1596 renunciavit
1115 1586 1125 1602 ,
1163 1568 1205 1596 ut

187 1616 273 1645 toto
295 1607 460 1655 delegato
485 1608 546 1646 fibi
569 1607 693 1645 officio
716 1614 859 1643 vacaret
883 1605 899 1641 ?
925 1605 1039 1644 Unde
1061 1608 1137 1656 ipso
1159 1610 1205 1647 ad

190 1658 397 1708 Trajanum
421 1658 599 1696 referente
628 1686 638 1701 ‚
675 1668 759 1693 cum
781 1664 976 1704 patronum
998 1655 1032 1692 se
1055 1660 1204 1706 provin-

191 1709 295 1745 ciales
330 1707 507 1757 optassent
539 1718 665 1746 contra
701 1706 861 1743 Marium
893 1707 1075 1751 Priscum,
1103 1710 1205 1756 petiit

190 1758 298 1809 hujus
322 1761 481 1796 muneris
503 1760 649 1796 veniam
665 1786 676 1802 ‚
704 1757 960 1804 &impetravit
974 1784 984 1799 ‚
1011 1768 1098 1794 nam
1105 1759 1204 1806 juffit

194 1810 346 1847 Senatus
378 1817 418 1845 ut
451 1817 582 1857 ageret.
632 1808 776 1846 IDEM.
812 1807 915 1854 Lege
947 1806 1137 1845 Budaeum
1159 1809 1205 1848 ad

193 1859 365 1897 Pande&
389 1870 468 1907 pag.
490 1871 572 1908 239.
601 1859 751 1897 Banu.

245 1931 264 1968 3
298 1919 388 1955 Dari
408 1917 578 2004 judland]
629 1920 735 1966 Quos
751 1919 879 1968 judicii
901 1919 1001 1957 causa
1025 1919 1207 1969 deIegisset

198 1969 358 2006 Senatus.
389 1969 484 2005 Nam
502 1970 545 2017 ju
572 1970 641 2006 ices
664 1967 837 2006 dabantur
860 1980 880 2005 a
895 1970 1029 2008 Senatu
1052 1971 1090 2008 iu
1103 1972 1206 2009 rebus

195 2019 419 2058 tenuioribus
441 2019 479 2057 δε
500 2019 682 2066 ambiguis.
712 2019 744 2056 C
758 2032 781 2056 A
795 2033 818 2057 τ
834 2033 854 2057 Α
869 2032 906 2057 N.

244 2082 266 2116 4
294 2068 623 2117 Condemnandos.j
654 2068 696 2106 In
718 2070 868 2108 exilium
881 2070 1111 2110 detrudendo
1126 2100 1136 2117 ,
1163 2079 1206 2109 ut

195 2118 370 2169 Equitem
392 2119 605 2157 Romanum
627 2131 756 2157 unum.
784 2121 900 2159 IDEM.

249 2184 265 2218 ς
300 2169 589 2219 litterficiendos.]
629 2171 685 2208 Ut
707 2170 844 2219 septem
869 2173 944 2221 ejus
967 2174 1105 2212 amicos
1120 2202 1130 2219 ‚
1170 2175 1208 2211 &

195 2221 352 2258 alter-um
376 2222 536 2270 equitem
559 2221 673 2258 Rom.
701 2220 814 2260 lor-zm.

245 2273 267 2305 6
300 2276 423 2311 Fronto
445 2270 604 2319 Catius.]
635 2277 823 2310 Frontones
845 2274 981 2312 multos
995 2273 1096 2312 fuisse
1109 2276 1207 2324 lego.

194 2321 292 2358 Nam
328 2322 505 2359 Frontonis
539 2332 623 2359 cum
659 2322 752 2360 Tito
774 2324 932 2361 amicitia
949 2324 1136 2371 conjuntsti
1158 2327 1208 2363 bis

193 2373 364 2409 meminit
386 2372 529 2421 Joseph.
553 2373 591 2408 &
613 2370 774 2409 Tacitus.
827 2373 922 2416 Julii
959 2376 1138 2412 Frontonis
1171 2377 1208 2411 In

192 2422 296 2458 rebus
321 2423 505 2460 Othonis:
537 2422 576 2458 ὅ(
599 2422 770 2458 Licinium
794 2428 1004 2459 Frontonem
1033 2423 1207 2461 monstrat

191 2470 278 2519 Uip.
304 2471 403 2509 fuisse
427 2473 488 2510 sub
511 2470 738 2520 Imperatore
762 2472 969 2510 Antonino.
999 2478 1206 2511 Frontonem

194 2521 394 2558 Consulem
418 2523 478 2559 sub
502 2522 624 2558 Nerva
647 2523 751 2559 Di0n
776 2551 786 2567 ,
824 2533 935 2571 quem
967 2522 1140 2561 Martialis
1169 2528 1208 2564 ὅ(

189 2570 284 2609 beno
307 2573 345 2609 &
367 2583 454 2620 pace
478 2573 613 2609 ciarum
636 2572 824 2621 praedicat.
878 2571 960 2610 Fuit
982 2574 1086 2621 igitur
1120 2579 1206 2612 Cor-

194 2620 300 2659 nelias
324 2628 449 2658 Fronto
474 2623 600 2658 Catius
622 2632 743 2659 orator
765 2622 999 2661 nobilissimus
1024 2652 1035 2667 ‚
1065 2624 1205 2662 Roma·

193 2681 260 2708 nae
283 2673 514 2721 eloquentiae
537 2684 613 2708 non
638 2672 834 2710 secundum
851 2701 862 2717 ,
892 2673 950 2711 sed
971 2674 1125 2711 alterurn
1140 2675 1203 2713 de-

196 2729 254 2758 cus
276 2722 511 2771 (quanquam
535 2724 582 2760 iili
608 2723 815 2760 Macrobius
838 2722 973 2761 siccum
986 2723 1128 2762 dicendi
1139 2736 1203 2774 ge-

197 2778 261 2807 nus
305 2771 472 2818 ascribat)
514 2774 697 2811 Antonini
732 2773 940 2823 Philosophi
978 2784 1204 2825 praeceptor.

1235 1351 1247 1854 ἃ
1278 1348 1552 1390 repetundarum
1587 1345 1642 1382 Iex
1674 1345 1834 1392 primum
1860 1355 1879 1380 a
1904 1344 1950 1380 L.
1972 1344 2101 1382 Pisone
2125 1345 2300 1384 Tribuno

1241 715 1387 770 velut
1426 724 1591 766 vento
1625 708 1974 764 miserationis
2032 713 2294 836 imlpdlevit.

2162 803 2295 856 agna

1276 927 1315 965 &
1360 924 1633 975 sepulchrorum
1671 921 1821 970 antiqua
1860 921 2038 970 epitaphia
2053 949 2063 965 ,
2093 932 2188 971 quae
2226 933 2296 962 nos

1276 978 1451 1014 Veronae
1486 974 1694 1016 interdum,
1721 971 1781 1009 sed
1801 972 1891 1008 inter
1929 972 2090 1009 Insubres
2125 973 2299 1022 frequen-

1276 1028 1345 1065 tius
1365 1028 1624 1064 annotavimus
1638 1051 1647 1067 ‚
1674 1022 1861 1071 hodieque
1885 1022 2070 1059 Novati-ae
2083 1024 2298 1072 ampiiffima

1277 1077 1411 1115 familia
1433 1077 1533 1126 parili
1565 1081 1821 1123 cognomento
1855 1072 1967 1110 durat.
1996 1072 2050 1109 In
2066 1086 2139 1110 EM.
2193 1074 2298 1114 Alios

1278 1126 1398 1165 Codd.
1422 1135 1551 1165 Fronto
1574 1124 1720 1176 captim
1741 1124 1876 1162 habere
1890 1151 1900 1168 ,
1928 1122 2119 1162 adnotavit
2132 1124 2301 1176 Linden7

1275 1179 1432 1226 brogius.

1328 1252 1346 1288 7
1377 1245 1664 1292 Repettqndarum
1688 1241 1835 1292 legem]
1876 1241 1937 1281 Ne
1972 1241 2018 1280 de
2041 1244 2143 1282 rebus
2166 1244 2301 1295 capitass

1277 1291 1366 1331 iibus
1385 1303 1552 1341 ageretur
1567 1324 1577 1339 ‚
1604 1295 1662 1333 sed
1684 1302 1828 1331 tantum
1853 1293 1899 1331 de
1931 1295 2150 1341 repetundis.
2204 1298 2299 1334 Lata

1276 1392 1367 1439 pleb.
1389 1395 1446 1431 alii
1469 1405 1489 1430 a
1510 1395 1654 1433 Manlio
1678 1394 1800 1431 Acilio
1823 1394 2032 1431 Glabrione.
2085 1395 2253 1435 Domum
2278 1407 2300 1435 a

1275 1440 1372 1486 JuIio
1397 1444 1548 1482 Caesare
1568 1447 1628 1482 lex
1661 1444 1752 1490 Julia
1781 1444 2066 1492 repetundarum
2097 1449 2297 1494 appellata,

1279 1503 1373 1539 quae
1394 1495 1550 1540 pertinet
1572 1494 1619 1532 ad
1642 1505 1700 1532 eas
1724 1494 1893 1542 pecunias
1909 1521 1919 1537 ‚
1947 1505 2034 1542 quas
2057 1498 2136 1543 quis
2159 1497 2197 1534 in
2220 1510 2299 1536 ma-

1280 1540 1424 1587 gistratu
1439 1570 1449 1586 ‚
1476 1544 1675 1593 potestate,
1704 1545 1892 1581 curatione
1906 1544 2112 1591 ‚legatione
2125 1547 2207 1590 ,vel
2219 1560 2298 1598 quo

1280 1591 1352 1628 alio
1373 1592 1498 1631 officio
1515 1623 1526 1639 ‚
1547 1606 1702 1632 munere
1715 1593 1962 1632 ministeriove
1983 1596 2128 1643 publico
2147 1607 2300 1657 accfpe-

1279 1642 1347 1685 rit,
1376 1644 1433 1680 vel
1468 1656 1513 1681 ex
1546 1646 1700 1682 cohorte
1727 1645 1828 1693 cujus
1861 1655 1991 1681 eorum
2026 1645 2075 1682 est
2101 1674 2112 1690 ‚
2138 1647 2199 1685 vel
2220 1660 2299 1698 quo

1279 1692 1392 1739 magis
1429 1702 1491 1730 aut
1527 1695 1649 1732 minus
1685 1694 1774 1743 quid
1812 1705 1857 1732 ex
1904 1694 1969 1731 suo
2000 1694 2125 1734 officio
2163 1697 2301 1739 fecerit,

1282 1741 1470 1780 Marcellus
1493 1753 1537 1782 (3·
1560 1744 1756 1791 Venulejus.
1797 1744 1870 1781 Alii
1903 1744 2047 1784 brevius
2081 1748 2301 1790 circumscri-

1275 1790 1375 1839 psere
1389 1820 1400 1837 ‚
1425 1794 1546 1841 Iegem
1569 1794 1854 1844 repetundarum
1866 1794 1975 1832 latam
1989 1795 2059 1833 effe
2072 1806 2197 1836 contra
2212 1806 2301 1849 eos‚'

1277 1843 1340 1891 qui
1371 1843 1407 1879 in
1441 1844 1649 1892 magistratu
1680 1846 1852 1894 pecunias
1877 1873 1886 1889 ,
1925 1846 1985 1884 vel
2018 1848 2054 1885 vi
2089 1849 2148 1886 vei
2173 1849 2300 1893 fraude

1277 1891 1503 1932 abstulissent.
1533 1895 1636 1932 Ultra
1661 1894 1806 1945 legem]
1836 1896 1940 1933 Ultra
1972 1896 2214 1947 quadruplum
2251 1915 2299 1942 ex

1279 1943 1359 1991 Iege
1408 1945 1644 1984 constitutum
1675 1976 1685 1992 ,
1750 1958 1963 1996 quanquam
2023 1949 2216 1987 Marcellus
2254 1954 2301 2001 ffl

1281 1993 1465 2033 XLVIII.
1501 1996 1595 2035 dicat
1629 2009 1707 2034 non
1730 1995 1833 2035 fuisse
1873 2005 2009 2034 certam
2043 2010 2201 2046 poenam
2237 2002 2302 2041 da-

1280 2047 1410 2084 mnatis
1440 2047 1724 2096 repetundarum
1759 2047 1991 2085 constitutam
2006 2063 2017 2092 ς
2059 2048 2120 2086 sed
2155 2054 2299 2102 puniri,

1280 2096 1338 2133 vel
1371 2099 1480 2135 exilio
1502 2127 1512 2143 ‚
1550 2099 1610 2136 vel
1643 2101 1753 2136 etiam
1787 2098 1907 2136 durius
1940 2107 2048 2147 prout
2070 2100 2300 2143 admiiiffent.

1279 2145 1382 2194 Quid
1405 2150 1504 2186 enim
1527 2147 1552 2185 st
1576 2149 1624 2186 ob
1645 2150 1839 2187 hominem
1865 2149 2070 2187 necandum
2105 2156 2298 2199 pecuniam

1278 2201 1507 2246 acceperint:
1538 2199 1622 2244 vel,
1649 2200 1733 2237 licet
1754 2210 1832 2235 non
1854 2202 2083 2248 acceperint,
2111 2202 2230 2240 calore
2243 2211 2297 2242 ta-

1279 2257 1367 2284 men
1391 2249 1530 2287 induffi
1552 2250 1799 2288 interfecerint
1823 2249 1837 2284 ?
1866 2249 1921 2286 vel
1945 2251 2182 2288 innocentem
2199 2281 2209 2295 ‚
2237 2256 2297 2294 vel

1279 2307 1392 2344 quem
1427 2302 1555 2348 punire
1588 2310 1665 2336 non
1698 2299 1893 2336 debuerant
1925 2298 1941 2334 ?
1969 2301 2084 2347 capite
2107 2301 2213 2348 plceti
2235 2303 2299 2343 de-

1278 2345 1388 2390 bem,
1415 2350 1475 2386 vel
1496 2351 1532 2386 in
1556 2349 1708 2386 insulam
1734 2348 1927 2396 deportari.
1956 2349 1988 2385 C
2004 2361 2025 2384 Α
2040 2363 2062 2386 T
2079 2363 2100 2385 A
2116 2362 2149 2387 N.
2200 2354 2298 2391 Ver..

1278 2394 1366 2432 bum
1390 2409 1614 2445 quaereretur
1639 2397 1817 2435 illustrabit
1840 2398 2005 2436 Budaeus
2038 2399 2179 2438 Adnot.
2200 2403 2297 2443 Post.

1281 2443 1325 2480 ad
1347 2446 1521 2484 Pandec‘t.
1540 2459 1620 2496 pag.
1644 2461 1699 2494 74.
1728 2448 1755 2484 B
1769 2460 1790 2484 A
1804 2461 1829 2484 R
1848 2461 1870 2485 T
1888 2460 1924 2485 rt.
1952 2449 2032 2487 Nos
2056 2451 2234 2498 quaedam
2250 2456 2298 2493 ad

1282 2494 1411 2532 Sallust.
1437 2497 1514 2544 lug.
1548 2509 1623 2546 cap.
1646 2498 1784 2534 XXXI.
1807 2510 1842 2535 n.
1866 2510 1899 2545 7.

1278 2556 1364 2582 nam
1388 2547 1614 2595 quaestiones
1637 2547 1778 2586 habitae
1792 2548 1890 2597 sunt.

1328 2611 1348 2647 8
1378 2611 1532 2648 Vela...
1557 2619 1672 2648 vento
1698 2611 1927 2661 miserationis
1950 2611 2157 2666 implevit]
2189 2617 2297 2658 Cice.

1278 2670 1318 2696 ro
1343 2661 1409 2697 IV.
1434 2661 1580 2698 Tuscul.
1605 2672 1680 2710 cap.
1702 2663 1752 2699 V.
1777 2661 1999 2699 &merebam
2011 2663 2140 2711 igitur,
2168 2678 2297 2707 utrum

1270 2711 1463 2758 panderem
1487 2713 1566 2749 vela
1589 2713 1742 2750 orationi
1759 2691 1886 2758 chitim
1902 2741 1911 2756 ,
1938 2725 1986 2748 an
2005 2727 2080 2750 eam
2095 2728 2178 2754 ante
2210 2721 2296 2756 aul-

1278 2760 1391 2797 lulum
1414 2761 1669 2799 dialceticorum
1694 2763 1800 2800 remis
1817 2761 2047 2811 propellerem.
2076 2765 2145 2803 Sed
2157 2779 2294 2808 accun-

1951 2505 1996 2536 ln
2011 2499 2145 2549 plebem
2167 2510 2298 2543 Roma.

198 2816 298 2857 Dion
319 2820 458 2859 restatur
480 2824 517 2860 in
540 2823 705 2861 Adriano
727 2824 923 2872 plurimum
959 2823 1137 2871 floruisse,
1166 2828 1205 2865 ὃς
1279 2809 1343 2849 dus
1366 2811 1414 2849 est
1437 2812 1483 2849 de
1503 2812 1570 2850 1²³⁶
1593 2813 1805 2861 memphffl‘a
1829 2813 1975 2850 TOffiUS
1997 2814 2041 2850 ad
2076 2815 2294 2866 Longinum

202 2867 328 2924 Pfimqs
356 2873 394 2908 in
424 2873 570 2920 agendis
602 2872 712 2911 causis
744 2882 860 2922 partes
891 2873 1071 2912 habuiffe:
1101 2877 1202 2925 cujus

205 2913 371 2957 Caemiius
401 2922 480 2960 aiibi
503 2951 514 2967 ,
552 2925 590 2961 &
609 2924 792 2970 Juvenalis
814 2925 850 2962 in
868 2924 901 2967 I.
923 2926 1047 2972 Satyra
1070 2929 1203 2965 merni-

206 2972 342 3002 nerunt.
364 2969 494 3023 Neque
516 2974 646 3022 ignoro
667 2974 869 3023 Uipianum
893 2975 938 3012 de
949 2976 1102 3020 Poenis,
1131 2984 1202 3014 tra-

206 3009 290 3064 dere
322 3014 418 3057 Julw
453 3023 610 3060 Frontoni
631 3024 833 3073 rescripfiffe
860 3025 1076 3063 Adrianum.
1129 3033 1201 3064 Ca-

1281 2858 1601 2950 ἰι-ῧςὶΕὸιῇξςῖςζζρ.
1636 2863 1698 2940 D}
1720 2875 1755 2900 n.
1777 2862 1977 2919 21„Adde·
1993 2873 2119 2922 noran]
2143 2867 2189 2905 ad
2213 2869 2296 2910 Lib.

1279 2925 1533 3012 iori‘squ{³¹vieiis
1553 2924 1710 3010 totiffib'e
1732 2919 1862 3001 olem?
1865 2914 2144 3014 ‘isfuP'grgfftsi-'a'nf
2145 2919 2295 3007 '3⁴21ssss

1276 3012 1358 3050 stad.
1384 3015 1422 3050 &
1444 3013 1640 3055 Lindenbr.
1663 3015 1744 3052 viro
1765 3014 2029 3054 movendarum
2049 3015 2294 3066 lacrymarum

205 3071 333 3112 ’ΜΨ
353 3073 567 3125 “Quomma
587 3074 816 3122 vetustiffima
835 3075 1007 3131 testanttu·
1017 3076 1202 3127 scriptores
1277 3063 1498 3112 petitiffimo.

1570 3129 1660 3179 Q3

2114 3141 2129 3168 1
2164 3129 2294 3179 Cogni-
