2616 3686
322 202 417 254 186

672 342 773 400 111.

576 203 638 251 C.
705 198 1092 252 PL¹1N11
1159 197 1669 252 CAECILII
1735 197 2247 254 SECUNDI

845 341 912 399 C.
991 343 1417 399 Pniuius
1490 341 2099 400 Corinthiae

1018 443 1634 500 Hispuinan
1707 441 1760 497 S.

339 579 571 637 Corellia
610 581 860 654 Hispulla
888 617 902 642 ‚
956 580 1179 633 Corellio
1217 580 1271 636 ὅ
1312 578 1566 651 Hispulla
1596 579 1815 653 genita,
1864 576 2238 646 adoleftentem
2262 580 2444 651 filium

414 654 550 708 domi
588 655 906 713 erudiebat;
949 651 1208 706 Secundus
1260 652 1433 724 igitur
1482 652 1604 704 olim
1653 651 1880 706 Corellio
1919 652 2082 721 patri
2119 654 2446 722 arnictffi'mus

410 745 522 780 eam
560 740 726 780 monet
747 726 875 796 jam
926 724 1132 778 rhetori
1178 722 1512 778 excolendum
1561 723 1776 779 tradere
1810 761 1825 788 ,
1884 723 2092 791 Julium
2142 726 2447 783 Genitorem

422 801 566 854 inter
602 811 834 853 caeteros
859 798 1170 870 profeffores
1206 798 1354 850 unice
1384 796 1628 868 probans.

487 936 531 992 U
554 957 597 991 M
626 949 828 1007 patrem
862 950 1014 990 tuum
1035 974 1049 998 ‚
1091 932 1456 1007 graviffimum
1487 931 1538 986 &
1569 928 1945 986 sanctissimum
1971 934 2178 999 virum,
2205 937 2451 1006 suspexe-

345 940 585 1079 Crim
615 1010 779 1081 magis
803 1026 867 1063 an
894 1009 1181 1064 amaverim
1209 1007 1451 1062 dubitem
1480 1022 1492 1060 ε
1548 1018 1712 1076 teque
1739 1002 1790 1056 8<
1821 1007 1873 1057 in
1897 1010 2218 1065 memoriam
2245 1009 2355 1081 ejus
2395 1011 2452 1066 δε

344 1089 358 1109 “
384 1089 438 1141 in
466 1087 733 1139 honorem
759 1097 912 1137 tuum
939 1082 1098 1136 unice
1122 1081 1367 1152 diligam:
1409 1079 1620 1149 cupiam
1650 1076 1858 1132 neceffe
1884 1077 1988 1139 est,
2028 1081 2225 1206 (aque
2263 1086 2455 1150 etiam,

2121 1155 2140 1206 1
2164 1171 2189 1206 a

341 1160 682 1230 quantumin
708 1173 792 1210 me
820 1155 1009 1218 fuerit,
1049 1153 1251 1221 enitar)
1288 1167 1346 1208 ut
1377 1152 1511 1207 filius
1537 1165 1658 1205 tuus
1683 1166 1786 1205 avo
1817 1150 1990 1204 limilis
2029 1152 2113 1206 exi

2193 1167 2214 1207 t
2241 1171 2254 1208 ε
2302 1157 2454 1227 equi-

344 1233 475 1287 dem
510 1231 651 1284 malo
684 1242 928 1284 materno
957 1252 971 1290 ς
1012 1244 1318 1301 quanquam
1358 1227 1427 1280 illi
1463 1239 1716 1296 paternus
1741 1224 1904 1277 etiam
1931 1224 2099 1278 clarus
2134 1226 2151 1245 ²
2174 1225 2457 1297 spec-tatus-

216 1288 221 1291 .
271 1331 302 1366 2
345 1322 453 1378 que
478 1305 789 1372 contigerit.
847 1302 1003 1356 Pater
1030 1317 1250 1373 quoque
1276 1300 1330 1353 δε
1359 1312 1574 1369 patruus
1601 1294 1783 1350 illustri
1812 1295 1967 1350 laude
1992 1295 2303 1368 conspicui,
2340 1305 2458 1371 qui.

347 1378 444 1433 bus
470 1377 716 1430 omnibus
742 1376 812 1427 ita
838 1374 1059 1428 demum
1086 1371 1261 1426 similis
1289 1370 1555 1425 adolescet
1582 1407 1599 1431 ‚
1647 1368 1682 1422 fi
1720 1368 1958 1423 imbutus
1991 1369 2220 1424 honestis
2260 1373 2460 1431 artibus

274 1471 297 1520 3
346 1449 538 1511 fuerit,
578 1464 708 1520 quas
734 1446 1018 1516 plurimum
1045 1443 1243 1508 refert,
1281 1463 1309 1499 a
1334 1461 1446 1517 quo
1472 1439 1802 1514 potissimum
1839 1440 2079 1512 accipiat.
2158 1443 2359 1501 Adhuc
2399 1447 2463 1503 il-

345 1525 457 1579 lum
485 1521 743 1592 pueritiae
770 1521 907 1573 ratio
935 1520 1071 1573 intra
1097 1517 1517 1572 contubernium
1544 1528 1700 1568 tuum
1725 1514 1927 1576 tenuit,
1961 1529 2337 1585 praeceptores
2361 1518 2462 1576 do-

344 1597 420 1652 mi
459 1594 641 1650 habuit
670 1632 685 1656 ,
735 1589 826 1646 ubi
864 1590 939 1645 est
972 1593 1055 1646 vel
1100 1590 1376 1645 erroribus

1413 1587 1430 1614 ³
1462 1586 1675 1642 modica
1715 1623 1730 1648 ‚
1768 1585 1852 1639 vel
1879 1586 2038 1640 etiam
2063 1588 2201 1643 nulla
2227 1594 2462 1652 materia.

338 1669 461 1740 Jam
500 1667 664 1722 studia
706 1663 818 1731 ejus
847 1667 863 1692 ⁴
903 1677 1054 1719 extra
1091 1664 1253 1717 limen
1283 1660 1608 1734 proferenda
1631 1658 1781 1719 sunt,
1820 1655 1928 1727 jam
1955 1662 2466 1734 circumspiciendus

350 1742 362 1766 ⁵
388 1743 573 1798 rhetor
602 1739 862 1798 Latinus,
901 1737 1050 1806 cujus
1077 1736 1288 1792 scholae
1317 1735 1564 1793 severitas
1593 1771 1611 1798 ,
1656 1726 1675 1750 ⁶
1698 1728 1878 1804 pudor
1897 1770 1913 1797 ,
1960 1732 2203 1805 inprimis
2263 1737 2466 1799 castitas

2339 1831 2480 1870 COR·

390 1940 418 1983 v1
452 1949 492 1981 In
523 1942 689 1980 honorem
720 1951 836 1978 tuum.
859 1937 876 1989 ]
908 1939 1004 1980 Cum
1029 1948 1067 1978 te
1086 1927 1372 1979 bonorem-vel
1448 1935 1518 1976 Sed
1538 1935 1620 1973 talia
1643 1940 1785 1973 veteres
1806 1946 1886 1972 non
1906 1933 2105 1973 adtendere
2128 1962 2139 1979 ‚
2164 1934 2323 1984 pluribus
2345 1938 2471 1982 docuit

346 1997 406 2035 ubi
428 1996 545 2045 agitur
567 1994 612 2032 de
636 1994 780 2031 honore
802 2000 878 2030 tuo,
908 1992 980 2030 Alii
1001 1993 1151 2042 legunt,
1180 1991 1283 2042 quod
1296 2003 1373 2030 non

347 2048 524 2098 improbo
538 2074 548 2090 ,
575 2055 620 2083 (Υ
639 2046 678 2081 in
701 2044 906 2081 memoriam
925 2044 998 2091 ejus
1022 2046 1059 2082 &
1082 2042 1246 2081 honorem
1266 2055 1370 2080 tuum

346 2100 444 2137 unice
464 2098 613 2145 diligam
629 2124 639 2140 ,
661 2094 708 2132 fic
730 2096 829 2132 enim
855 2093 893 2132 fit
915 2095 1041 2132 clarior
1063 2093 1189 2133 sensus.
1218 2095 1371 2132 Canu.

348 2150 405 2188 Ex
430 2148 556 2186 nostris
580 2146 780 2184 Helmstad.
803 2157 904 2195 teque
925 2146 963 2182 &
986 2146 1023 2182 in
1046 2145 1255 2183 memoriam
1277 2146 1347 2182 eius
1363 2174 1373 2190 ,

349 2204 388 2240 ὃ(
410 2202 447 2239 in
471 2199 635 2236 honorem
657 2208 771 2234 tuum.
802 2197 853 2234 At
877 2196 1041 2234 Riccard.
1064 2197 1249 2244 ceterique
1278 2196 1374 2244 prius

347 2264 392 2291 ω’
415 2252 616 2292 omittunt,
645 2257 685 2286 ut
707 2249 742 2286 in
763 2247 823 2286 tali
845 2247 1063 2297 repetitione
1086 2248 1216 2286 librarii
1248 2247 1376 2296 saepis-

348 2302 439 2341 sime
466 2303 674 2351 peccarunt.

398 2365 421 2391 2
454 2348 730 2403 vecturasque]
761 2350 826 2387 Uti
850 2349 1049 2386 Horatius:
1069 2347 1378 2398 speHatumsatis.

348 2405 504 2443 Burri-i.
537 2406 683 2440 Locum
708 2402 848 2444 innuit,
875 2400 1051 2443 arbitror,
1082 2400 1161 2438 Lib.
1186 2397 1377 2448 1.Epist.1.

352 2468 403 2494 vs.
426 2470 460 2494 2.
485 2455 545 2493 ubi
561 2454 736 2504 [perflatus
761 2451 809 2490 est
832 2452 1002 2500 probatus
1027 2450 1304 2500 &perspestu52
1333 2449 1379 2489 de

378 2518 425 2544 ua
465 2508 621 2544 notione
650 2502 768 2540 nostra
804 2511 916 2551 agunt
950 2501 995 2539 ad
1028 2501 1160 2539 Sallust.
1195 2502 1275 2540 Cat.
1301 2512 1378 2551 cap.

351 2518 438 2595 {K
463 2569 497 2595 n.
521 2569 554 2593 2.
585 2553 654 2593 Sed
678 2554 736 2591 hic
760 2565 828 2602 pro
851 2554 963 2591 nobili
989 2581 999 2597 ,
1029 2554 1250 2601 conspicuo,
1280 2554 1318 2590 &
1341 2553 1381 2590 il-

351 2609 447 2647 lustri
470 2609 591 2657 potius
612 2606 809 2654 accipitur,
836 2614 876 2642 ut
900 2604 997 2653 apud
1020 2604 1200 2642 mainrem
1223 2604 1380 2641 Plinium

353 2660 436 2698 Lib.
463 2659 527 2696 XI.
553 2659 600 2695 Η.
628 2657 674 2694 N.
699 2667 736 2692 ca
767 2686 772 2691 .
801 2657 826 2693 I.
855 2657 1052 2706 Spectatum
1071 2654 1263 2701 artificium
1286 2682 1297 2698 ‚
1343 2657 1381 2693 ὅ(

352 2711 444 2750 infra
471 2711 550 2748 Lib.
573 2709 640 2746 VI.
665 2668 770 2756 Epiri».
794 2706 901 2744 VIII.
925 2718 958 2742 n.
986 2720 1013 2744 1.
1051 2706 1141 2754 Qis
1164 2706 1256 2743 enim
1279 2704 1383 2743 illum

356 2763 548 2810 spectatior
567 2758 686 2808 paullo
705 2770 770 2794 aut
795 2771 862 2795 non
888 2757 988 2793 novit
1003 2787 1012 2803 ‚
1040 2767 1106 2793 aut
1129 2769 1197 2793 non
1219 2767 1336 2794 amat.

411 2823 429 2858 3
465 2813 603 2849 Modica
627 2809 684 2847 vel
708 2808 809 2845 nulla
831 2808 1025 2856 maurim}
1057 2809 1090 2846 Si
1105 2807 1271 2846 bonifint
1283 2819 1386 2858 prae-

362 2870 528 2908 ceptores
544 2889 552 2904 ,
581 2862 662 2898 alias
695 2872 771 2896 non
807 2861 921 2897 mino·
964 2858 1138 2908 peccandi
1162 2860 1197 2896 in
1221 2859 1384 2903 secreto,

362 2923 474 2961 quain
527 2912 617 2946 inter
666 2910 938 2948 multitudinem
988 2910 1091 2947 datur
1127 2938 1138 2954 ,
1185 2910 1384 2949 secundum

364 2961 645 3009 Quintilianum.
685 2961 717 2995 (j
733 2973 752 2995 Α
770 2975 790 2998 ·r
809 2974 827 2995 A
844 2973 879 2997 N.
909 2960 1107 2998 Helmstad.
1134 2964 1172 2999 &
1191 2961 1303 2999 Arnz.
1326 2959 1386 2998 ubi

365 3011 410 3058 2ss
434 3008 603 3048 erroribus
628 3010 763 3044 modica
779 3038 788 3052 ,
818 3011 874 3046 vel
893 3014 999 3048 etiam
1019 3025 1053 3048 n.
1077 3025 1123 3048 m.
1143 3013 1235 3050 moti
1259 3039 1271 3056 .
1298 3011 1390 3049 arbi-

365 3072 442 3101 tror
466 3090 477 3106 ‚
525 3059 641 3106 traw‘p
658 3057 798 3095 ›litione
816 3109 818 3111 Ι
833 3060 1039 3098 Parii-sulae.
1080 3073 1164 3099 nam
1202 3064 1240 3099 &
1272 3060 1387 3100 hodie

368 3113 540 3155 mallent:
569 3108 628 3148 ubi
650 3107 693 3157 est
714 3107 889 3147 erroribus
909 3112 968 3150 vel
985 3112 1149 3155 modica,
1177 3111 1235 3150 vel
1255 3124 1330 3151 mn.
1344 3123 1390 3150 m.

1447 1986 1642 2037 Wopkens
1665 1985 1771 2023 Le&
1797 1986 1958 2024 Tullian.
1984 1986 2064 2023 Lib.
2087 1983 2113 2021 1.
2137 1997 2213 2035 cap.
2237 1987 2327 2027 VII.

1495 2078 1518 2113 4
1548 2072 1666 2103 Extra
1686 2060 2153 2113 limenproferendasunt.]
2184 2063 2292 2102 MSS.
2307 2066 2472 2109 Riccard.

1448 2118 1577 2156 Oxon.
1603 2114 1801 2155 Lindenbr.
1825 2117 1863 2152 &
1887 2112 2051 2162 Bongars.
2071 2124 2177 2150 extra
2209 2114 2316 2153 limen
2345 2119 2475 2160 confe-

1446 2168 1560 2206 renda
1575 2169 1676 2217 sunt.
1732 2165 1868 2204 Nescio
1889 2176 1933 2201 an
1970 2165 2165 2202 maluerint
2195 2165 2366 2214 efferenda
2416 2182 2475 2209 ro-

1451 2228 1529 2268 pter
1561 2230 1678 2256 extra.
1705 2217 1776 2256 Sed
1807 2229 1885 2254 non
1918 2216 2017 2254 aliter
2049 2215 2215 2253 t,1b.1x.
2239 2218 2346 2267 Epist.
2409 2222 2485 2266 iv..

1452 2281 1487 2307 n.
1509 2282 1542 2316 4.
1566 2276 1611 2308 Ut
1628 2279 1753 2319 paucos
1775 2268 1813 2305 in
1836 2267 1945 2304 lucem
1962 2267 2178 2316 famamque
2193 2271 2364 2316 provexit
2381 2301 2392 2317 ,
2417 2273 2474 2311 ita

1453 2319 1583 2358 multos
1604 2334 1624 2359 e
1646 2319 1795 2357 tenebris
1817 2328 1862 2357 <7⁹
1876 2316 2016 2368 filentio
2039 2319 2198 2366 protulit.
2238 2320 2307 2358 Sed
2329 2321 2389 2359 hic
2406 2324 2470 2360 alia

1455 2372 1564 2409 etiam
1594 2371 1750 2409 notione
1792 2369 1949 2407 verbum
1984 2369 2196 2418 proferenda
2223 2370 2316 2419 sunt
2344 2371 2471 2420 aptiffi-

1458 2433 1565 2460 mum
1594 2422 1653 2460 est.

1509 2500 1526 2535 5
1560 2485 1689 2524 Rhetor
1711 2483 1901 2534 Latinus]
1932 2485 2076 2522 Rhetor
2097 2495 2231 2531 nempe
2250 2483 2328 2531 post
2339 2482 2468 2520 Gram-

1457 2539 1646 2576 maticum.
1675 2535 1774 2574 Vide
1798 2537 1944 2574 Petron.
1973 2537 2086 2583 satyr.
2110 2534 2253 2584 princip.
2282 2531 2431 2569 Banrii.

1510 2603 1533 2639 6
1563 2603 1679 2640 pudor
1702 2601 1860 2651 inprimis
1883 2630 1893 2646 ,
1918 2600 2058 2649 castita5
2079 2593 2247 2651 ιργιβςῑ,]
2277 2594 2326 2632 Ita
2350 2595 2467 2635 dishn-

1460 2662 1578 2701 guunt
1597 2665 1740 2691 omnes.
1780 2651 1852 2690 Sed
1871 2661 1962 2702 puto
1984 2648 2068 2689 illud
2088 2648 2242 2694 inprimis
2265 2656 2348 2681 cuin
2371 2648 2468 2694 casti-

1461 2705 1546 2742 tatis
1570 2705 1752 2742 vocabulo
1776 2702 2011 2752 iungendum.
2046 2696 2205 2753 ,No-tuin
2240 2694 2286 2732 est
2307 2723 2316 2738 ‚
2357 2709 2469 2745 qmm

1461 2755 1551 2793 haec
1581 2764 1677 2793 aetas
1709 2755 1814 2793 fuerit
1845 2751 2004 2801 exposita
2031 2744 2162 2784 libidini
2195 2743 2473 2797 sceleratorum,

1464 2807 1503 2843 &
1525 2815 1801 2857 conqueruntur
1823 2804 1888 2840 viri
1909 2807 2033 2848 graves
2053 2794 2107 2832 sae
2135 2806 2154 2830 e
2177 2805 2218 2831 ea
2240 2795 2284 2834 de
2308 2808 2353 2834 re.
2405 2801 2475 2848 [gi-

1463 2865 1522 2894 tur
1549 2866 1633 2896 ante
1666 2858 1791 2894 omnia
1824 2851 1960 2900 putavit
1991 2854 2098 2883 curan
2128 2856 2189 2882 um
2215 2874 2226 2890 ‚
2254 2859 2300 2885 ne
2325 2847 2371 2885 sic
2394 2862 2477 2889 cor.

1465 2918 1662 2957 rumpatur.
1717 2902 1813 2942 Vide
1842 2901 1984 2938 Petron.
2018 2895 2131 2943 Satyr.
2166 2908 2242 2945 pag,
2287 2900 2367 2947 316·
2408 2901 2478 2945 Ed·

1467 2958 1680 2996 Bleavianae
1696 2982 1706 2997 ‚
1751 2953 1790 2990 &
1810 2947 2014 2988 Phaedrum
2038 2945 2200 2985 nostrutn
2225 2950 2303 2988 Lib.
2319 2950 2479 2993 111.F31‚,

1468 3008 1534 3046 XI.
1559 3019 1605 3044 vs.
1624 3017 1680 3052 23.
1702 3003 1741 3039 ὅ(
1761 3010 1854 3048 quae
1875 3008 1965 3035 mox
1990 2997 2231 3036 subiiciuntur.
2260 3003 2479 3043 Seuerum,

1469 3055 1748 3097 Distinc‘tionem
1772 3047 1943 3088 Scheffcii
1965 3047 2140 3099 adprobat
2168 3050 2249 3090 MS.
2282 3053 2481 3093 oxonien-

1468 3107 1512 3146 fis
1536 3108 1574 3146 ὅ(
1594 3101 1742 3157 quidam
1763 3099 1830 3139 alii.

2392 3165 2409 3195 1
2441 3159 2484 3192 ln
