2616 3686
295 205 356 265 56
519 187 2208 245 C.PL·1N11CAECIL'IISEGUNDI.

296 277 423 332 huic
452 274 656 329 nostrae
684 287 696 307 ¹
725 272 1002 327 ambitioni
1030 271 1206 324 dicam
1232 286 1295 321 an
1332 268 1580 336 dignitati
1606 303 1621 327 ‚
1660 269 2072 325 constantiffime
2111 272 2378 340 praetulit.

167 339 173 346 ’
223 356 256 399 6
306 350 487 405 Habet
522 348 691 399 aviam
727 362 1019 399 maternam
1058 343 1330 395 Serranam
1374 338 1654 390 Proculam
1695 338 1724 390 ὲ
1750 342 1766 359 ²
1791 341 2082 410 municipio
2108 343 2379 397 patavino.

305 420 456 477 Nosti
483 421 588 474 loci
615 435 810 471 mores,
857 419 1076 470 Serrana
1100 429 1277 466 tamen
1313 411 1572 462 Patavinis
1597 427 1819 482 quoque
1844 411 1857 436 ³
1884 411 2168 469 severitatis
2193 433 2379 470 exem*

302 494 449 564 plum
477 491 568 545 est.
643 489 891 559 Contigit
917 489 967 540 δέ
997 484 1286 541 avunculus
1319 483 1369 534 ei
1399 484 1418 508 ⁴
1452 481 1509 535 Ρ.
1551 482 1783 543 Acilius,
1823 482 2113 553 gravitate,
2149 488 2385 555 pruden.

306 567 407 628 tia,
446 564 553 618 fide
576 579 740 634 prope
766 560 1023 630 singulari.
1096 559 1153 610 ln
1177 554 1409 614 summa,
1444 552 1572 606 nihil
1596 555 1696 609 erit
1721 554 1776 606 in
1804 551 1816 576 ⁵
1847 554 2017 608 domo
2046 567 2155 613 tota
2185 595 2199 616 ‚
2232 559 2381 627 quod

233 646 268 696 7
315 654 422 693 non
452 636 548 690 tibi
573 651 820 703 tanquam
846 635 899 686 in
926 645 1013 683 tua
1040 629 1228 700 placet.
1306 626 1553 678 Aciliano
1577 641 1707 677 vero
1736 623 1826 695 ipsi
1863 627 2152 695 plurimum
2185 624 2204 647 ⁶
2234 631 2382 697 vigo.

316 713 411 771 ris,
451 709 504 761 &
531 706 813 759 industriae
842 743 856 767 ‚
895 717 1196 773 quanquam
1238 699 1288 751 in
1328 700 1555 772 maxima
1591 697 1928 751 verecundia.
2008 700 2387 770 Quaesturam,

314 780 682 836 Tribunatum
708 816 722 843 ,
761 772 1065 832 Praeturam
1083 768 1444 828 honestissime
1462 777 1476 803 ⁷
1494 772 1832 840 percucurrit
1855 810 1871 835 ,
1902 788 1962 824 ac
1982 770 2088 840 jam
2115 790 2212 841 pro
2229 773 2391 828 setibi
2429 828 2433 833 ,

2296 863 2391 899 ne-

372 992 391 1028 '1
423 990 668 1041 Ambitiom'.]
694 986 972 1035 Dignitatibus,
999 995 1088 1034 quae
1113 994 1183 1021 nos
1210 979 1525 1022 ambirellenduin
1537 979 1607 1017 elie
1620 980 1940 1030 Panteigaiinum
1961 982 2007 1019 de
2035 982 2141 1021 Plinii
2168 983 2282 1021 Patria
2310 994 2393 1033 pag.

319 1042 490 1081 solemus.
521 1044 676 1082 Cei-rm.
706 1031 799 1084 bed,
828 1039 851 1076 si
882 1038 1107 1074 ambitionem
1135 1035 1335 1081 inteligas,
1384 1031 1732 1080 1607.adscripserat
1753 1033 1810 1068 Cl.
1830 1033 2054 1071 Perizonius.

321 1102 362 1131 ut
375 1093 579 1132 Catanaeus
595 1093 733 1136 voluit,
770 1090 861 1139 perit
893 1091 944 1125 vis
974 1086 1217 1136 oppotitionis
1242 1086 1335 1121 inter
1432 1093 1450 1131 3
1478 1084 1683 1119 Severitatis
1713 1082 1945 1131 exemplum]
1995 1083 2216 1122 sanctissima
2237 1112 2247 1129 ,
2276 1096 2390 1134 quam

323 1144 547 1181 ambitionem
576 1147 614 1181 δε
641 1142 863 1192 dignitatem.
897 1139 968 1176 Uti
994 1150 1082 1186 ergo
1110 1137 1261 1184 dignitas
1288 1134 1333 1171 est
1377 1132 1466 1169 aliae
1505 1133 1698 1181 sequantur
1734 1133 1769 1170 in
1806 1133 2005 1174 severitate,
2070 1136 2275 1183 Exemplum
2320 1137 2391 1180 est,

321 1205 428 1231 vetus
451 1194 575 1232 honor
593 1222 602 1238 ,
639 1195 687 1230 ita
708 1191 931 1229 ambitionem
953 1199 1062 1226 vocat
1080 1189 1229 1224 inanem
1253 1185 1335 1223 stre·
1375 1183 1715 1233 quod'sequamu'r,
1741 1192 1803 1220 aut
1820 1185 1999 1221 vitemus:
2028 1184 2076 1221 est
2098 1187 2197 1223 enim
2221 1185 2290 1232 ipsa
2316 1198 2368 1223 res
2384 1213 2395 1230 ,

321 1245 439 1292 pirum
473 1246 510 1282 &
539 1244 758 1282 adfediatam
788 1242 1043 1288 dignationem
1072 1240 1110 1276 ὃ(
1138 1239 1322 1274 honorem
1376 1246 1487 1283 quain
1511 1237 1723 1277 imitamur,
1751 1244 1811 1271 aut
1831 1233 1853 1271 si
1877 1236 1949 1272 sors
1970 1235 2174 1280 itatuletit,
2202 1237 2398 1276 evitamus.

322 1294 423 1333 Vide
445 1322 455 1340 ,
499 1307 595 1344 quae
630 1303 804 1333 notamus
827 1284 886 1331 ‘ad
926 1293 1068 1329 Lucan.
1106 1289 1190 1326 Lib.
1215 1287 1260 1325 X.
1287 1299 1338 1325 vs.
1379 1286 1607 1333 Pomponius
1626 1285 1764 1322 auctor.
1794 1286 1949 1322 Canu.
2006 1286 2215 1325 Confirmes
2236 1287 2319 1325 licet
2346 1299 2393 1324 ex

321 1345 410 1393 483·
1378 1336 1479 1374 dietis
1500 1335 1544 1374 ad
1570 1337 1712 1374 Lucani
1735 1336 1818 1376 Lib.
1841 1335 1908 1374 111.
1932 1347 1981 1377 vs.
2005 1347 2090 1386 730·

374 1464 583 1503 Ambitiosa
602 1466 735 1503 demus.
1428 1448 1678 1502 Exemplum,
1704 1467 1772 1491 mn
1795 1452 1891 1492 miles
1905 1464 1994 1491 erat.

323 1579 379 1619 Ita
408 1579 489 1617 aiibi
517 1575 701 1626 ambitiosa
725 1583 936 1624 paup-mas,
965 1574 1055 1611 stem
1076 1570 1259 1617 ’,πῶυ-ψ,
1272 1569 1336 1615 f„-
1378 1554 1471 1591 Mox
1496 1554 1607 1592 Arnz.
1632 1555 1859 1593 Contulit&
1876 1554 2206 1613 aewestan-male.
2226 1555 2395 1596 Riccard.

322 1635 464 1680 colaque
484 1628 642 1665 amicitia
672 1655 682 1670 .
719 1628 757 1664 δε
788 1627 854 1663 alia
886 1626 998 1673 plura.
1050 1624 1241 1672 Perspicue
1273 1630 1337 1657 co·
1374 1605 1589 1649 “v‘’n‘ulu‘·
1612 1604 2009 1662 ‚¹¹‚ts01eb2m,2¹¹¹¹q'·¹¹·

325 1681 476 1728 gnoi'cas
495 1679 595 1717 idern
649 1677 676 1716 fi
704 1677 976 1726 comparaveris
996 1674 1083 1713 illud
1105 1673 1247 1712 Lucani
1260 1672 1342 1709 Lib.
1424 1668 1452 1713 ,4
1481 1663 1519 1713 .¹’·
1550 1653 1723 1704 asam-:l
1750 1656 1997 1713 AmffigFum·
2026 1666 2181 1706 anpater
2193 1655 2395 1714 <³⁶¹¹¹¹Glffi

327 1731 383 1769 IV
417 1742 456 1769 vs
537 1731 559 1766 6
610 1706 621 1724 ⁹
1376 1705 1503 1742 brionis
1523 1707 1661 1755 (quein
1681 1705 1860 1752 collegam
1885 1719 1919 1743 in
1934 1706 2122 1744 consulatu
2134 1709 2297 1755 Traiano
2313 1708 2395 1744 Do-

328 1779 330 1781 >
387 1759 397 1771 ·
458 1758 467 1768 ’
488 1740 530 1779 37
562 1756 571 1767 ⁸
1381 1757 1550 1793 mitianus
1580 1758 1763 1793 interfecit
1785 1785 1794 1797 .
1832 1756 1981 1794 auctore
2002 1757 2149 1801 Dione,
2176 1759 2277 1806 quod
2306 1769 2392 1795 cum

1382 1808 1463 1844 feris
1500 1816 1696 1856 pugnaret,
1726 1818 1763 1843 re
1793 1818 1874 1843 veta
1905 1817 2052 1855 propter
2091 1809 2246 1845 invitum
2275 1809 2395 1845 robur.

1385 1859 1478 1895 Nam
1511 1860 1545 1895 in
1576 1859 1716 1895 Albano
1738 1859 1886 1894 leonem
1917 1859 2118 1904 confecit.)
2141 1871 2185 1896 an
2205 1859 2278 1906 ipse
2314 1859 2397 1894 Aci-

1382 1908 1447 1945 lius
1474 1908 1623 1946 Glabrio.
1682 1909 1892 1956 Utrumque
1915 1911 2059 1946 notavit
2079 1910 2259 1953 juvenalis
2273 1907 2399 1955 Satyra

373 1846 579 1890 Ambitiosa
590 1845 709 1894 fames
728 1848 770 1885 εξ·
787 1843 905 1881 lautae
920 1842 1036 1892 gloria
1058 1841 1207 1890 mensae.

329 1980 417 2010 cum
436 1967 502 2007 iilis
523 1977 569 2005 ex
587 1963 671 2003 Lib.
694 1963 739 2004 X.
759 1975 808 2005 vs.
835 1963 917 2012 ¹56.
1284 1996 1288 1999 .
1385 1959 1672 2007 Iis-quanquam
1695 1961 1908 2006 interpretes
1929 1959 2028 1996 aliter
2050 1959 2203 1996 sentiant
2268 1958 2399 1997 Iisdem

1384 2011 1493 2048 etiam
1511 2010 1737 2057 temporibus
1765 2009 1920 2046 Acilium
1942 2011 2072 2056 Rufum
2095 2009 2281 2046 consulem
2309 2009 2401 2046 defi-

378 2088 481 2099 --
510 2086 610 2096 —-—
765 2066 856 2116 quod
874 2065 977 2102 luxus
997 2064 1097 2103 inani
1244 2100 1247 2103 ,
1385 2069 1535 2109 gnatum
1565 2060 1755 2099 Secundus
1775 2062 1926 2104 recitat,
1955 2061 1992 2097 &
2013 2060 2122 2097 Acilii
2132 2059 2328 2096 Glabrionis
2340 2059 2403 2098 sub

378 2119 600 2159 Ambitione
621 2119 738 2163 furens
757 2127 826 2154 toto
845 2115 1016 2166 quaesivit
1032 2117 1069 2152 in
1088 2113 1174 2152 orbe.
1388 2113 1584 2150 Antonino
1606 2115 1642 2149 ὅ(
1663 2111 1800 2148 Severo
1827 2113 2107 2160 imperatoribus
2133 2113 2304 2149 meminit
2331 2110 2405 2160 Uip.

1392 2162 1548 2200 Canu.

329 2224 415 2263 Nec
442 2222 564 2260 frustra
591 2218 640 2256 est
662 2247 673 2263 ,
707 2217 810 2268 quod
839 2216 1014 2256 bonellam
1044 2215 1191 2266 quietem
1213 2212 1276 2256 &,
1310 2220 1350 2250 ut
1445 2227 1462 2254 ς
1495 2211 1648 2262 Damna]
1679 2213 1918 2260 Cognatione
1938 2212 2105 2250 Aciliani·
2137 2212 2255 2250 Ibem.

331 2275 420 2312 alitis
439 2274 583 2311 locutus
600 2268 688 2307 effet
706 2297 717 2312 ,
756 2267 978 2317 ambitiosam
1008 2267 1218 2315 dignitas-em
1246 2263 1351 2302 simul
1439 2266 1461 2300 6
1491 2262 1654 2312 Vigoris.]
1685 2263 1834 2300 Rotitiili
1856 2263 2003 2308 spiritus.
2048 2268 2142 2312 Vigor
2163 2276 2314 2313 quoque,
2343 2262 2405 2314 qui

333 2324 569 2363 memoravit.
599 2321 753 2359 CORTE.
1388 2314 1514 2361 constat
1532 2329 1573 2350 ex
1588 2315 1733 2363 spiritu,
1763 2327 1829 2349 non
1850 2314 2046 2357 destituerat
2066 2314 2220 2350 vultum.
2262 2314 2407 2351 Curtius

391 2388 410 2412 2
441 2372 629 2421 Municipio
664 2367 883 2419 Patavina]
930 2370 1026 2406 Nata
1061 2367 1221 2406 Patavii:
1252 2366 1374 2420 quod3
1395 2367 1475 2403 Lib.
1501 2365 1560 2403 ix.
1595 2366 1709 2402 ioan.
1741 2366 1904 2402 Ric:atd.
1940 2369 1977 2402 ὅ(
2005 2363 2405 2414 l-ielmstad.plurimum

337 2427 428 2465 olim
449 2427 543 2463 inter
557 2424 634 2472 ejus
664 2421 822 2470 regionis
854 2420 956 2458 urbes
989 2419 1201 2457 excellebat.
1255 2419 1352 2455 Nam
1370 2427 1373 2441 ¹
1393 2414 1816 2464 vigorisindultriae‚fine
1840 2415 1995 2463 Copula.
2023 2419 2133 2454 Atnz.
2153 2416 2279 2463 vigoris
2302 2415 2403 2469 indu:

336 2478 373 2516 in
395 2489 442 2514 eo
465 2475 588 2514 censiti
609 2474 689 2511 sunt
707 2473 900 2521 quingenti
922 2470 1091 2517 equestris
1112 2468 1249 2506 ordinis
1277 2443 1525 2515 viti.lslriam-
1587 2468 1777 2503 Mediceus
1797 2465 1861 2502 stat
1884 2478 1901 2502 a
1926 2468 2091 2515 Vulgata.
2120 2466 2311 2504 Distint‘tio
2333 2465 2403 2518 loci

337 2527 511 2575 Antiquis
532 2525 634 2562 annis
656 2532 807 2561 centum
831 2523 870 2560 ὅ(
898 2522 1026 2570 viginti
1055 2520 1213 2558 militum
1243 2519 1355 2555 millia
1372 2520 1377 2556 ἱ
1395 2519 1430 2556 in
1451 2518 1545 2555 libris
1562 2517 1698 2555 diversa
1721 2517 1782 2554 est.
1838 2518 2001 2564 Quidam
2025 2519 2101 2564 post
2131 2516 2315 2561 industriae
2347 2523 2403 2549 iii-

337 2576 491 2617 emisiise
513 2575 651 2613 constat
668 2602 676 2616 ‚
705 2584 817 2622 quam
837 2585 926 2610 vero
955 2572 1082 2609 civitas
1112 2571 1205 2618 ipsa,
1235 2571 1272 2606 δε
1302 2571 1355 2606 vi·
1393 2577 1617 2616 terpurigunt
1641 2596 1651 2611 ‚
1689 2568 1727 2604 ὃ(
1759 2567 1816 2604 illa
1836 2581 2054 2617 quamquam
2073 2571 2110 2604 ia
2130 2567 2287 2602 maxima
2307 2575 2404 2596 vere-

339 2639 468 2669 rotum
506 2626 707 2675 probitate,
736 2624 773 2659 ὃ(
811 2625 940 2660 artium
976 2622 1139 2660 boniiate
1169 2620 1356 2664 floruerit,
1393 2619 1519 2655 candia
1548 2619 1767 2668 quaesturam
1802 2628 1872 2655 cet.
1900 2620 2139 2665 coniungunt.
2190 2613 2257 2650 Scd
2286 2612 2404 2650 nostra

341 2679 561 2727 magnitudo
579 2686 663 2712 cuin
685 2674 834 2710 aliatum
859 2685 980 2710 tetum
1003 2700 1013 2716 ,
1040 2684 1135 2720 quae
1164 2673 1200 2708 in
1229 2670 1354 2708 urbem
1395 2670 1575 2707 distinetio
1607 2670 1651 2706 ad
1688 2669 1904 2707 sententiam
1941 2670 2012 2706 loci
2048 2667 2160 2714 magis
2178 2663 2225 2699 est
2252 2662 2406 2700 adcom-

343 2730 608 2770 mittebantur,
637 2734 714 2762 turn
739 2735 830 2761 vero
850 2725 1105 2772 pannorum&
1119 2722 1355 2759 vestimento>
1397 2721 1561 2759 modata.
2227 2765 2233 2771 ⁸
2265 2767 2269 2770 ι
2372 2766 2379 2772 ι

343 2792 424 2818 tuin
446 2778 641 2816 omnifaria
668 2784 869 2812 mercatura
893 2775 1059 2812 declarat·
1089 2774 1245 2811 Carnu.
1284 2773 1356 2808 Le·
1450 2783 1467 2815 7
1503 2769 1764 2819 Percucurrit.]
1809 2771 1908 2807 Ante
1935 2774 2088 2805 aetatem
2135 2764 2408 2822 adminiſtravit.

345 2830 472 2879 pidum
504 2838 664 2865 errorem
692 2826 728 2863 iri
761 2825 896 2874 scriptis
932 2825 1071 2873 aliquot
1111 2826 1149 2860 ὅτ
1185 2822 1360 2870 impressis
1399 2823 1459 2859 Ca
1481 2835 1591 2860 τΑΝ.
1627 2822 1829 2858 Catanaeus
1851 2829 1933 2854 anre
1960 2825 2109 2871 aetatem
2122 2819 2410 2860 administravit,

349 2880 526 2927 reperias,
554 2888 708 2923 nempe:
739 2882 926 2913 Serranam
954 2875 1081 2924 procul
1123 2886 1141 2912 a
1177 2886 1238 2910 nie
1281 2886 1353 2908 mu>
1399 2873 1501 2922 quod
1532 2874 1665 2920 ignoro
1690 2898 1700 2913 ,
1742 2869 1839 2924 unde
1870 2868 2069 2921 collegerit.
2124 2865 2275 2920 Nullum
2310 2878 2409 2904 cerie

350 2928 470 2976 nicipio
518 2934 596 2964 Pat.
643 2927 743 2963 cuius
780 2935 902 2963 ortum
934 2925 1134 2963 Heirnstad.
1177 2924 1358 2967 ostendit,
1401 2923 1553 2960 verbum
1575 2933 1618 2958 ea
1646 2920 1690 2956 de
1713 2929 1806 2973 rein
1832 2919 1899 2972 hac
1919 2915 2088 2971 epistola,
2118 2917 2253 2963 &quia
2276 2929 2412 2963 pincu-

350 2981 389 3019 in
412 2988 488 3026 quo
504 2976 634 3023 legitur
658 2989 666 3011 z
696 2980 882 3011 Serranam
903 2976 1051 3022 procula
1074 2988 1135 3012 mc
1171 2974 1362 3021 municipio.
1400 2975 1439 3010 lis
1463 2973 1564 3008 annis
1587 2969 1704 3006 Plinio
1725 2977 1846 3003 minor
1863 2966 2013 3007 dicitur,
2043 2975 2265 3003 contrarium
2292 2969 2414 3015 potius

352 3029 426 3069 Sed
449 3026 662 3067 Mediceus.
691 3025 857 3061 Riccard.
875 3027 913 3063 &
943 3024 1045 3062 Vols.
1081 3025 1257 3071 praestant
1293 3035 1360 3062 no·
1401 3023 1581 3069 sequetur.
1638 3018 1765 3064 ltaque
1797 3016 1882 3052 illud
1911 3027 2100 3055 verrurrere
2128 3027 2232 3054 notat
2253 3019 2414 3056 honores

355 3080 466 3121 stram
484 3076 700 3118 tentonem.
725 3074 787 3113 De
808 3073 880 3123 ipsa
896 3080 1045 3113 Serrana
1066 3075 1211 3113 Procula
1233 3073 1362 3113 consu·
1403 3072 1514 3109 alium
1537 3067 1615 3118 post
1636 3066 1748 3105 alium
1775 3067 1916 3105 oblatos
1945 3066 2019 3106 sine
2050 3067 2170 3107 multo
2199 3077 2414 3127 temporum

2360 3130 2417 3168 ¹¹²:
