2616 3686
288 233 352 273 ω
489 219 1008 270 C.1³L1N11
1076 215 1582 268 CAECILII
1655 221 2175 281 SE’CUNDI

353 314 576 356 cataras
615 300 802 356 ibidem
840 298 1202 354 bibliothecam
1229 339 1244 364 ,
1287 303 1342 358 ts*
1388 322 1585 358 annuos
1611 307 1851 376 fitmptus
1879 309 1935 360 in
1957 310 2213 365 alimenta
2249 314 2395 390 inge·-

354 394 572 429 mtorum
594 375 923 447 pollicitus:
967 377 1182 442 excusat
1222 375 1360 446 quod
1391 377 1446 428 in
1486 397 1546 430 ea
1585 378 1810 449 majores
1825 377 1979 447 filos,
2019 383 2072 440 ξς
2087 387 2148 452 se
2173 389 2394 451 laudem>

349 449 575 576 {lienique
613 448 863 520 Pompeio
900 445 1081 518 defert
1106 486 1120 510 ‚
1173 461 1233 501 ut
1278 448 1341 502 de
1381 447 1610 507 editione
1618 463 1729 524 pro.
1752 452 1905 505 illias
1928 450 2156 509 arbitrio
2187 461 2266 524 fit.
2288 462 2385 532 fa-

408 540 553 578 urus.

393 646 775 718 Eropportune
812 642 941 698 mihi
989 642 1235 698 redditae
1276 645 1394 700 sunt
1431 647 1617 702 literae
1658 662 1779 703 tuae
1807 689 1823 715 ,
1862 649 2054 722 quibus
2080 649 2394 725 flagitabas„

389 736 447 775 ut
483 720 576 774 tibi
605 717 805 788 aliquid
832 735 898 771 ex
922 717 1128 788 scriptis
1154 721 1288 772 meis
1314 722 1591 774 mitterem
1618 760 1634 784 ‚
1674 741 1799 777 cum
1827 740 1931 794 ego
1958 724 2188 796 idipsum
2228 728 2398 784 desti--

272 795 489 851 naffem.
564 790 839 845 Addidisti
865 807 997 861 ergo
1023 808 1035 829 1
1066 792 1286 845 calcaria
1311 791 1499 861 sponte
1523 797 1761 849 currenti
1790 834 1806 859 ,
1857 799 2158 869 pariterque
2195 800 2248 854 ὅ(
2288 802 2385 859 tibi

272 872 485 923 veniam
523 864 800 919 recusandi
850 863 1071 926 laboriS‚
1113 864 1167 917 &
1218 864 1350 919 mihi
1401 866 1654 936 exigendi
1708 869 2092 925 verecundiam
2128 873 2382 932 sustulisti.

274 943 414 996 Nam
454 956 554 993 nec
618 954 706 992 me
765 937 955 991 timide
1016 937 1096 990 uti
1159 937 1322 991 decet
1385 940 1401 959 ²
1458 956 1528 993 eo
1592 940 1745 1012 quod
1807 942 2045 998 oblatum
2095 946 2224 1008 est;
2280 964 2382 1003 nec

277 1029 330 1068 te
386 1011 593 1085 gravari
654 1011 804 1095 quod
858 1009 1235 1095 depoposciusti.
1314 1013 1328 1040 ³
1367 1013 1495 1068 Non
1531 1011 1608 1066 est
1647 1029 1827 1069 tamen
1862 1016 2013 1088 quod
2052 1016 2116 1070 ab
2157 1019 2396 1077 homine>

271 1089 289 1112 ⁴
316 1084 582 1141 desidioso
613 1084 816 1155 aliquid
857 1100 984 1138 nov1
1012 1101 1190 1152 operis
1219 1085 1509 1155 exspefftes.
1532 1090 1798 1157 petiturus
1825 1089 1940 1144 sum
1963 1090 2142 1153 enim,
2179 1105 2238 1146 ut
2266 1112 2384 1149 rur-

274 1160 355 1216 sus
394 1175 548 1214 vaces
595 1157 606 1181 ⁵
656 1158 922 1222 sermoni,
961 1174 1127 1231 quem
1155 1158 1299 1230 apud
1325 1158 1342 1181 ⁶
1369 1160 1669 1232 municipes
1696 1179 1847 1219 meos
1881 1162 2087 1228 habui,
2122 1162 2384 1224 bibliothe

2265 1258 2387 1299 cam

275 1372 352 1412 five
371 1384 417 1411 ex
447 1378 619 1421 tempore
641 1399 652 1416 ‚
680 1370 757 1409 sive
786 1370 965 1411 meditata
992 1371 1194 1421 proferret:
1222 1380 1302 1412 tum
1352 1374 1470 1415 sentes
1490 1375 1644 1424 dicitur,
1671 1388 1717 1417 an
1738 1376 1842 1428 quod
1865 1378 1986 1417 oratio
2016 1375 2078 1416 illa
2101 1374 2189 1417 effer
2216 1377 2400 1426 rerniffa3.

275 1425 378 1474 prosa
394 1452 404 1469 ,
433 1432 512 1461 tum
533 1423 634 1462 versu
663 1424 796 1461 clarus:
826 1425 864 1461 in
885 1423 1113 1462 orationibus
1136 1425 1174 1462 δε
1190 1425 1302 1463 histo·
1352 1427 1390 1465 &
1406 1427 1562 1466 finitima
1584 1430 1826 1479 quotidianae
1844 1430 2031 1469 locutioni
2058 1428 2074 1466 ?
2117 1430 2217 1468 Nam
2242 1440 2390 1478 praeter

275 1477 328 1513 ria
349 1474 531 1513 mirabilis.
587 1474 746 1512 Alterius
765 1474 1306 1514 Saturninihistoricimeminit
1352 1479 1407 1517 M.
1432 1479 1483 1517 T.
1505 1480 1784 1526 testimonium,
1813 1482 1952 1520 Seneca
1964 1481 2073 1520 tradit
2087 1480 2298 1520 sermonem
2311 1481 2385 1520 effe

277 1525 473 1576 Tranquil.
491 1525 728 1563 Saturninum
750 1527 922 1564 nominat
945 1526 1132 1564 Lucianus
1156 1554 1167 1570 ,
1196 1529 1235 1564 &
1256 1530 1308 1576 Q.
1349 1529 1542 1569 orationem
1563 1546 1643 1570 voce
1663 1531 1829 1580 demissa,
1858 1543 1903 1573 v·
1930 1533 2027 1570 tenui
2047 1532 2167 1581 figura
2192 1533 2386 1581 prolatam.

277 1577 514 1615 Saturninum
563 1576 860 1625 jurisconsultum
910 1577 1146 1626 Pomponius
1205 1579 1308 1619 citat.
1353 1581 1512 1620 Accedit
1543 1582 1742 1620 auctoritas
1770 1584 1868 1620 Fabii
1901 1584 2087 1621 scribentis
2111 1609 2122 1627 ‚
2165 1595 2295 1632 parum
2319 1584 2384 1621 ad-

278 1629 341 1667 Ille
366 1628 471 1677 igitur
497 1628 698 1676 Pompejus
731 1628 944 1667 Saturninus
973 1629 1138 1666 moriens
1167 1629 1306 1668 Secun·
1351 1632 1510 1671 modum
1531 1634 1743 1672 sermonem
1766 1632 1810 1671 ab
1831 1635 2004 1671 oratione
2031 1633 2191 1672 differre.
2236 1634 2397 1673 Serviusv

280 1679 370 1717 dnm
406 1679 552 1728 reliquit
590 1679 811 1716 haeredem
845 1679 1022 1718 CATAN
1039 1691 1178 1719 Anus.
1221 1683 1296 1718 Me<
1351 1683 1492 1734 inquit:
1523 1690 1640 1723 Sermo
1654 1687 1699 1732 est
1717 1684 1879 1732 confertio
1899 1685 2091 1729 orationis,
2118 1697 2162 1725 (9⁶
2180 1684 2386 1730 confabula-

279 1731 404 1769 diceus
436 1743 445 1767 ι
496 1729 632 1767 Plinius
670 1732 861 1767 Saturnino
904 1737 967 1768 Suo
988 1759 999 1774 ‚
1047 1731 1184 1769 omisso
1237 1743 1308 1770 no·
1330 1738 1331 1743 ’
1351 1735 1399 1771 tio
1419 1736 1592 1781 duorum,
1620 1736 1678 1773 vel
1695 1735 1879 1785 plurium,
1906 1734 1931 1770 ὰ
1951 1735 2098 1783 serendo
2125 1736 2250 1775 dinus.
2303 1736 2385 1775 An-

280 1783 383 1820 mine
415 1782 586 1830 Pompeio:
615 1782 867 1831 eamdemque
888 1781 1160 1830 simplicitatem
1207 1783 1310 1831 supra
1351 1785 1523 1824 tisthenes
1549 1787 1646 1836 apud
1677 1787 1892 1836 Diogenem
1924 1788 2064 1834 primus
2099 1786 2150 1824 ita
2188 1787 2382 1826 diffinivit:

280 1833 613 1871 animadvertimus
656 1833 767 1881 Epist,
803 1833 872 1871 ΙΙΙ.
912 1833 983 1870 lV.
1029 1833 1078 1870 V.
1113 1833 1183 1870 VI.
1221 1835 1309 1872 Vll.
1351 1841 1467 1875 Sermo
1485 1836 1529 1884 est
1549 1838 1611 1889 qui
1629 1836 1773 1889 quidfit
1794 1837 1986 1885 autfuerit
2008 1837 2217 1888 ‚exprimin
2264 1839 2388 1879 luem.

280 1896 352 1922 nec
406 1885 528 1922 minus
583 1884 879 1922 animadvertere
929 1884 1016 1922 licet
1062 1884 1156 1922 infra
1197 1884 1310 1930 Epist.
1353 1890 1512 1938 Quaerit
1525 1890 1756 1934 (jamnaeus,
1784 1888 2233 1937 curappelletsermonern
2250 1917 2261 1933 ,
2288 1900 2386 1939 quae

282 1935 350 1974 IX.
395 1936 441 1973 X.
487 1935 721 1985 pluribusque
769 1934 1017 1984 sequentibus.
1071 1935 1170 1973 Alibi
1193 1939 1306 1975 etiam
1356 1939 1502 1978 videtur
1523 1938 1626 1978 fuiffe
1647 1941 1794 1984 oratio,
1820 1939 1934 1990 idque
1956 1940 2005 1977 ait
2018 1940 2156 1978 factum
2173 1968 2182 1984 ,
2211 1942 2269 1978 vel
2281 1940 2387 1991 quod

284 1987 380 2035 ipsae
402 1987 492 2025 Edi.
520 1999 596 2024 non
618 1985 827 2025 diisentiunt
842 2016 853 2032 ,
882 1996 922 2025 ut
944 1986 1171 2036 potissimum
1191 1988 1308 2026 exin·
1352 1991 1474 2029 habita
1498 1989 1586 2030 esset
1612 1992 1658 2029 ad
1685 1991 1888 2040 praesentes
1910 2018 1920 2034 ,
1949 1991 2008 2027 vel
2028 1991 2131 2040 quod
2154 1989 2242 2029 effer
2261 1991 2388 2030 remis·

287 2038 537 2086 icriptionibus
575 2038 819 2086 Epistolarum
861 2039 961 2077 Libri
997 2037 1062 2076 IX.
1099 2047 1210 2087 patet.
1266 2039 1309 2077 In
1354 2042 1387 2080 sa
1413 2042 1629 2081 &finitima
1649 2042 1811 2081 sermoni
1834 2040 2069 2092 quotidiano.
2123 2042 2268 2079 Verum
2295 2054 2387 2080 neu-

283 2090 372 2127 scrie
409 2091 521 2126 etiam
559 2090 737 2127 orationis
774 2090 874 2128 hunc
913 2100 1060 2128 morem
1100 2090 1143 2127 ab
1173 2089 1313 2129 Securi·
1354 2102 1454 2132 trum
1476 2095 1612 2133 horum
1631 2092 1750 2133 cauffa
1772 2093 1832 2131 est.
1886 2092 1975 2130 Non
1996 2092 2107 2136 illud,
2135 2092 2221 2142 quia
2242 2094 2280 2131 &
2304 2105 2389 2131 ora—

287 2140 338 2178 do
366 2140 520 2184 servari,
549 2141 594 2178 ad
614 2141 814 2190 Epistolam
834 2141 1061 2192 superiorem
1080 2141 1314 2181 monuimus.
1359 2146 1413 2184 tio
1445 2145 1491 2183 ad
1527 2145 1734 2194 praesentes
1758 2144 1850 2182 solet
1870 2143 2007 2180 haberi.
2061 2145 2150 2182 Non
2173 2143 2272 2187 hoc,
2298 2144 2388 2194 quia

294 2192 395 2229 COR
415 2205 437 2230 'r
454 2203 486 2229 ε.
1358 2195 1516 2234 finitima
1538 2197 1701 2234 sermoni
1722 2194 1944 2245 quotidiano
1963 2205 2040 2232 non
2074 2194 2278 2243 postulabat
2305 2205 2388 2234 tan-

351 2255 365 2279 1
391 2242 593 2294 Calcaria.]
623 2242 832 2281 Transsatio
851 2244 895 2281 ab
910 2255 1010 2292 equo
1032 2271 1042 2288 ‚
1068 2243 1106 2282 id
1126 2243 1175 2281 est
1197 2270 1208 2288 ,
1229 2243 1310 2292 jam
1362 2256 1441 2285 turn
1466 2259 1575 2285 curae
1604 2245 1932 2294 meditationisque
1955 2273 1966 2289 ‚
2002 2254 2183 2294 quantum
2223 2246 2258 2284 se
2285 2246 2390 2285 adhi-

290 2303 457 2346 paratum
477 2294 580 2332 adid
602 2295 714 2342 magis
739 2295 904 2334 incitasti.
932 2294 1050 2333 Ovid.
1361 2297 1474 2336 buiffe
1501 2299 1649 2337 testatur
1680 2297 1803 2335 noster
1824 2324 1835 2340 ‚
1875 2307 1962 2335 cum
1997 2307 2077 2333 eam
2113 2305 2389 2346 componeret,

1363 2361 1487 2399 neque
1507 2358 1650 2388 tantum
1675 2347 1949 2386 emendationis
1969 2347 2164 2394 sollicitae,
2202 2357 2387 2397 quantum

1364 2402 1513 2449 exigita
1534 2401 1744 2441 Saturnino.
1799 2397 2014 2437 Meminisse
2043 2399 2152 2446 igitur
2181 2400 2390 2439 Catanaeus

1364 2451 1563 2499 debuerat,
1590 2452 1694 2504 quod
1715 2451 1839 2500 paullo
1860 2459 1946 2489 ante
1969 2450 2116 2488 monuit
2145 2450 2192 2489 de
2212 2451 2387 2489 modestia

297 2515 329 2551 C
345 2528 364 2551 A
380 2528 402 2553 τ
419 2528 438 2552 Α
454 2529 490 2552 Ν.
519 2517 702 2554 Graecum
726 2516 964 2566 proverbium
986 2527 1033 2554 ex
1050 2514 1214 2553 Homeri
1228 2513 1319 2554 iliad
1364 2503 1470 2541 Plinii
1485 2533 1496 2551 ν
1516 2503 1661 2554 semper
1682 2514 1788 2552 parce
1810 2503 1855 2541 de
1873 2502 1907 2540 se
1927 2501 2042 2550 quUl·
2095 2501 2146 2539 Ea
2176 2503 2277 2540 enim
2301 2509 2384 2538 vem

343 2385 438 2418 Acer
458 2393 502 2422 (7'
528 2382 576 2419 ad
592 2382 729 2431 palmae
742 2390 802 2431 per
822 2383 857 2429 sb
878 2381 1036 2427 cursurus
1051 2378 1212 2425 honores,

400 2434 435 2470 Si
456 2444 576 2471 tamen
599 2434 744 2471 horteris
751 2432 885 2479 fortius
906 2431 969 2470 ibit
987 2445 1107 2482 equus.

299 2570 342 2603 Θ.
360 2578 411 2603 vs.
432 2579 520 2616 203.
548 2569 750 2603 σπεύδοντα
777 2568 948 2612 ὀτρύνειν,
974 2579 1052 2616 quo
1073 2567 1208 2614 saepius
1238 2566 1318 2604 usus

300 2617 347 2654 est
361 2618 504 2655 Tullius
518 2619 909 2663 ,currentemincitare‚
931 2618 1088 2660 hortari,
1114 2616 1201 2655 vide
1218 2618 1260 2653 V.
1273 2617 1318 2655 ad

300 2669 414 2706 Attic.
430 2670 711 2717 Epist.1X.item
735 2669 819 2706 Lib.
841 2669 1139 2717 V1.ttpiit.V11.
1165 2669 1203 2706 &
1223 2667 1320 2706 alibi.

302 2719 530 2768 Ui‘urparunr
559 2722 598 2758 &
628 2720 684 2758 alii
715 2720 843 2763 rnu'ti‚
872 2732 967 2769 quos
987 2721 1073 2757 citat
1097 2720 1151 2757 lo.
1184 2719 1321 2757 Savaro

303 2768 347 2805 ad
369 2770 496 2808 Sizlon.
518 2772 600 2810 Lib.
620 2771 689 2811 lv.
717 2771 936 2821 Epist.V1i.

358 2831 379 2855 2
411 2821 492 2870 Ea]
521 2824 646 2871 Opera
665 2831 726 2860 tua
748 2824 783 2860 in
807 2821 1031 2871 corrigendis
1055 2821 1146 2859 meis
1174 2820 1322 2868 libellis,

307 2879 417 2917 quam
438 2879 477 2908 tu
497 2874 592 2910 ultro
616 2875 704 2911 mihi
724 2873 895 2911 obtulisti.
922 2874 1078 2912 Cium.

359 2930 378 2969 3
412 2921 529 2969 Nom]
562 2931 632 2961 Nec
656 2924 1220 2972 l<2dtl.quaedam.ContraMSS.

361 2981 387 3014 4
418 2970 619 3021 Defidioso.i
668 2974 819 3019 Semper
847 2975 892 3010 de
928 2976 962 3011 se
996 2987 1105 3023 parce
1139 2975 1325 3024 loquitur,

311 3024 549 3059 extenuando
571 3023 779 3060 facultatem
795 3052 805 3067 ‚
833 3027 870 3061 ὃς
899 3024 933 3061 se
958 3025 1120 3062 desidem
1143 3026 1326 3074 appellan-

314 3073 377 3109 do.
405 3073 559 3108 cmx.

366 3136 381 3169 5
413 3121 604 3165 sermoni]
637 3124 829 3159 Orationi:
858 3135 902 3160 an
926 3123 1012 3160 ideo
1032 3124 1239 3162 sermonem
1262 3138 1325 3174 ap-

304 3174 474 3222 pellarit,
505 3169 811 3225 quii'secundum
835 3175 1132 3223 porphyrionem
1156 3177 1199 3214 ad
1220 3187 1323 3224 prae·
1348 3214 1355 3240 ¹

1365 2554 1485 2593 caussa
1506 2585 1517 2601 ,
1555 2568 1619 2595 cur
1642 2555 1836 2602 sermonem
1871 2553 2042 2591 maluerit
2069 2563 2207 2592 vocare
2226 2579 2238 2597 ,
2272 2559 2385 2599 quam

1363 2609 1562 2645 orationem.
1592 2607 1816 2646 Sensum.
2275 2650 2282 2657 .
2311 2648 2317 2654 ,

1415 2660 1437 2695 6
1467 2657 1695 2708 Municipes.]
1725 2655 2050 2694 Novocomenses.
2069 2655 2147 2692 sunt
2175 2652 2386 2706 Municipes

1367 2710 1467 2748 cives
1496 2711 1658 2749 Romani
1687 2711 1722 2747 in
1743 2707 1887 2757 oppidis
1910 2704 2183 2753 municipalibus
2205 2701 2383 2748 squure‚

1369 2762 1406 2798 &
1425 2762 1491 2800 suis
1510 2762 1647 2810 legibus
1666 2769 1837 2804 utentes,
1863 2757 2023 2796 muneris
2050 2761 2189 2813 tantum
2222 2751 2386 2788 honora-

1369 2813 1408 2851 rii
1433 2826 1519 2852 cum
1540 2814 1681 2863 populo
1710 2813 1824 2849 Rom.
1846 2809 2036 2856 participes
2057 2831 2068 2847 ‚
2095 2815 2113 2859 a
2132 2814 2208 2858 quo
2230 2813 2386 2858 munere

1370 2865 1590 2914 capell'endo
1612 2863 1781 2913 appellari
1801 2859 1993 2896 videntur,
2021 2853 2125 2891 nullis
2146 2857 2221 2890 aliis
2235 2853 2387 2909 necesti-

1371 2917 1525 2961 tatibus,
1554 2927 1676 2963 neque
1695 2914 1763 2950 ulla
1792 2907 1931 2957 populo
1954 2906 2129 2942 Romano
2151 2904 2233 2951 lege
2247 2903 2387 2942 astnffi.

1373 2970 1463 3006 Satis
1491 2966 1631 3004 constat
1662 2959 1906 3005 municipium
1936 2953 2037 2992 fuisse
2068 2955 2104 2992 in
2134 2955 2277 2991 meliori
2296 2965 2388 2991 con-

1371 3021 1513 3056 ditione
1541 3044 1551 3059 ‚
1586 3024 1698 3062 quam
1729 3008 1933 3047 coloniam.
1985 3006 2090 3042 Haec
2119 3006 2257 3042 Gellius.
2299 3005 2386 3054 υιρ,

1370 3068 1492 3115 Jurisc.
1530 3064 1678 3110 Proprie
1712 3059 1862 3109 quidem
1914 3057 2119 3104 municipes
2164 3056 2389 3103 appellantur

1373 3116 1532 3156 muneris
1554 3114 1744 3163 participes
1766 3111 1900 3158 recepti
1921 3109 1958 3145 in
1979 3110 2149 3150 civitate,
2181 3117 2386 3164 utinunera

1368 3168 1560 3206 nobiscum
1596 3165 1786 3202 facerent:
1830 3160 1889 3199 sed
1915 3171 2015 3199 nunc
2048 3158 2196 3197 abusive
2231 3158 2387 3214 dromus

2266 3219 2390 3246 munt-

2481 3 2483 5 ’
2512 0 2537 34 ³0.

2522 0 2616 241 ῃ

2543 115 2570 139 ,Υ

2579 214 2587 234 ι

2585 288 2603 307 ἳ*
