2616 3686
588 155 1892 253 EiBER1v.n1>13ToLA1x.
2185 223 2279 274 269

183 300 311 348 cum·
346 292 454 336 tam
484 273 690 333 diversa
724 272 1025 329 censuerint
1055 271 1074 324 ?
1124 273 1249 346 quia
1269 273 1471 329 scilicet
1499 273 1554 327 δε
1580 275 1996 349 Macte,legem
2025 282 2283 353 intuenti,

187 354 600 414 consentaneum
636 348 740 404 fuit
776 345 1028 401 damnare
1068 360 1194 399 euin
1223 384 1240 410 ‚
1278 347 1371 419 qui
1398 358 1588 401 contra
1611 346 1790 418 legem
1816 366 2037 407 munera
2059 371 2286 428 aecepe-

185 441 294 485 rat:
333 424 390 483 &
425 421 632 495 Caepio
671 435 796 476 cum
831 432 1040 491 putaret
1086 415 1249 474 licere
1285 417 1505 474 Senatui
1534 456 1550 483 ‚
1589 418 1721 474 licut
1744 421 1871 474 licet
1897 460 1914 486 ,
1952 424 2008 477 &
2037 427 2283 498 mitigare

184 502 356 575 leges,
392 496 448 551 &
471 492 782 553 intendere,
817 507 926 546 non
952 488 1057 544 sine
1083 490 1292 549 ratione
1314 490 1527 545 veniam
1555 490 1708 546 dedit
1735 492 1877 547 fasso
1901 531 1917 556 ‚
1953 497 2126 551 vetito
2163 501 2282 569 qui-

188 572 346 635 dem,
391 586 503 624 non
526 580 701 622 tamen
727 563 740 587 ¹
762 564 1028 618 inusitato,
1101 562 1404 619 Praevaluit
1429 564 1688 620 sententia
1711 564 2018 637 Caepionis.
2067 577 2083 596 ²
2106 569 2282 642 Quin-
2335 576 2392 628 18

188 646 359 700 immo
383 636 717 711 consurgenti
741 636 791 690 ei
818 635 883 690 ad
910 635 1238 692 censendum
1265 638 1611 692 acclamatum
1640 636 1714 690 est
1742 676 1757 701 ,
1803 638 1956 709 quod
1988 640 2121 695 solet
2160 642 2285 697 refi-

191 714 452 771 dentibuS.
525 710 611 768 Ex
637 726 747 782 quo
771 720 924 781 potes
952 707 966 732 ³
993 707 1299 773 aestimare,
1336 723 1539 782 quanto
1568 709 1826 764 consensu
1865 710 1925 765 fit
1963 726 2285 787 exceptum,

189 805 311 844 cum
336 786 564 848 diceret,
597 780 748 854 quod
773 794 879 835 tam
907 779 1200 837 favorabile
1225 781 1360 846 fuit,
1405 799 1531 836 cum
1556 780 1792 838 difiurus
1815 782 2107 841 videretur.
2146 785 2282 842 Sunt
2339 801 2398 843 19

190 875 362 916 tamen
385 869 441 913 ut
468 856 522 910 in
548 857 739 911 Senatu
768 893 785 918 ‚
820 855 891 908 ita
917 853 970 908 in
996 855 1212 910 civitate
1235 892 1253 919 ‚
1300 855 1319 880 ⁴
1350 856 1406 910 in
1430 854 1559 909 duas
1582 868 1755 925 partes
1783 855 2062 913 hominum
2082 858 2287 930 judicia

186 931 358 989 divisa.
429 929 566 984 Nam
624 926 817 1002 quibus
876 926 1134 982 sententia
1185 927 1474 999 Caepionis
1520 927 1760 997 placuit,
1806 928 2122 986 sententiam
2164 930 2285 986 Ma-

181 1003 258 1059 cri
291 1016 347 1056 ut
385 999 611 1071 rigidam
671 1000 971 1071 duramque
1036 998 1486 1070 reprehendunt:
1539 1000 1736 1070 quibus
1800 998 2013 1064 Macri,
2059 1012 2072 1039 ⁵
2137 1004 2279 1059 illam

177 1076 388 1129 alteram
446 1071 745 1127 dissolutam
781 1111 798 1136 ,
851 1085 1013 1143 atque
1072 1075 1235 1127 etiam
1298 1073 1751 1143 incongruentem
1814 1087 2028 1129 vocant.
2101 1072 2119 1095 ⁶
2169 1076 2280 1129 Ne-

175 1160 298 1213 gant
333 1147 478 1199 enim
514 1162 817 1216 congruens
859 1143 962 1198 ess'e
994 1182 1011 1209 ‚
1049 1146 1283 1200 retinere
1317 1145 1371 1198 in
1408 1144 1638 1207 Senatu,
1678 1146 1764 1199 cui
1796 1143 2005 1212 judices
2043 1146 2276 1205 dederis,

171 1217 293 1276 Fuit
342 1219 398 1271 δε
459 1217 616 1272 tertia
677 1216 931 1272 sententia
961 1233 973 1270 :
1024 1215 1040 1242 ⁷
1082 1216 1327 1274 Valerius
1388 1216 1638 1272 Paulinus
1703 1215 1925 1271 assensus
1983 1217 2286 1291 Caepioni,
2334 1234 2392 1269 20

2121 1291 2133 1311 ¹
2171 1291 2280 1346 hoc

165 1426 313 1466 defendi
334 1433 488 1482 poterat.
542 1425 654 1462 Nunc
676 1435 723 1462 eo
757 1435 835 1462 non
868 1436 1039 1483 egemus..
1084 1426 1183 1466 Ecce
1213 1438 1218 1493 ἱ
1256 1426 1336 1466 Lib.
1355 1425 1426 1465 111.
1449 1438 1502 1466 vs.
1524 1437 1606 1475 109.
1629 1426 1676 1466 de
1698 1427 1835 1466 Senatu
1857 1439 1877 1465 a
1904 1426 2059 1466 Caesare
2081 1430 2241 1472 coacto:
2283 1483 2294 1487 ς

160 1488 326 1516 moratur
348 1476 548 1514 Mediceus.
574 1475 620 1512 In
643 1485 689 1511 eo
709 1475 804 1522 legas
826 1487 834 1510 ;
872 1478 946 1523 Qz
961 1476 1039 1522 fierz
1056 1477 1180 1526 potest,

159 1528 277 1578 inquis
299 1555 310 1570 ‚
355 1538 398 1564 ut
429 1536 572 1574 uterque
600 1525 688 1561 reete
709 1532 724 1561 ,ι’
772 1525 856 1571 quia
880 1525 1014 1571 scilicet
1041 1536 1085 1564 εγ
1111 1538 1169 1566 cet
1300 1546 1373 1559 -—
1418 1526 1536 1576 sedere
1552 1536 1672 1577 patres
1695 1527 1839 1567 censere
1856 1527 2000 1578 parati,
2029 1535 2097 1568 cet.

161 1589 258 1627 quae
278 1577 392 1615 nihilo
413 1575 570 1614 deterior
587 1573 732 1621 vulgata
755 1571 804 1609 est
834 1573 955 1611 lectio.
1011 1576 1180 1615 Circum-

160 1628 286 1678 speffis
318 1636 446 1665 tamen
473 1624 645 1662 omnibus
668 1651 677 1667 ,
727 1635 774 1661 ex
809 1622 932 1661 Gloffa
974 1627 1182 1674 provenisse
1250 1629 1289 1667 &
1312 1626 1531 1666 Claudianus
1548 1627 1578 1665 Ι.
1599 1628 1707 1667 Stilic.
1727 1639 1778 1666 vs.
1800 1640 1834 1676 9.

161 1678 304 1719 censeo.
333 1675 531 1715 Lindenbr.
553 1676 592 1714 δε
614 1672 782 1722 Bongars.
803 1685 826 1710 a
847 1686 918 1724 qua
932 1675 1084 1724 scilicet,
1112 1689 1180 1728 pro

163 1729 269 1781 quim
300 1730 431 1767 Oxon.
452 1740 469 1764 e
490 1738 571 1776 qua.
1298 1746 1369 1758 -—
1414 1726 1554 1778 primus
1576 1727 1719 1775 censet,
1748 1729 1843 1780 quod
1867 1729 2039 1770 cernimus
2062 1733 2192 1774 omnes.

213 1792 228 1818 1
263 1779 445 1828 Inusitata.
467 1774 483 1826 ]
523 1776 683 1814 Insolito.
718 1774 816 1813 Nam
837 1775 958 1814 multis
974 1777 1053 1825 jam
1076 1787 1180 1827 repe-

162 1830 359 1868 tundarum
384 1831 449 1867 reis
470 1827 605 1867 servata
627 1826 674 1864 est
697 1825 844 1874 dignitas
866 1827 1065 1867 Senatoria.
1118 1831 1179 1870 In-
1248 1829 1438 1868 Praeterea
1474 1829 1650 1879 Optimus
1675 1843 1684 1868 z
1732 1831 1952 1881 consurgenti
1983 1832 2034 1869 ad
2069 1833 2278 1881 cenfhndum

12 1892 13 1916 l
166 1887 325 1918 veterata
360 1881 459 1917 enim
491 1876 718 1916 consuetudo
749 1887 815 1926 pro
844 1877 926 1926 lege
946 1890 1023 1917 non
1045 1881 1183 1920 immc-
1249 1879 1498 1919 adclamatum
1519 1880 1564 1928 est
1586 1909 1597 1927 ‚
1634 1880 1708 1920 fine
1727 1882 1957 1920 Pronomine
1978 1895 1986 1919 ι
2016 1885 2214 1931 quomodo
2239 1889 2278 1927 ὃς

167 1931 236 1966 rito
268 1929 463 1966 custoditur
482 1957 492 1970 ,
525 1929 564 1966 &
594 1928 666 1966 hoc
696 1925 743 1965 est
762 1929 821 1977 jus
843 1956 854 1973 ‚
902 1929 1004 1977 quod
1027 1930 1178 1977 dicitur,
1251 1931 1439 1980 Gryphius
1461 1961 1473 1978 ,
1520 1943 1599 1970 non
1638 1931 1713 1970 fine
1750 1934 1955 1982 patrocinio
1987 1934 2069 1972 usus
2095 1943 2278 1977 veterum.

14 1988 15 2015 l
167 1978 330 2017 moribus
352 1978 597 2016 constitutum.
627 1978 780 2017 Cri-rau.
805 1977 873 2017 Ed.
896 1979 982 2018 Vct.
1012 1981 1180 2032 invtfita-
1252 1982 1349 2019 Cum
1372 1993 1464 2021 vero
1486 1983 1613 2023 ultima
1635 1983 1763 2032 syllaba
1785 1984 1814 2022 ti
1837 1985 1875 2021 in
1907 1984 2011 2033 culpa
2044 1983 2116 2023 effe
2147 1987 2278 2035 possit,

167 2038 223 2073 to,
250 2038 338 2066 nota
361 2030 540 2068 varietate.
1251 2040 1292 2069 ut
1311 2033 1341 2070 ei
1362 2034 1508 2082 perierit
1531 2064 1540 2080 ‚
1578 2035 1668 2072 nihil
1691 2042 1834 2073 mutare
1875 2034 1989 2072 ausim
2014 2065 2023 2081 ‚
2070 2037 2278 2084 praesertim

216 2091 236 2116 2
264 2080 470 2128 Quinimmo
481 2079 719 2129 consurgenti,
745 2078 847 2129 eya]
871 2081 1017 2121 Dicluti
1038 2083 1179 2124 senten-
1250 2083 1311 2122 ubi
1347 2085 1474 2134 reliqui
1509 2086 1617 2124 MSS.
1652 2087 1690 2123 &
1722 2084 1818 2124 Edd.
1848 2085 1952 2124 Vett.
1979 2086 2279 2128 Provocabulum

165 2129 253 2167 tiam
275 2132 311 2168 in
330 2131 452 2168 senatu
477 2130 574 2177 (hoc
591 2131 717 2181 censere
739 2129 930 2174 dicebant]
965 2132 1178 2182 surgebant:
1252 2133 1342 2172 illud
1365 2136 1572 2183 agnoscant.

166 2189 253 2217 cum
283 2179 446 2220 dixiffent
465 2210 475 2226 ‚
503 2179 711 2218 residebant.
764 2180 870 2219 Tum
893 2183 938 2220 ab
960 2181 1180 2226 assentienti-
1301 2196 1320 2234 3
1352 2185 1560 2233 Aestimare.
1585 2184 1602 2234 ]
1640 2185 1795 2224 Hernst.
1827 2186 1877 2224 V.
1910 2186 1954 2224 C.
1988 2187 2128 2225 Minois
2153 2216 2164 2232 ,
2192 2190 2280 2228 Vet.

166 2228 231 2267 bus
252 2232 469 2270 acclamatur
487 2247 498 2275 3
527 2232 741 2269 reclamatur
762 2231 807 2269 ab
828 2232 868 2270 iis
892 2261 903 2277 ‚
940 2237 1002 2283 qui
1025 2234 1181 2277 diffcnti-
1250 2234 1318 2272 Ed.
1341 2237 1380 2274 ὅς
1402 2238 1458 2275 alii
1480 2237 1690 2285 existimare.
1738 2237 1931 2274 Mediceus
1956 2238 1994 2275 ὃ(
2019 2237 2183 2275 Riccard.
2222 2253 2279 2278 ae·

167 2289 259 2317 rent.
312 2286 534 2331 Quanquam
559 2291 756 2332 utrumque
778 2281 896 2320 adhuc
919 2313 930 2328 ,
967 2295 1051 2323 cum
1087 2287 1184 2327 dice·
1215 2262 1221 2373 ι
1243 2284 1423 2331 stumare,
1451 2297 1492 2325 ut
1509 2289 1651 2336 semper
1675 2286 1864 2325 Sallustius.

169 2340 248 2368 rent
264 2361 273 2376 ,
303 2335 410 2370 etiam
435 2331 511 2370 fieri
533 2332 677 2370 solebat.
731 2333 782 2370 Ita
805 2333 865 2371 vel
890 2335 1076 2373 obtinebat
1107 2337 1167 2375 sen
1301 2348 1324 2380 4
1350 2336 1393 2373 In
1421 2337 1510 2374 duas
1535 2347 1666 2386 partcs.
1688 2336 1702 2385 ]
1745 2337 1913 2384 Utraque
1936 2336 2069 2373 Aldina
2090 2337 2279 2389 Praeposi-

167 2384 279 2420 tentia
310 2385 428 2431 aliqua
454 2411 465 2428 ,
502 2383 561 2420 vel
591 2383 814 2421 vincebatur.
868 2384 967 2422 Vide
1008 2385 1182 2424 Nostrum
1250 2386 1392 2423 tionem
1415 2387 1581 2433 ignorat,
1610 2398 1720 2435 quam
1743 2388 1851 2424 ceteri
1875 2397 2008 2423 omnes
2033 2396 2171 2425 tenent.

168 2429 276 2480 Epist.
308 2433 414 2470 Xlll.
446 2433 527 2471 Lib.
560 2433 624 2471 IX.
680 2434 876 2471 Caeterum
902 2435 1185 2475 acclamationes
1302 2448 1320 2482 5
1354 2436 1458 2472 Illam
1480 2436 1682 2485 alteram]
1713 2436 1870 2474 Dicendi
1903 2437 2037 2474 modus
2067 2440 2164 2487 apud
2194 2440 2277 2481 scri.

170 2483 210 2521 Sc
229 2484 503 2522 reclamationes
527 2483 736 2532 hujusmodi
757 2495 834 2521 non
855 2482 1031 2533 fimplices
1061 2497 1185 2533 erant,
1252 2491 1374 2532 ptores
1398 2487 1630 2530 observatus,
1657 2496 1698 2526 ut
1725 2498 1758 2535 ai
1775 2485 1821 2523 :id
1854 2487 1909 2522 M.
1933 2486 2099 2526 Tullium
2124 2489 2169 2528 de
2192 2503 2276 2540 pro-

171 2532 231 2571 fed
262 2535 320 2572 vel
355 2545 440 2571 cum
471 2534 636 2572 laudibus
653 2535 711 2571 vel
730 2545 813 2570 cum
839 2536 1011 2572 conviciis
1031 2539 1186 2585 conjun-
1253 2536 1379 2573 vinciis
1414 2537 1655 2575 vastitatibus
1679 2566 1689 2582 ,
1730 2541 1768 2575 t:
1802 2537 1922 2575 Valer.
1957 2538 2037 2576 Lib.
2080 2539 2188 2578 VIII.
2229 2542 2275 2581 fic

175 2581 262 2622 stac.
315 2584 477 2622 Salustius
498 2585 674 2622 Catilina:
705 2584 889 2634 Postquam
910 2590 1000 2622 Cato
1032 2585 1153 2634 affidit
1175 2620 1184 2633 ,
1253 2586 1348 2631 apud
1384 2587 1585 2636 Apule-juni
1617 2587 1675 2625 ille
1705 2589 1794 2625 slim
1820 2615 1829 2631 ‚
1858 2587 1981 2626 &illa
2003 2589 2101 2626 alia:
2131 2593 2168 2628 &
2193 2593 2274 2632 Lib.

178 2633 377 2683 Consulares
400 2648 515 2672 omnes
535 2636 682 2685 itemque
707 2642 852 2672 senatus
876 2639 1185 2688 magnaparssm-
1250 2636 1296 2673 V.
1322 2638 1388 2682 123³.
1416 2651 1468 2683 17.
1494 2638 1677 2676 sccundu:
1702 2640 1790 2676 flixit
1812 2638 1870 2676 ille
1903 2638 2007 2678 alter.
2048 2641 2203 2679 Cum.
2240 2645 2276 2681 Ι..

177 2686 321 2722 mm'am
341 2686 412 2734 ejus
435 2686 609 2731 laudant,
636 2688 811 2723 virtutem
839 2686 954 2722 animi
980 2689 1030 2722 ad
1057 2690 1183 2727 coelum
1217 2713 1222 2745 ι
1248 2695 1324 2725 tem
1350 2690 1477 2726 Livius
1504 2690 1580 2726 Lib.
1606 2689 1634 2725 I.
1658 2702 1734 2738 cap.
1758 2689 1864 2726 XVI.
1893 2692 2069 2728 Manavit
2092 2690 2176 2729 haec
2190 2706 2274 2742 quo-

176 2731 303 2774 ftrunt.
339 2735 441 2774 Idem
466 2750 474 2774 :
517 2738 580 2773 Ad
613 2736 696 2774 haec
720 2736 906 2774 malediffza
930 2737 1000 2772 mia
1023 2751 1099 2775 cum
1119 2744 1184 2777 ad-
1219 2750 1221 2752 ·
1250 2740 1447 2786 quc-fama.
1471 2740 1565 2777 illam
1589 2741 1656 2777 2111:
1681 2752 1735 2776 ain
1761 2741 1956 2777 admiratio
1980 2742 2051 2778 viri
2085 2752 2127 2781 (9
2154 2752 2269 2792 pavor

184 2779 271 2834 lym
287 2787 463 2831 catilina,
489 2786 668 2836 obstrepere
690 2801 805 2825 omnes
829 2815 838 2830 ‚
866 2785 992 2831 hostem
1013 2802 1052 2824 ac
1069 2794 1186 2838 parri-
1243 2791 1404 2837 praesens
1427 2789 1649 2829 nobilitavit.
1680 2791 1810 2827 Sallust.
1837 2791 1912 2839 Ing.
1935 2802 2010 2839 cap.
2036 2791 2142 2829 XIII.
2168 2804 2205 2830 n.
2239 2808 2271 2833 1.

185 2829 293 2868 udan
311 2848 443 2874 vocare.
480 2837 638 2877 Tractus
661 2840 720 2876 hic
743 2850 826 2875 rnos
847 2849 866 2872 :i
887 2838 1032 2876 theatris
1056 2841 1090 2877 in
1127 2842 1185 2879 fo-
1217 2835 1221 2860 ¹
1249 2841 1370 2877 Plures
1393 2840 1636 2879 Adherbalem
1654 2842 1855 2892 flagitantur
1878 2870 1887 2886 ‚
1907 2841 1970 2891 sed
1993 2841 2092 2880 illum
2115 2842 2270 2883 alterum

187 2887 286 2934 ΜΨ,
309 2885 388 2924 inde
412 2889 450 2925 in
468 2888 641 2927 Senatum
663 2890 735 2933 cst;
764 2897 803 2926 ut
826 2889 1024 2927 Duumvin
1047 2891 1091 2928 ilTi
1106 2893 1184 2931 lite-
1216 2861 1220 2939 I
1249 2891 1332 2928 &effla
1352 2892 1520 2930 meliores.

190 2937 293 2967 '²⁰²0
304 2936 372 2988 ¹5²5,
397 2937 799 2979 isaac.Casaubonusad
822 2938 1001 2976 Avidium
1022 2942 1180 2982 Casilina
1215 2941 1219 2969 ¹
1296 2943 1318 2973 ἵ*
1348 2948 1491 2991 Negant
1523 2943 1614 2979 enim
1648 2955 1836 2991 congruens
1863 2940 1970 2991 effa]
2009 2942 2132 2982 Simile
2163 2956 2268 2994 argu·-

188 2979 360 3026 vulcatii,
386 2988 420 3024 δί
438 2989 550 3034 Iustus
574 2990 665 3038 Lips.
689 2993 770 3030 Lib,
794 2992 841 3029 II.
863 2989 1076 3028 medorum
1103 3006 1180 3043 cap.
1247 3001 1416 3030 mentum
1442 2994 1520 3031 Lib.
1545 2992 1591 3029 Il.
1615 2993 1723 3041 Epist.
1747 2993 1828 3031 XII.
1853 3004 1887 3030 n.
1909 3006 1942 3039 4.

187 3028 250 3087 1?ss
280 3040 345 3067 ¹¹08
371 3032 571 3078 docuerunt.
609 3041 812 3081 Rucuma.
851 3040 949 3077 Vide
981 3041 1025 3078 ud
1049 3045 1179 3083 Sallust.
1294 3054 1311 3088 7
1346 3044 1499 3081 salerius
1538 3042 1761 3091 Pa:1linus.]
1811 3043 2002 3081 paslmum
2051 3043 2262 3083 Tribunum

183 3078 264 3115 Cat,
288 3090 362 3128 cap,
383 3082 497 3124 [⁴142.
515 3100 571 3138 43·
619 3092 801 3143 perquam
823 3091 974 3132 venuste
1007 3094 1178 3134 Lucalms
1207 3105 1213 3189 ἱ
1240 3094 1325 3143 ΜΞΟ
1358 3094 1501 3134 mjssum
1537 3093 1806 3183 :LYespafianO
1828 3095 1875 3133 ad
1895 3095 2097 3144 Jol'ephum
2122 3096 2262 3133 latitam-

1629 3157 1647 3194 3
2159 3153 2233 3180 tem
2242 3169 2255 3189 ‚
