2616 3686
361 28 434 44 l

303 200 399 270 678
542 186 2226 247 C.PL1N11-CAECILIISECUNDI

267 279 450 336 3Nam
474 290 534 331 ut
559 272 819 349 quasdam
843 283 980 324 artes
1001 308 1017 334 ‚
1067 266 1142 320 ita
1183 264 1547 338 eloquentiam
1573 264 1704 317 nihil
1730 267 1894 337 magis
1920 306 1935 330 ,
1984 285 2147 340 quam
2187 272 2438 346 ancipitia

310 351 716 408 commendant.
793 344 965 403 Vides
991 350 1007 376 ¹
1033 340 1129 417 qui
1149 357 1244 413 per
1271 341 1457 395 funem
1481 340 1535 395 'in
1569 339 1774 394 summa
1795 343 2070 406 nituntur,
2095 360 2325 417 quantos
2351 348 2438 403 s0,

265 430 455 497 4leant
484 428 722 482 excitare
747 424 1011 489 clamores
1030 457 1046 483 ‚
1070 433 1197 473 cum
1223 415 1335 487 jam
1366 415 1585 489 jamque
1616 415 1785 470 casuri
1811 415 2080 472 videntur.
2132 420 2268 476 Sunt
2292 425 2437 481 enim

313 505 549 559 maxime
571 500 827 556 mirabilia
847 541 863 565 ,
905 508 922 529 2
946 511 1082 567 quae
1108 493 1344 545 maxime
1364 491 1625 562 insperata
1655 530 1671 554 ‚
1725 493 1959 545 maxime
1993 495 2313 564 periculosa,
2356 513 2443 555 ut-

311 598 420 651 que
442 578 644 632 Graeci
681 575 844 644 magis
873 571 1180 641 exprimunt
1215 571 1231 599 ³
1266 575 1483 629 παράβολα.
1558 566 1689 621 Ideo
1716 572 2093 638 ‘tnequaquam
2121 586 2213 638 par
2246 573 2441 643 guber-

312 656 514 710 natoris
539 652 610 707 est
633 652 800 704 virtus
823 685 838 709 ‚
891 661 1018 699 curn
1044 640 1259 716 placido
1290 680 1306 705 ‚
1348 640 1403 694 δε
1445 660 1572 697 curn
1611 640 1828 697 turbato
1860 644 1990 700 mari
2014 643 2266 700 vehitur:
2309 660 2440 706 tune

309 730 607 786 admirante
633 724 782 779 nullo
811 719 1134 782 illaudatus,
1176 722 1190 751 ⁵
1218 717 1476 788 inglorius
1505 717 1641 772 subit
1671 731 1890 788 portum
1921 737 1931 772 :
1985 732 2036 771 at
2065 736 2193 773 cum
2217 719 2446 779 stridunt

306 803 462 859 funes
485 843 501 867 ,
541 813 796 856 curvatur
818 796 975 850 arbor
998 834 1014 859 ,
1054 791 1413 866 gubernacula
1440 806 1661 863 gemunt
1682 829 1698 855 ‚
1738 794 1757 821 ⁶
1790 805 1922 847 tunc
1950 793 2037 847 ille
2063 794 2235 849 clarus
2261 796 2314 851 &
2345 799 2444 855 diis

265 904 298 953 5
315 880 467 935 maris
489 878 784 950 proximus.
859 878 878 943 ’ζ
918 868 1074 928 Haec
1105 908 1121 934 ‚
1158 869 1284 943 quia
1307 865 1444 922 visus
1469 884 1527 924 es
1557 865 1688 921 mihi
1715 868 1769 921 in
1791 867 1995 940 scriptis
2020 871 2148 925 meis
2173 874 2445 931 annotasse

2288 965 2451 1021 quae-

311 1050 492 1089 labantur.
519 1047 571 1086 At
595 1046 782 1085 Mediceus
808 1043 846 1082 &
867 1041 1085 1081 Voffianus:
1115 1041 1179 1079 Sed
1202 1041 1255 1078 his
1276 1052 1342 1077 non
1413 1050 1541 1091 TER..
1564 1042 1675 1087 thue
1706 1035 1832 1073 Graeci
1861 1033 1971 1084 magis
1991 1037 2188 1085 exprimunt
2207 1041 2445 1098 παράβολα]

310 1099 506 1140 labentibus
529 1099 644 1143 nulla,
672 1097 738 1136 illis
756 1093 925 1132 nonnulla
942 1095 1038 1139 laus,
1065 1092 1199 1138 etiamst
1217 1091 1344 1128 laban·
1410 1090 1606 1139 Πωρμὶβολοι
1629 1098 1708 1125 non
1730 1085 1917 1136 παράδοξοι
1936 1087 2133 1134 legendum
2157 1115 2169 1133 ,
2209 1092 2247 1128 &
2265 1092 2447 1134 Palatino-

310 1164 393 1198 tur,
421 1149 522 1200 quod
544 1150 684 1188 auctori
700 1147 849 1186 reddidi.
885 1145 941 1183 Sic
958 1145 1059 1194 supra
1086 1144 1195 1192 Epist.
1219 1142 1343 1180 XVll.
1408 1151 1489 1178 rum
1518 1139 1691 1178 librorum
1727 1138 1767 1176 &
1795 1137 1997 1175 editionum
2046 1147 2213 1177 veterum
2249 1143 2441 1186 auctoritas

311 1213 402 1243 extr.
433 1204 472 1239 δε
503 1200 582 1239 alibi
614 1199 810 1250 saepissime
831 1199 973 1236 locutus
993 1196 1053 1235 est.
1107 1202 1189 1233 Non
1217 1193 1340 1239 nulla,
1406 1199 1486 1230 tum
1524 1202 1618 1240 quae
1654 1189 1875 1228 antecedunt
1911 1191 2080 1238 proxime
2100 1218 2112 1235 ,
2147 1190 2224 1229 satis
2255 1195 2442 1237 evincunt.

309 1264 352 1294 ut
373 1255 468 1293 Cato
485 1253 580 1303 apud
607 1253 749 1290 Lucan.
777 1249 858 1288 Lib.
875 1248 941 1287 IX.
968 1259 1019 1286 VS.
1043 1257 1126 1297 192.
1406 1242 1601 1291 παράβοωι
1629 1249 1763 1286 vocat,
1801 1252 1898 1290 quae
1921 1252 2012 1278 mox
2042 1241 2210 1279 audentia
2226 1257 2238 1287 ;
2278 1247 2443 1297 ancipitia

1406 1305 1496 1332 vero
1528 1294 1567 1331 &
1599 1292 1754 1330 maxime
1773 1291 1959 1342 periculosa
1990 1293 2098 1340 paulo
2130 1301 2213 1331 ante
2235 1307 2443 1340 vocaverat.

361 1356 432 1395 Cui
452 1366 530 1393 non
553 1352 733 1401 nullafuit
745 1350 828 1402 justi
847 1349 1055 1390 reverentia.
1408 1344 1538 1384 Graeci
1557 1344 1656 1382 enim
1678 1343 1865 1392 projectae
1886 1343 2055 1381 audaciae
2077 1343 2249 1383 homines
2267 1374 2278 1391 ‚
2303 1352 2442 1397 praeci-

1400 1397 1564 1446 pitesque
1602 1395 1641 1432 ὃς
1687 1395 1897 1432 temerarios
1933 1393 1978 1431 ad
2013 1393 2178 1433 adeunda
2213 1396 2412 1439 discrimina
2431 1429 2445 1448 ,

308 1457 368 1496 ubi
390 1455 485 1495 vide.
513 1456 582 1493 Co
598 1469 622 1493 iz
638 1467 709 1492 τε.
1407 1450 1607 1494 orant-iba&
1626 1445 1811 1483 dicebant:
1841 1452 1881 1482 ut
1900 1452 2022 1489 erant,
2049 1446 2111 1494 qui
2130 1457 2216 1483 cuni
2238 1447 2352 1488 bestiis
2373 1462 2442 1500 pu·

371 1521 404 1546 1.
442 1507 516 1557 {lui
541 1516 602 1557 per
619 1508 747 1552 funem
779 1504 816 1542 in
838 1505 984 1554 summa
1015 1499 1214 1550 nnuman]
1253 1499 1343 1537 Hoc
1405 1499 1589 1547 gnabant:
1619 1499 1709 1533 item
1732 1524 1743 1538 ‚
1775 1496 1839 1544 qui
1857 1497 1896 1533 in
1916 1495 2138 1533 nosocomiis
2159 1502 2310 1546 aegrotis
2331 1503 2440 1541 mini-

307 1559 368 1597 διὰ
384 1557 522 1605 ezoni&
551 1557 813 1606 ίέυκῤῥιχᾱφθαι
836 1584 846 1599 ,
886 1567 949 1604 per
979 1555 1107 1591 funem
1128 1551 1317 1590 ascendere
1332 1577 1342 1595 ,
1406 1549 1560 1587 strabant
1583 1545 1745 1594 profeffo
1764 1550 1861 1584 vitae
1881 1546 2041 1594 periculo
2055 1574 2066 1591 ‚
2093 1547 2139 1584 de
2160 1550 2289 1596 quibus
2304 1551 2443 1592 illustris

310 1611 470 1649 Galenus
491 1608 590 1648 dixit.
642 1608 717 1657 Ipla
737 1618 790 1644 res
809 1607 949 1655 optime
970 1604 1140 1653 cognosci
1161 1603 1276 1652 potest
1296 1613 1341 1640 ex
1407 1600 1560 1648 Scaliger
1578 1599 1616 1635 in
1640 1597 1705 1635 lV.
1732 1598 1770 1634 ἃ
1798 1597 1847 1635 V.
1875 1596 2014 1634 Manilii
2038 1625 2049 1641 ,
2078 1598 2116 1635 δι
2139 1597 2218 1636 Viri
2241 1600 2374 1641 summi
2394 1605 2441 1644 ad

303 1662 472 1711 scriptura
508 1671 679 1709 gemmae
711 1687 721 1703 ,
767 1669 877 1706 quam
922 1655 1146 1695 Mercurialis
1183 1653 1345 1691 exhibuit
1408 1650 1584 1690 Historiae
1601 1648 1784 1698 Augustae
1797 1647 2001 1697 Scriptores.
2028 1647 2054 1685 B
2068 1661 2091 1685 υ
2105 1660 2125 1686 c
2140 1661 2163 1686 H
2178 1661 2202 1687 n
2216 1661 2291 1691 En.
2319 1656 2442 1701 Παροξ.

307 1714 390 1752 Lib.
411 1715 477 1751 ΠΙ.
508 1711 604 1748 Artis
625 1709 882 1758 Gymnasticae
901 1719 979 1756 cap.
1000 1707 1050 1743 V.
1079 1704 1244 1743 Similiter
1259 1705 1344 1742 Ho-
1404 1710 1498 1748 βολα
1519 1700 1658 1750 pridem
1678 1699 1791 1737 edidit
1822 1698 1935 1736 Aldus
1964 1698 2084 1746 priore
2107 1699 2269 1740 editione
2291 1730 2302 1748 ,
2327 1704 2439 1755 idque

304 1765 413 1803 ratius
431 1763 585 1800 Poetani
600 1789 609 1804 ,
622 1761 683 1811 qui
705 1759 984 1797 admirationem
1003 1756 1068 1804 ipsi
1091 1763 1257 1794 moturus
1277 1755 1319 1794 fit
1333 1782 1344 1799 ,
1404 1751 1625 1792 confirmant
1645 1750 1833 1789 Mediceus
1859 1750 1896 1787 ὅ(
1918 1749 2128 1790 Voffianus.
2152 1751 2304 1792 Adludit
2321 1755 2438 1797 Arnz.

296 1812 512 1863 funambulo
533 1811 685 1850 similem
707 1809 778 1850 effe
808 1811 898 1848 vult.
935 1809 985 1847 ΙΙ.
1005 1806 1115 1856 Epist.
1143 1806 1189 1845 ad
1216 1808 1346 1857 Augu·
1408 1803 1614 1850 modicam.

308 1867 423 1905 stum:
1457 1868 1492 1903 4.
1521 1860 1753 1904 Nequaquam
1770 1861 1838 1902 par
1856 1851 2091 1902 gubernatoris
2109 1853 2152 1903 est
2175 1853 2335 1904 virtus]
2358 1856 2440 1896 Ne.'

1407 1918 1473 1955 pos
1493 1907 1530 1944 in
1554 1908 1625 1944 vita
1647 1905 1781 1942 Attici:
1812 1904 2042 1941 Gubernator
2047 1905 2228 1953 praecipua
2245 1905 2350 1944 laude
2361 1909 2439 1955 fer.

361 1968 426 2006 Ille
444 1978 508 2016 per
529 1971 720 2006 extentum
748 1962 877 2001 funem
896 1960 983 1999 mihi
995 1960 1076 2010 posse
1094 1959 1237 1997 videtur
1406 1969 1488 2002 tur,
1518 1956 1577 2008 qui
1606 1968 1735 1992 navem
1752 1968 1793 1993 ex
1815 1953 1922 1992 hieme
1941 1955 2094 2004 marique
2113 1956 2279 2006 scopulosa
2300 1959 2440 2006 servat.

360 2020 419 2058 Ire
444 2024 566 2062 Poeta,
594 2030 710 2055 meum
735 2014 792 2065 qui
807 2016 919 2064 petius
943 2012 1096 2050 inaniter
1120 2011 1241 2060 angit,
1406 2013 1462 2045 Ex
1484 2008 1608 2052 hieme,
1636 2007 1672 2045 id
1693 2006 1763 2050 est,
1791 2017 1836 2043 ex
1855 2005 2076 2054 tempestate.
2126 2007 2262 2045 Seneca
2291 2009 2440 2052 Consol.

364 2070 516 2113 1rritat,
544 2068 693 2111 mulcet,
714 2063 818 2113 falfis
840 2063 1024 2102 terroribus
1045 2062 1184 2111 implet,
1402 2059 1449 2097 ad
1472 2059 1648 2096 Marciam
1675 2067 1753 2106 cap.
1769 2057 1839 2096 VI.
1865 2057 1974 2094 Simul
2004 2056 2111 2105 cogita
2135 2085 2145 2101 ,
2184 2071 2250 2095 non
2279 2059 2341 2110 effe
2359 2075 2434 2098 ma.

360 2128 409 2160 Ut
421 2134 564 2170 magus,
587 2118 738 2159 &modo
747 2130 800 2154 me
815 2115 933 2155 Thebis
947 2114 1066 2159 ‚modo
1074 2114 1168 2163 ponit
1179 2111 1343 2151 Athenis.
1401 2123 1511 2159 gnum
1526 2137 1536 2154 ‚
1557 2110 1595 2159 fi
1617 2108 1716 2145 rebus
1732 2108 1890 2157 prosperis
1900 2109 2030 2154 fortem
2048 2120 2159 2156 gerere
2180 2136 2191 2154 ,
2216 2109 2274 2147 ubi
2288 2112 2436 2161 secundo

1403 2162 1502 2207 cursu
1525 2161 1605 2197 vita
1622 2158 1796 2208 procedit:
1826 2171 1883 2195 nec
1904 2158 2148 2206 gubernatoris
2167 2161 2305 2210 quidem
2323 2172 2431 2200 amm

308 2225 338 2264 B
352 2239 375 2263 u
389 2235 512 2262 cunr
526 2236 566 2260 n.
603 2217 866 2259 circumscribit
899 2214 1133 2253 funambulos
1156 2213 1194 2251 ὅτ
1216 2212 1342 2253 schoe-
1400 2210 1639 2262 tranquillum
1662 2222 1759 2247 mare
1780 2220 1821 2248 ey
1842 2209 2021 2259 obsequens
2040 2219 2164 2247 ventus
2184 2211 2349 2257 ostendit,-
2367 2211 2432 2247 ad.

307 2277 467 2315 nobitas.
494 2274 521 2311 B
536 2286 554 2310 A
571 2286 592 2309 a
612 2285 626 2308 i
646 2283 683 2308 H.
722 2269 958 2307 Recentiores
974 2266 1088 2314 scripti
1106 2266 1143 2303 ἃ
1165 2263 1234 2302 Ed.
1251 2267 1339 2304 Vet.
1404 2262 1495 2308 versi
1513 2261 1650 2312 aliquid
1668 2261 1826 2299 incurrat
1846 2267 1992 2309 oportet,
2018 2261 2107 2310 quod
2131 2263 2291 2301 animum
2304 2260 2430 2310 probet.

308 2328 365 2379 qui
384 2328 471 2364 fune
485 2325 522 2363 in
532 2326 677 2372 summa
700 2321 862 2358 nituntur
876 2347 885 2362 ‚
899 2326 1024 2354 contra
1045 2316 1155 2353 fidem
1177 2316 1340 2355 Veterri-
1403 2313 1426 2350 Β
1442 2326 1467 2352 υ
1479 2326 1501 2350 c
1516 2325 1539 2349 H
1553 2326 1576 2350 N
1594 2324 1613 2349 ε
1625 2326 1662 2349 n.

308 2380 372 2417 mi.
401 2376 517 2415 iidem
538 2375 615 2413 libri
635 2374 744 2411 etiam
769 2371 869 2419 supra
891 2369 964 2413 vis,
980 2379 1046 2417 pro
1061 2367 1137 2405 laus
1151 2376 1339 2417 ,corrupte
1457 2378 1489 2412 ς.
1518 2364 1694 2412 Inglonus
1705 2361 1803 2410 subit
1817 2363 1990 2412 portum]
2029 2362 2219 2401 Priinarius
2238 2391 2248 2407 ‚
2274 2361 2429 2412 inglorio-

306 2428 529 2470 exhibebant.
561 2425 732 2473 Optimus
752 2424 926 2460 nitantur.
1394 2415 1469 2464 sus.
1495 2413 1692 2465 quomodo
1713 2419 1837 2450 contra
1860 2413 1991 2461 Paneg.
2017 2425 2093 2461 cap.
2116 2414 2289 2452 valit.
2309 2412 2431 2460 glori,-

361 2493 397 2518 2.
431 2480 534 2516 Oieae
554 2476 706 2514 maxime
724 2473 934 2522 insperata]
973 2470 1025 2508 Ita
1055 2481 1140 2507 cum
1163 2469 1339 2508 Mediceo
1394 2466 1559 2516 fiffimum
1574 2466 1729 2509 frutlum
1750 2463 1849 2500 dixit.
1879 2465 2102 2501 Concinnius
2122 2472 2243 2501 tamen
2255 2462 2427 2511 inglorius,

309 2533 347 2570 ὅτ
370 2519 487 2569 Arii?
508 2528 699 2576 Vulgatae.
729 2526 845 2562 Mutat
877 2522 1031 2560 Helmst.
1058 2522 1093 2560 in
1126 2520 1340 2570 exspectat&
1404 2517 1504 2567 quod
1534 2529 1578 2555 ex
1598 2516 1675 2554 solo
1698 2515 1859 2552 Marone
1888 2516 1925 2552 ὃ(
1955 2515 2082 2552 Tullio
2110 2513 2187 2551 satis
2214 2513 2429 2552 defenditur.

307 2582 413 2623 Voff.
439 2580 503 2619 Ed.
530 2580 616 2616 Ver.
647 2576 760 2614 Aldus
786 2577 823 2613 δε
844 2574 1028 2622 Gryphius
1051 2600 1062 2616 ,
1097 2571 1338 2622 inexspectata.
1407 2570 1510 2618 Lege
1532 2568 1697 2606 Servium
1725 2565 1770 2603 ad
1793 2565 1896 2613 Virg.
1917 2565 1964 2603 ΙΙ.
1992 2565 2126 2610 Georg.
2147 2575 2193 2600 vs.
2214 2563 2298 2608 486.
2320 2565 2357 2600 &
2376 2565 2424 2603 X.

310 2636 389 2681 Qui
415 2632 519 2670 libros
543 2637 632 2667 vett.
658 2628 906 2670 evolverunt,
949 2630 1085 2662 norunt
1115 2623 1205 2660 haec
1233 2622 1341 2660 verba
1406 2619 1565 2658 Aeneid.
1594 2630 1644 2656 vs.
1676 2627 1736 2666 52.
1772 2616 1832 2653 De
1861 2616 1924 2654 illo
1944 2643 1954 2660 ‚
1996 2613 2225 2663 gubernacula
2249 2625 2389 2662 gemunt
2414 2643 2425 2660 ,

308 2683 593 2735 frequentissime
618 2679 766 2717 misc-eri.
1404 2670 1486 2709 vide
1509 2670 1600 2709 infra
1621 2681 1658 2706 n.
1681 2679 1741 2717 13.
2281 2714 2287 2721 .

362 2748 395 2784 3,
425 2732 657 2778 naeinam]
694 2729 788 2767 Loci
813 2726 917 2775 hujus
949 2726 1211 2765 restitutionem
1237 2723 1334 2762 hausi
1455 2722 1491 2760 6.
1517 2726 1610 2758 Tunc
1631 2718 1687 2757 ille
1705 2718 1856 2764 claras]
1885 2714 1979 2750 Cum
2008 2714 2261 2768 rectam-tenet
2278 2727 2313 2752 iu
2333 2716 2424 2762 peri-

309 2799 353 2824 ei<
376 2785 585 2823 authentico
614 2781 775 2820 Palatino
798 2808 807 2823 ,
843 2777 988 2825 vidique
1020 2777 1128 2816 etiam
1159 2774 1337 2813 firmatam
1401 2773 1486 2810 culo
1519 2769 1817 2821 gubernationem
1843 2793 1869 2822 ’.
1891 2766 1928 2801 δε
1965 2771 2108 2819 portum
2144 2763 2280 2821 illaesus
2310 2765 2425 2806 subiit.

312 2837 355 2872 ab
373 2837 529 2874 editione
549 2835 603 2872 illa
622 2842 820 2881 anonyma
864 2830 962 2867 Male
995 2828 1103 2866 ceteri
1122 2827 1279 2876 impreffi
1302 2828 1338 2864 iii
1405 2824 1514 2861 Hanc
1540 2822 1750 2860 sententiam
1782 2817 1960 2871 Lucianus
1988 2824 2022 2848 in
2055 2815 2211 2871 Ἱῗοκειηι
2236 2819 2426 2865 ulurpavit.

310 2887 408 2923 hunc
427 2887 522 2923 diem
544 2913 553 2926 ,
582 2882 764 2929 πειηεὲἓοξοι
783 2909 793 2925 ,
833 2894 918 2930 quae
933 2879 1060 2928 grandi
1085 2879 1167 2925 sunt
1183 2878 1337 2929 fitbjee‘la
1404 2879 1447 2912 Et
1473 2874 1548 2911 Diis
1562 2869 1711 2918 maris.]
1745 2866 1879 2922 Cast9r1
1901 2865 1939 2900 N
1959 2863 2092 2921 Polli-1⁶1
2114 2892 2125 2908 ,
2152 2874 2220 2921 qm.
2239 2877 2425 2914 praeerant

312 2935 507 2983 dscrimini.
535 2936 605 2972 ideo
625 2925 639 2977 ‚¹
675 2946 734 2972 otc
781 2944 938 2981 quorum
972 2931 1156 2979 postrema
1186 2937 1336 2973 tamen,
1399 2924 1646 2972 navigantibus
1664 2947 1673 2963 ‚
1711 2917 1756 2955 de
1777 2915 1903 2977 quibus
1922 2925 1956 2950 in
1980 2913 2070 2951 Oclis
2093 2915 2262 2971 Horatius
2299 2917 2424 2958 Poffii·

313 2998 359 3023 iie
382 2986 448 3032 ipsa
471 2986 615 3034 quidem
641 2985 767 3022 Aldina
787 2982 926 3020 admisit
946 2983 1085 3024 Editio,
1114 2979 1250 3018 nedum
1277 2990 1338 3016 an·
1400 2987 1480 3013 mus
1504 2975 1612 3012 etiam
1629 2971 1840 3021 Neptunum
1856 2965 2042 3019 &ceteros
2055 2965 2225 3022 respicere
2266 2968 2423 3011 Caua,

315 3037 496 3084 tiquiores.
549 3036 692 3071 interim
721 3031 891 3082 glossema
920 3033 1006 3070 illud
1048 3032 1214 3069 vocaliter
1244 3027 1343 3079 quasi
1449 3035 1484 3069 7.
1511 3024 1586 3060 Cur
1612 3021 1692 3057 haec
1710 3018 1729 3055 ἓ
1765 3028 1846 3065 qma
1877 3018 1968 3056 ess-1,-
1999 3029 2027 3051 es
2059 3017 2179 3065 ηιώη
2221 3019 2267 3056 lta
2292 3031 2423 3059 omnes

315 3087 467 3132 clamat,
493 3083 790 3124 emendationem
802 3083 957 3120 nostram
969 3083 1199 3121 verissimam.
1218 3081 1252 3119 G
1267 3094 1290 3119 n
1304 3092 1347 3117 u·
1370 3079 1374 3107 ἲ
1395 3075 1570 3123 vulgatae.
1599 3073 1709 3110 Arnz.
1737 3071 1810 3103 Cur
1831 3064 1921 3105 hoc?
1937 3068 2064 3105 flamm
2087 3068 2158 3106 hoc
2179 3069 2298 3109 refert.
2326 3070 2423 3110 Ecce

2305 3129 2427 3160 autem
