2616 3686
445 218 476 258 4
532 200 914 254 1ᾸΙᾸΒΕΚ
981 199 1050 247 x.
1111 199 1688 254 EPIquoLA
1758 207 2002 264 xcviii.
2215 222 2310 287 825

196 287 419 342 „iamex
433 285 736 356 poenitentia
767 287 1013 348 zmpetret.
1036 292 1044 299 ·
1066 282 1080 306 ¹
1107 277 1224 329 Sine
1251 281 1454 332 andare
1482 298 1606 334 vero
1633 287 1856 358 propcfitt'
1888 292 2037 344 labelli
2060 295 2193 349 nullo
2212 316 2308 350 crz-

196 365 324 416 mt'ne
347 357 505 410 locum
532 353 717 409 habere
736 351 932 408 debeat.
965 367 1087 407 nam
1114 356 1132 379 ²
1151 353 1229 410 (9.»
1245 350 1429 423 peffi'mt'
1458 359 1694 430 exempli,
1732 376 1817 411 nec
1831 365 1986 433 nostri
1994 366 2152 434 stculz'
2173 373 2250 439 est.

245 542 278 571 1.
305 530 382 569 sine
399 528 533 565 auam
547 524 699 578 propositi
717 522 862 572 libella]
889 527 924 572 Q
933 535 997 563 uae
1017 525 1212 573 conceptio

191 581 233 622 &
247 581 403 619 formula
420 578 525 616 libelli
541 577 744 623 acculatorii
756 604 766 620 ‚
792 588 886 626 quae
907 577 1086 623 inscript«.=
1104 588 1213 622 atoue

190 631 406 680 conscriptio
424 627 493 667 effe
509 628 635 665 debeat
649 654 659 672 ,
673 627 808 663 Paullus
827 628 865 664 in
885 627 1072 664 Pandeciis
1088 633 1212 671 ofen-

191 682 246 720 dit
264 693 342 731 cap.
366 680 434 719 III.
458 679 504 716 de
529 678 676 715 accusat.
727 676 798 714 Sed
834 678 988 714 auctoris
1021 678 1210 724 profecto,

191 732 265 771 hoc
287 733 335 770 est
355 729 562 768 accusatoris
576 755 586 769 ,
614 728 671 765 vel
691 727 766 776 ejus
786 729 847 775 qui
867 727 926 764 dat
945 729 1099 765 libellum
1115 757 1124 772 ‚
1144 739 1208 764 no-

191 795 281 821 men
299 783 336 821 in
353 781 473 831 primis
490 777 625 816 inscribi
646 786 753 826 atque
781 777 940 815 subscribi
971 778 1101 816 ‹ic-bere
1123 790 1210 815 con-

189 831 319 871 firmat.
368 833 416 868 fit
443 827 617 877 Ulpianus
649 829 730 865 Lib.
765 828 855 865 VII.
879 828 926 866 de
956 829 1095 867 Officio
1125 829 1211 866 l’ro·

189 882 341 921 consulis
359 880 493 924 scribit,
522 891 598 916 cum
616 879 720 916 alicui
735 880 864 916 crimen
881 878 1031 918 obiicitur
1044 908 1054 924 ,
1077 889 1211 929 praece-

187 933 268 970 dere
293 930 410 969 debere
439 931 475 967 in
508 932 633 966 crimen
649 928 935 979 subscriptionem.
966 931 1068 981 quue
1089 931 1213 967 inven-

186 992 266 1020 tum
294 982 372 1030 effe,
399 995 439 1019 ne
455 981 564 1028 facile
592 980 664 1029 quis
690 980 843 1032 profitiat
867 981 916 1017 ad
942 981 1212 1030 accusationem,

184 1045 265 1070 cum
275 1034 366 1082 sciat
383 1034 536 1070 inultam
561 1030 622 1079 fibi
648 1032 898 1080 'accusationem
928 1044 996 1068 non
1018 1035 1210 1078 futuram.-

185 1093 266 1132 cap.
297 1082 379 1120 VII.
404 1083 449 1121 de
468 1081 580 1120 accus.
607 1083 702 1119 Cum
725 1092 812 1129 ergo
842 1083 878 1119 in
904 1082 1107 1120 criminibus
1134 1094 1213 1120 non

182 1133 298 1171 solum
315 1133 496 1171 accusator
507 1143 648 1169 nomen
668 1131 767 1168 suum
794 1130 1039 1180 profiteri,1ed
1059 1134 1091 1170 se
1103 1134 1210 1170 etiam

185 1184 316 1222 debeat
342 1184 400 1221 sua
418 1195 534 1220 manu
553 1182 734 1230 obligare,
761 1182 805 1219 ab
834 1183 1054 1220 subeundam
1076 1184 1210 1221 calum-

184 1234 266 1272 niae
287 1245 445 1283 poenam
461 1261 472 1277 ,
501 1233 526 1270 si
552 1233 758 1270 calumniari
786 1231 968 1271 videatur:
995 1235 1128 1271 merito
1154 1234 1212 1272 hic

183 1285 392 1323 reficiuntur
418 1284 521 1329 libelli
541 1281 615 1319 fine
635 1282 804 1326 auctore,
825 1294 910 1320 cum
944 1283 1074 1321 famosi
1100 1287 1212 1332 magis

183 1344 296 1383 quarn
323 1334 528 1372 accusatorii
556 1333 767 1375 videantnr3
796 1334 833 1369 &
860 1332 1042 1378 indicent,
1065 1335 1211 1382 scripto-

181 1395 288 1429 tem,
314 1385 377 1434 qui
395 1386 529 1429 latitat,
556 1381 628 1421 effe
659 1383 983 1421 calumniatorem:
1013 1387 1087 1422 Cur
1107 1387 1207 1424 enim

184 1435 320 1485 alioqui
340 1435 457 1482 palam
476 1434 637 1473 accusare
655 1445 730 1470 non
747 1433 882 1471 audet?
896 1434 923 1471 B
935 1447 956 1472 A
967 1446 987 1470 r.
1006 1447 1029 1471 D
1042 1446 1068 1474 υ
1082 1451 1093 1472 r
1109 1447 1131 1471 N
1147 1449 1171 1472 u
1184 1447 1210 1474 s.
1240 1474 1241 1477 ,

190 1486 350 1537 Prop‘osxti
377 1485 515 1531 libelli.)
545 1486 778 1522 Accusatores
807 1486 956 1522 crimina
985 1496 1049 1533 per
1075 1486 1211 1524 libellos

185 1536 396 1575 deferebant
422 1546 465 1573 ac
494 1535 769 1573 denunciabant.
795 1534 867 1572 vid.
895 1535 917 1572 1.
942 1535 1144 1573 libellorum
1171 1553 1213 1576 π.

183 1586 232 1625 de
252 1587 463 1625 accusation.
489 1585 667 1634 Apulejus
687 1584 889 1632 Apologia:
909 1585 1046 1631 Postera
1069 1587 1124 1624 die
1145 1587 1208 1626 dat

182 1637 355 1679 libellum.
383 1638 420 1674 δὲ
442 1636 545 1674 infra.
570 1636 629 1673 ubi
644 1635 733 1673 illud
748 1634 853 1673 libelli
872 1635 975 1680 vestri
992 1647 1095 1673 atrox
1114 1638 1212 1685 prin-

180 1687 303 1735 cipium
317 1715 328 1731 ,
355 1687 490 1724 nomine
507 1686 659 1736 privigni
679 1685 745 1722 mei
759 1687 955 1730 formatum
968 1684 983 1722 ?
996 1687 1031 1724 S.
1049 1687 1208 1724 Ambro-

182 1736 251 1774 sius
284 1738 350 1775 Or.
379 1739 416 1775 in
450 1738 534 1774 obit.
564 1736 826 1774 Valentiniani:
855 1737 950 1773 Cum
975 1736 1046 1785 pest
1075 1737 1205 1787 aliquot

183 1787 253 1825 dies
282 1788 490 1825 accusatoris
523 1786 685 1835 legeretur
715 1786 871 1830 libellus,
898 1787 1112 1824 calumniam
1130 1797 1210 1837 pro-

184 1837 413 1875 nunciaturus
441 1839 639 1885 accusatum
670 1836 793 1880 tibere,
822 1837 922 1874 donec
938 1840 1128 1886 praesentas
1152 1851 1206 1875 co-

181 1890 371 1934 gnosceret,
398 1887 572 1935 obversari
588 1887 697 1936 jufflt.
720 1886 886 1932 Juvenal.
914 1887 984 1924 Sat.
1008 1889 1075 1925 Vl.
1099 1899 1204 1926 accu-

180 1935 232 1975 s.t
251 1936 398 1975 Manilia
421 1937 443 1973 si
463 1948 522 1975 rea
541 1948 618 1974 non
636 1937 705 1974 est:
733 1941 945 1985 componunt
965 1938 1056 1986 ipsae
1069 1947 1129 1988 per
1145 1939 1206 1989 fi,

174 1991 403 2037 formantque
430 1987 578 2026 libenos.
602 1987 676 2025 vid.
704 1987 813 2024 etiam
845 1987 883 2024 P.
909 1987 1020 2026 Colui
1050 1991 1139 2026 Not.
1166 1991 1204 2027 in

184 2036 398 2086 Apulejum.
423 2038 456 2075 R
470 2051 482 2075 1
499 2051 521 2074 τ
535 2049 562 2075 Τ
574 2049 594 2073 ε
609 2050 636 2076 R
648 2047 691 2074 sn
705 2050 729 2073 u
742 2049 758 2072 s
772 2049 787 2073 1
799 2049 822 2073 u
836 2050 867 2075 S.
901 2037 1010 2076 Adde
1029 2039 1073 2076 ad
1094 2041 1205 2088 Epist.

184 2097 302 2135 praec.
327 2100 363 2125 n.
391 2100 425 2135 ς.
453 2087 640 2136 Propositus
659 2088 703 2131 eli
724 2086 856 2124 libellus
876 2087 949 2126 fine
969 2089 1128 2128 auetore.

236 2148 272 2174 2.
298 2141 348 2175 Et
361 2136 483 2186 peffimt'
503 2137 666 2186 exempli,
693 2149 751 2175 nec
770 2136 871 2183 nostri
881 2138 989 2186 ficult'
1012 2139 1094 2188 effi]
1142 2140 1203 2179 De

185 2187 337 2235 eleganti
355 2189 624 2226 combinatione
642 2188 890 2235 particularum
912 2189 1052 2227 istarum
1070 2201 1133 2234 εν,
1146 2203 1204 2228 nec

183 2248 262 2274 non
290 2238 399 2275 cuivis
431 2238 671 2275 animadversa
695 2265 705 2280 ,
740 2249 787 2274 ex
814 2237 1018 2284 Cicerone,
1058 2241 1203 2290 aliisque

182 2288 330 2335 optimis
353 2286 555 2325 auctoribus
573 2287 712 2334 prolatis
733 2287 888 2334 pluribus
907 2290 1098 2337 exemplis,
1116 2302 1202 2338 qua-

184 2337 230 2375 lia
250 2337 357 2375 etiam
379 2337 473 2385 apud
493 2337 645 2375 Plinium
668 2345 883 2380 occurrunt,
908 2339 989 2376 alibi
1007 2339 1089 2377 dixi.
1124 2343 1201 2388 Pe]-

176 2387 260 2437 fimi
290 2388 431 2436 exempli
458 2386 528 2424 effe
561 2387 707 2429 dicitur,
733 2385 834 2434 quod
865 2385 905 2424 fit
934 2397 1059 2426 contra
1087 2391 1204 2429 bonos

181 2447 322 2481 mores,
352 2439 389 2474 &
409 2438 456 2475 est
467 2437 736 2485 iniquissimum.
789 2438 844 2474 bic
863 2437 964 2482 alibi,
991 2440 1057 2476 Ad
1078 2452 1205 2478 exem-

182 2488 283 2535 plum
303 2488 459 2532 pertinet.
510 2488 676 2533 Deinde,
704 2488 798 2525 Rem
824 2498 901 2524 non
920 2486 990 2526 effe
1001 2489 1108 2538 seculi
1120 2491 1197 2539 sui,

183 2539 241 2575 vel
271 2537 407 2583 talem,
434 2548 544 2586 quam
572 2538 673 2575 suum
702 2537 860 2576 seculum
878 2565 890 2583 ‚
923 2539 984 2576 sua
1011 2548 1176 2589 tempora
1193 2569 1204 2588 ‚

181 2589 377 2626 suorumue
407 2595 614 2636 temporum
646 2586 760 2632 festa,
796 2598 873 2626 non
903 2590 1075 2635 patiatur,
1100 2592 1203 2641 saepe

183 2637 348 2676 dixerunt
366 2639 451 2676 boni
469 2639 665 2688 principes:
688 2648 762 2675 rem
781 2639 958 2686 ejusmodi
978 2640 1046 2677 hac
1064 2641 1205 2680 formu-

183 2685 217 2724 la
246 2697 369 2726 notare
394 2689 582 2732 volentes,
608 2700 701 2737 quae
730 2687 772 2724 sit
797 2688 901 2736 plena
919 2689 1135 2729 absurditatis
1160 2694 1201 2730 &

188 2735 389 2783 injustitiae,
425 2737 522 2787 quafi
555 2750 665 2787 quam
695 2738 839 2775 felicitas
867 2739 970 2776 seculi
998 2741 1136 2788 respuat
1161 2744 1200 2780 δε

191 2784 382 2826 abhorreat.
432 2790 487 2827 Sic
505 2789 575 2837 ipse
598 2789 775 2836 Trajanus
805 2788 904 2836 supra
934 2788 1027 2838 Epist
1064 2791 1200 2831 LXIII.

193 2846 259 2871 non
284 2837 324 2882 est
347 2839 482 2885 justitia
509 2840 743 2878 nonstrorum
773 2845 993 2887 temporum.
1022 2839 1077 2878 Sic
1097 2841 1202 2887 Justi-

2095 441 2300 499 XCIX.

1277 526 1463 564 videamur
1491 528 1528 566 in
1556 539 1663 568 tanta
1695 536 1906 580 temporum
1938 534 2142 574 nostrorum
2163 538 2302 577 benevo-

1278 578 1381 616 lentia
1413 579 1550 629 aliquid
1583 580 1735 619 acerbius
1766 584 1951 621 admittere
2012 585 2058 622 Et
2085 587 2121 623 in
2148 589 2236 634 Leg-
2268 603 2303 638 ς.

1278 632 1301 665 n
1323 641 1392 678 qua
1415 630 1562 668 illustris.
1588 632 1634 669 C.
1659 633 1703 669 ad
1726 633 1797 671 SC.
1831 634 1983 673 Tertull.
2012 637 2134 675 nostris
2155 645 2303 686 tempo-

1276 681 1371 716 ribus
1397 680 1589 729 indignum.
1641 682 1809 721 Similiter
1837 684 1935 722 idem
1960 687 1997 723 in
2027 686 2157 724 Edicto
2190 698 2225 734 7.
2254 689 2299 727 de

1276 738 1458 777 argentar,
1485 731 1656 770 contradi.
1686 739 1765 771 Non
1783 746 1929 784 aequam
1951 737 2017 786 est,
2044 737 2211 785 iriquit,a
2231 749 2301 775 no·

1275 780 1501 838 litorumque
1526 791 1735 830 temporum
1748 786 1884 834 justitia
1904 787 2079 832 alienum,
2099 801 2149 825 eos
2169 789 2227 837 qui
2248 789 2301 826 be-

1278 842 1317 866 ne
1348 832 1389 868 de
1417 832 1494 868 altis
1528 843 1726 877 merentur,
1762 834 1859 874 rebus
1872 837 1943 883 suis
1956 837 2115 887 privari,
2141 840 2200 888 qui
2220 852 2300 877 vero

1276 881 1398 919 debent
1414 910 1423 925 ‚
1440 882 1614 932 superbire
1632 884 1673 922 de
1691 885 1809 923 alieno.
1864 891 2003 926 (rraeca
2035 888 2061 926 fi
2077 890 2155 937 quis
2176 890 2300 934 malit,

1275 931 1361 969 haec
1380 932 1588 970 sunt1o'oo‘azov
1608 937 1778 982 τυνχοένει,
1790 936 1847 972 no'oc
1868 940 1925 979 τΞς
1945 942 2003 975 τῶν
2030 945 2298 977 ΗΜΕΤΕΡΩΝ

1276 990 1472 1020 ΧΡΟΝΩΝ
1494 984 1724 1031 δικαιοσύνης,
1743 988 1942 1036 ἀλλότριον,
1963 991 2021 1031 uie
2039 990 2097 1033 μὲν
2114 990 2300 1039 εὐεξγὲτας

1275 1034 1337 1068 τῶν
1365 1033 1454 1070 ἰδίων
1483 1037 1664 1084 §secio-Sacc
1691 1038 1930 1086 πξαγμοὶτων,
1952 1042 2026 1080 τοὺς
2046 1039 2083 1076 δὲ
2111 1044 2300 1089 χξεωςοῦν-

1278 1099 1337 1125 τως
1375 1086 1444 1126 τοῖς
1480 1089 1677 1134 ἀλλοτξίοις
1713 1090 1762 1130 ἐν,
1800 1090 1943 1137 τξυῒςῖν.
1997 1090 2053 1127 Sic
2082 1090 2294 1136 Justinianus

1265 1134 1418 1179 minor,
1443 1135 1626 1182 Justiniarri
1646 1136 1772 1174 sororis
1793 1136 1882 1175 filius
1903 1140 1939 1175 δε
1959 1140 2064 1187 ipfius
2084 1140 2308 1189 adoptiuus‚.

1272 1184 1307 1221 in
1328 1185 1351 1222 l.
1378 1186 1438 1222 ult.
1468 1186 1511 1224 C.
1537 1186 1583 1224 de
1603 1187 1788 1232 sepulchro
1813 1189 1896 1226 viol.
1913 1201 1989 1226 cum
2001 1191 2050 1242 fit
2070 1191 2235 1238 injustum
2253 1203 2296 1231 (φ’

1272 1236 1396 1273 nostris
1417 1237 1571 1274 alienum
1598 1239 1831 1286 temporibus.
1880 1238 2057 1289 Idemque
2083 1242 2172 1290 Imp>
2201 1241 2295 1290 apud

1273 1285 1475 1334 Corippum
1507 1291 1576 1331 ait;
1606 1294 1687 1325 Non
1715 1289 1848 1338 patitur
1874 1291 2049 1331 seclorum
2071 1293 2166 1340 secta
2191 1302 2296 1329 meo-

1272 1346 1376 1380 rum,
1403 1337 1541 1386 injustos
1552 1339 1691 1387 saevire
1714 1339 1787 1377 diu.
1823 1339 1879 1377 Sic
1909 1341 2113 1379 Alexander
2142 1344 2178 1379 in
2204 1343 2294 1390 ch.

1274 1398 1308 1434 ς.
1333 1386 1381 1424 ad
1411 1388 1434 1425 1.
1463 1388 1576 1425 Corn.
1603 1389 1649 1427 de
1681 1390 1751 1426 fals.
1788 1390 1944 1438 Capitale
1973 1393 2099 1430 crimen
2128 1405 2151 1428 a
2182 1391 2296 1430 liberis

1268 1438 1402 1475 moveri
1419 1439 1551 1485 matri,
1576 1439 1669 1477 sena
1689 1451 1771 1477 mea
1792 1453 1857 1476 non
1872 1441 2018 1489 potitur.
2063 1444 2118 1480 Sic
2139 1443 2294 1481 Gordia-

1268 1497 1335 1523 nus
1355 1488 1448 1537 Imp.
1473 1490 1510 1526 in
1531 1491 1619 1537 Leg.
1647 1501 1682 1527 2.
1709 1491 1753 1527 C.
1779 1502 1826 1528 ne
1855 1490 1924 1529 fise.
1951 1493 2011 1530 vel
2044 1493 2148 1542 Resp.
2174 1493 2296 1531 Tem-

1270 1548 1402 1584 porum
1424 1551 1595 1577 meorum
1613 1540 1792 1588 discirlina
1815 1554 1881 1578 non
1899 1544 2048 1590 patitur.
2076 1545 2114 1580 ὃς
2137 1544 2228 1591 Leg.
2258 1555 2293 1591 3.

1270 1587 1356 1624 eod.
1381 1589 1629 1628 Diocletianus
1652 1593 1688 1628 &
1708 1592 1973 1630 Maximianus:
2002 1593 2178 1631 Abhorret
2198 1607 2218 1631 a
2236 1593 2295 1631 se-

1268 1638 1351 1674 culo
1370 1640 1506 1677 nostro.
1557 1640 1672 1678 Iidem
1693 1643 1728 1679 in
1751 1642 1771 1678 l.
1799 1642 1860 1679 ult.
1888 1642 1970 1680 eod.
1996 1653 2021 1680 t.
2048 1655 2167 1681 contra
2187 1644 2294 1682 seculi

1266 1689 1375 1727 nostri
1394 1690 1690 1740 tranquillitatem
1705 1691 1881 1740 implorari
1901 1705 1967 1729 non
1989 1695 2091 1733 decet.
2136 1697 2294 1732 Contra-

1266 1740 1359 1776 rium
1383 1739 1436 1777 his
1455 1742 1502 1777 est
1522 1741 1607 1778 illud
1632 1741 1733 1779 Plinii
1752 1741 1796 1778 ad
1815 1742 1941 1780 Train.
1971 1744 2075 1792 Epist.
2101 1745 2182 1782 XX.
2199 1755 2223 1781 n
2256 1755 2292 1783 2.

1266 1791 1630 1840 Convenientifflmum
1658 1791 1908 1842 tranquillitati
1934 1793 2037 1832 seculi
2066 1795 2127 1832 tui.
2174 1794 2232 1830 Rr
2249 1807 2291 1830 τ-

1267 1851 1290 1874 T
1305 1851 1326 1876 E
1340 1853 1362 1877 a
1377 1853 1393 1877 s
1407 1852 1441 1877 Η.
1469 1841 1563 1878 Istud
1581 1842 1631 1877 ad
1649 1844 1838 1890 exemplum
1855 1845 2002 1891 pertinet
2034 1846 2186 1882 occurrit
2211 1845 2288 1883 Lib.

1264 1887 1330 1927 VI.
1357 1890 1463 1939 Epist.
1489 1892 1626 1930 XXIX.
1652 1905 1687 1932 n.
1718 1905 1749 1930 1.
1773 1894 1852 1931 Lib.
1879 1895 1922 1928 X.
1945 1895 2050 1942 Epist.
2074 1895 2290 1933 XXXVIII.

1262 1950 1300 1976 n.
1325 1951 1361 1977 z.
1388 1942 1582 1981 LXXXV.
1608 1955 1643 1980 n.
1673 1955 1705 1990 ς.
1731 1944 1777 1980 Et
1807 1942 1892 1992 quid
1921 1942 1962 1980 sit
1989 1945 2092 1982 seculi
2114 1945 2287 1994 Trajani.

1260 1989 1336 2027 satis
1349 1991 1488 2039 judicat
1509 1993 1637 2030 Plinius
1656 1993 1728 2030 hoc
1756 1994 1848 2032 libro
1875 1994 1976 2041 supra
2002 1995 2109 2043 Epist.
2138 1995 2165 2033 Ι.
2191 2007 2226 2032 n.
2251 2006 2288 2033 2.

1263 2044 1385 2078 Precor
1402 2055 1474 2091 ergo
1487 2070 1496 2085 ‚
1525 2054 1567 2080 ut
1586 2043 1670 2086 tibi,
1697 2055 1738 2082 ω’
1747 2053 1805 2093 per
1823 2055 1855 2082 te
1875 2046 1995 2091 generi
2014 2045 2177 2082 humano
2200 2055 2287 2094 pro-

1261 2089 1358 2137 spera
1378 2094 1503 2130 omnia
1518 2120 1529 2136 ,
1554 2095 1591 2130 id
1612 2093 1678 2138 est,
1706 2094 1810 2142 digna
1832 2095 1951 2132 seculo
1981 2104 2046 2132 tuo
2073 2096 2287 2144 contingant.

1262 2138 1322 2178 De
1349 2143 1610 2189 coniunffione
1636 2155 1678 2182 <9⁶
1696 2152 1805 2193 atque
1825 2157 1881 2182 nec
1901 2145 1991 2182 haec
2011 2153 2119 2184 nota:
2149 2158 2207 2192 neq
2232 2146 2283 2185 est

1262 2201 1306 2228 ex
1335 2205 1460 2242 neque,
1487 2195 1526 2231 &
1551 2195 1625 2232 hoc
1656 2206 1701 2231 ex
1730 2209 1771 2232 ne
1801 2197 1838 2233 ἃ
1871 2209 1953 2245 qne,
1979 2196 2015 2234 id
2045 2197 2112 2239 est,
2142 2208 2184 2236 ω’
2205 2209 2285 2235 non.

1265 2242 1378 2281 Recte
1397 2255 1484 2291 ergo
1503 2244 1561 2282 ista
1583 2245 1702 2282 secum
1722 2245 1808 2283 stare
1829 2246 1984 2294 poliunt.
2022 2247 2068 2283 Er
2086 2248 2132 2284 ita
2152 2248 2283 2285 Cicero

1263 2291 1342 2329 Lib.
1370 2294 1414 2331 X.
1444 2295 1550 2341 Epist.
1580 2296 1605 2332 I.
1631 2304 1718 2332 extr.
1744 2307 1811 2333 nec
1840 2297 1946 2333 miror
1977 2297 2013 2333 &
2031 2298 2170 2343 gaudeo.
2200 2296 2282 2336 Lib.

1261 2341 1363 2379 xlii.
1392 2344 1498 2390 Epist.
1531 2345 1710 2382 XXVIII.
1744 2358 1780 2383 n.
1812 2345 1846 2382 8.
1891 2347 1971 2383 Nec
2004 2347 2282 2385 Lacedaemonios

1263 2392 1424 2430 dubitare
1442 2392 1624 2431 arbitror..
1675 2398 1711 2431 &
1730 2409 1785 2443 ego
1800 2395 1880 2445 ,qui
1902 2407 1933 2434 te
1953 2397 2072 2444 optime
2090 2397 2280 2447 novissem,

1263 2454 1338 2479 non
1370 2442 1543 2480 dubitavi.
1596 2445 1798 2494 Tranquill.
1835 2446 1931 2482 Caes.
1965 2458 2040 2495 cap.
2079 2448 2182 2484 LIV.
2209 2458 2280 2485 nec

1259 2493 1429 2541 imperata
1450 2494 1679 2531 detrectarent
1692 2523 1702 2539 ‚
1731 2496 1767 2532 &
1788 2496 1988 2534 advenienti
2011 2506 2127 2545 portas
2143 2499 2280 2547 patefa-

1260 2554 1383 2581 cerent.
1436 2542 1611 2592 Vopiscus
1631 2544 1769 2584 Tacito
1790 2557 1866 2594 cap.
1891 2546 1976 2584 XII.
1999 2547 2079 2585 Nec
2099 2548 2282 2585 tacendum

1233 2593 1330 2638 rest,
1363 2594 1404 2631 ὅτ
1427 2595 1628 2644 frequenter
1655 2596 1904 2635 intimandum.
1936 2597 2114 2636 Phaedrus
2142 2598 2224 2637 Lib.
2249 2596 2279 2637 L

1263 2643 1346 2683 Fab.
1372 2644 1438 2683 IV.
1464 2656 1518 2683 vs.
1545 2647 1580 2684 6.
1608 2655 1643 2692 7.

1363 2744 1434 2789 Et,
1458 2758 1556 2795 quem
1575 2744 1710 2782 tenebat
1727 2759 1800 2791 ore,
1827 2747 1959 2799 demisit
1980 2749 2088 2786 cibum
2101 2774 2113 2792 ,

1364 2795 1468 2840 Nec,
1496 2808 1592 2846 quem
1607 2795 1741 2845 petebat
1755 2823 1766 2840 ,
1793 2797 1874 2834 adeo
1888 2799 1995 2846 potuit
2014 2799 2202 2849 adtingere.

195 2884 316 2923 nianus
335 2887 372 2923 in
389 2888 413 2925 1.
437 2890 498 2929 vlt.
525 2890 569 2928 C.
595 2890 640 2927 de
662 2895 755 2938 pact.
783 2894 875 2926 Cum
904 2889 939 2926 in
965 2889 1085 2928 alienis
1103 2892 1201 2929 rebus
1264 2892 1364 2930 Plura
1385 2900 1467 2942 pete
1486 2905 1531 2931 ex
1552 2893 1714 2932 Rentleio
1735 2895 1780 2933 ad
1799 2895 1926 2934 Horat.
1952 2897 2070 2946 Epod.
2094 2899 2198 2938 XVI.
2228 2909 2281 2941 vs.

195 2944 312 2971 contra
339 2936 464 2976 domini
493 2941 710 2978 voluntatem
736 2939 870 2988 aliquid
906 2940 977 2987 fieri
1004 2943 1062 2976 vel
1082 2943 1205 2991 pacisci
1263 2943 1297 2978 6.
1335 2943 1500 2980 Sermon.
1532 2944 1605 2980 Lib.
1649 2944 1673 2980 Ι.

1714 2944 1774 2982 Sat
1818 2947 1885 2985 Vl.
1913 2959 1963 2985 vs.
1990 2948 2051 2986 68.
2079 2949 2207 2989 Cottio
2233 2951 2281 2989 ad

186 2983 281 3027 sella
300 2992 501 3040 temporum
523 2990 724 3028 nostrorum
747 3002 815 3027 non
828 2989 1108 3048 patiatur.ldein
1130 2992 1206 3030 Irn-
1237 2982 1240 3051 'l
1267 2991 1402 3031 Sallust.
1441 2993 1522 3031 Cat.
1554 2993 1709 3032 XXXII.
1745 3007 1782 3034 n.
1821 2998 1858 3034 &
1895 2997 1976 3047 Jug.
2019 3011 2095 3049 cap.
2130 3001 2160 3039 Ι.
2194 3009 2282 3040 extr·

197 3041 337 3081 perator
361 3046 398 3073 in
418 3037 442 3075 l.
466 3049 526 3088 23.
550 3041 593 3079 ab
623 3039 818 3081 Anastasio.
856 3041 900 3080 C.
937 3040 1121 3081 Mandan:
1151 3049 1207 3082 ,Νι
1267 3043 1373 3082 Lori
1389 3054 1584 3083 οοιιυς.

1593 3094 1835 3136 Mmmmm
1864 3108 1885 3135 2
2118 3102 2295 3155 &gnta-j
