2616 3686
292 225 394 282 624

537 211 1054 266 C.PL1N11
1123 207 1635 260 CAECILII
1704 177 2221 261 sE‘cuNnr

371 295 570 368 quitata
595 293 660 355 ὠ»
685 289 833 348 rebus
842 291 1010 365 gestis.
1031 289 1269 366 postremo
1293 288 1538 343 hortatur
1562 285 1694 341 velit
1716 285 1894 341 bonam
1906 285 2113 361 famam
2135 294 2189 345 in
2201 288 2433 364 quaeslu.'

372 385 435 423 ra
453 381 661 443 partam
687 364 883 423 mollius
903 371 1038 422 tueri
1060 370 1126 428 &⁴
1149 363 1434 421 clementius
1472 360 1751 419 traffc‘ando
1777 361 1993 417 hommes
2017 364 2245 421 libertati
2271 363 2435 438 affue-

379 455 475 498 tos.

498 590 633 647 Mor
649 593 703 646 in
716 603 771 647 te
786 609 936 647 meus
953 590 1102 662 cogit
1118 632 1131 652 ‚
1145 595 1284 645 ’non
1295 600 1356 644 ut
1369 588 1689 661 praecipiam
1702 587 1907 662 (neque
1921 588 2065 644 enim
2077 599 2435 661 praeceptore

300 599 318 625 8

334 595 475 736 A
498 671 647 739 eges)
661 666 982 722 admoneam
1000 681 1177 719 tamen
1195 702 1214 730 ,
1227 679 1286 718 ut
1304 679 1443 733 quae
1462 661 1556 718 scis
1567 674 1776 727 ,teneas
1794 665 1847 718 δε
1867 663 2143 726 observeS,
2167 667 2182 697 ³
2203 677 2291 717 aut
2307 663 2436 719 scias

261 763 292 797 2
309 745 510 798 melius,
548 741 845 813 Cogita‚te
860 738 1133 795 missumin
1145 737 1483 811 provinciam
1509 742 1529 772 ⁴
1547 737 1804 808 Achajam
1821 776 1836 802 ,
1863 738 2007 794 illam
2033 754 2218 793 veram
2243 737 2297 791 &
2327 753 2439 794 me-

307 836 420 872 ram
442 816 731 870 Graeciam
747 854 762 879 ,
779 817 858 870 5in
871 833 974 888 qua
988 815 1224 885 primum
1248 811 1575 873 humanitas,
1597 812 1783 866 literae
1798 815 1986 876 ,etiam
2009 814 2027 841 ⁶
2050 811 2229 883 fruges
2246 812 2434 867 inven-

309 907 394 946 tae
421 891 525 945 esse
552 890 880 945 creduntur:
907 887 1226 943 millum⁷ad
1242 884 1607 942 ordinandum
1620 883 1807 940 statum
1824 886 2112 941 liberarum
2135 886 2437 950 civitatum,

306 965 480 1033 idest,
506 964 572 1020 ad
588 965 860 1030 homines,
887 967 903 994 ⁸
931 966 1156 1019 maxime
1171 961 1418 1017 homines
1449 982 1463 1022 ;
1492 958 1800 1023 adliberos‚
1820 963 2051 1017 maxime
2074 959 2303 1025 liberOS,
2342 962 2439 1033 qui

361 1166 393 1194 1.
419 1156 575 1204 Amor]
610 1154 765 1194 Videtur
794 1154 980 1194 Secundus
1001 1154 1221 1192 Ciceronem
1241 1149 1338 1189 secu·

305 1213 362 1245 tus
383 1214 600 1245 monentem
630 1207 701 1244 Lib
730 1208 759 1245 l.
785 1206 831 1244 ad
853 1207 1016 1244 Atticum
1030 1233 1041 1251 ,
1067 1205 1250 1254 Quintum
1270 1201 1340 1239 fra-

2355 1037 2442 1108 jus

1400 1148 1501 1193 stini,
1529 1148 1682 1195 Ovidii,
1709 1147 1888 1193 Diodori,
1916 1158 1957 1187 ac
1976 1147 2150 1188 aliorum.
2176 1149 2288 1190 Ceres
2303 1151 2343 1190 in
2363 1150 2437 1189 At·

1399 1202 1468 1239 tica
1491 1200 1727 1248 Triptolemo
1750 1200 1926 1237 frumenti
1945 1200 2067 1238 semen
2085 1200 2207 1246 dedit,
2237 1201 2441 1241 mandavit·

306 1264 400 1297 trem
414 1285 426 1303 ,
454 1268 518 1307 qui
538 1263 626 1294 tunc
643 1258 682 1295 in
701 1257 786 1294 Asia
804 1257 1100 1296 Proconsulatum
1124 1253 1288 1303 gerebat,
1301 1259 1342 1290 ut
1407 1262 1499 1301 que,
1518 1259 1556 1288 ut
1575 1250 1787 1290 omnibusid
1800 1250 1941 1288 donum
1961 1252 2267 1291 communicaret:
2293 1251 2442 1302 quidam

308 1309 347 1347 in
365 1319 408 1347 ea
428 1307 612 1357 provincia
630 1308 664 1345 se
679 1308 816 1357 integre
832 1315 984 1356 gereret.
1010 1308 1043 1344 C
1065 1317 1126 1343 AT
1141 1318 1161 1341 A
1175 1317 1215 1341 Ν.

1397 1309 1521 1341 tamen
1546 1302 1690 1341 tradunt
1715 1303 1753 1340 in
1781 1302 1894 1340 Sicilia
1922 1302 2091 1349 primum.
2119 1303 2239 1352 fruges
2261 1303 2441 1344 inventas.

362 1371 398 1399 2.
425 1365 509 1396 Non
525 1368 566 1395 ut
579 1359 783 1408 praecipiam
805 1359 902 1410 cac]
943 1357 1042 1396 Dicit
1058 1367 1134 1394 non
1155 1356 1189 1392 se
1211 1353 1347 1402 praeci·
1404 1353 1436 1390 C
1449 1365 1471 1389 Α
1485 1366 1507 1390 τ
1524 1365 1590 1391 eu.
1620 1352 1716 1391 Vide
1743 1354 1940 1392 Sitzmann.
1957 1351 2002 1390 ad
2024 1353 2147 1391 Rutilii
2168 1354 2290 1392 ltiner.
2309 1353 2391 1393 Lib.
2411 1354 2443 1395 Ι.

309 1419 397 1460 pere
419 1435 431 1454 ,
467 1417 643 1457 tanquam
673 1408 880 1458 magistrum
901 1423 914 1451 ;
950 1407 1013 1446 sed
1041 1406 1242 1444 admonere
1264 1413 1342 1442 tan·
1408 1415 1464 1442 vs.
1486 1413 1545 1450 74.
1572 1404 1760 1453 Interpret.
1784 1404 1939 1442 Minucii
1956 1401 2068 1443 Felic.
2081 1403 2127 1442 ad
2152 1414 2230 1454 cap.
2241 1403 2322 1443 XX.
2354 1412 2448 1445 extr.

312 1470 424 1510 quam
446 1459 632 1497 amicum:
660 1470 738 1497 non
760 1460 843 1508 quia
863 1459 992 1497 nesciat
1011 1458 1123 1501 alter,
1149 1467 1243 1505 quae
1263 1455 1344 1493 alla·
1410 1456 1449 1492 &
1468 1454 1568 1492 XXI.
1596 1455 1704 1503 princ.
1734 1455 1836 1492 alios.

311 1520 412 1549 turus
433 1509 474 1547 sit
486 1524 497 1552 ;
526 1508 586 1548 sed
607 1517 647 1547 ut
663 1510 799 1558 plenius
813 1509 914 1548 sciat:
943 1520 1037 1558 quae
1058 1506 1345 1557 exquisitiflimae

307 1561 519 1599 urbanitatis
537 1560 615 1599 sunt
639 1587 652 1605 ,
678 1562 717 1598 δε
734 1561 868 1600 idonea
886 1561 1048 1598 maxime
1068 1558 1347 1597 benevolentiae

312 1611 501 1662 parandae.
553 1611 651 1649 Nam
673 1623 786 1662 quem
810 1611 1007 1650 offenderis
1030 1637 1040 1653 ‚
1080 1609 1201 1647 frustra
1217 1608 1348 1646 admo-

314 1674 413 1702 neas,
439 1663 500 1700 Est
517 1663 673 1700 omnino
694 1663 834 1711 egregia
853 1664 890 1700 ὃς
910 1661 1159 1710 sapientiffima
1171 1660 1348 1708 Epistola:

314 1712 362 1752 ad
383 1723 492 1762 quam
514 1713 613 1761 plura
640 1715 785 1751 moneri
804 1711 945 1761 possent
961 1724 1028 1761 pro
1048 1712 1108 1756 iis,
1135 1712 1198 1761 qui
1217 1711 1255 1748 in
1276 1711 1346 1747 Re-

315 1763 415 1814 publ.
442 1763 609 1802 versaturi
626 1761 752 1807 fint,s1
776 1764 814 1801 &
831 1763 1004 1801 facultatis
1021 1762 1096 1800 satis
1119 1760 1348 1810 &temporis

318 1813 420 1854 effet.
445 1813 704 1852 Rucuma.

372 1875 411 1912 3.
434 1869 515 1902 Aut
531 1864 613 1903 scias
630 1863 786 1914 maiae]
815 1861 1052 1902 Membranae
1075 1874 1083 1899 :
1122 1871 1186 1900 aut
1217 1860 1349 1900 nescire

320 1915 452 1955 melius.
479 1915 540 1952 De
561 1926 638 1966 quo
654 1914 902 1963 cogitandum.

374 1982 411 2013 4.
438 1965 656 2016 Achajam.]
686 1966 872 2004 Latissime
902 1963 1081 2003 vocabulo
1103 1963 1266 2011 Achajae
1283 1963 1351 2001 uti-

322 2024 380 2055 tur
398 2016 583 2056 Secundus
603 2045 614 2061 ,
634 2024 682 2054 -ut
706 2028 784 2055 non
800 2017 916 2055 solum
937 2015 1228 2063 Peloponnesum
1248 2014 1353 2052 intel-

321 2068 438 2116 ligat,
474 2067 535 2106 sed
553 2069 663 2106 etiam
697 2068 856 2106 Atticam
877 2066 1152 2115 complectatur.
1202 2065 1352 2103 Omissis

321 2128 446 2157 autem
470 2129 564 2168 quae
585 2130 605 2156 a
620 2120 864 2161 Ptolomaeo,
891 2117 980 2155 l'lin.
1002 2115 1114 2155 Strab.
1132 2115 1178 2153 de
1203 2115 1350 2162 Achaja

1463 1515 1497 1551 7.
1527 1506 1593 1544 Ad
1616 1505 1854 1542 ordinandum
1869 1502 2048 1553 statum]
2085 1504 2260 1543 ordinare
2283 1503 2439 1544 verbum

1409 1556 1582 1593 πολιτικοὶ
1605 1556 1666 1594 est.
1708 1556 1765 1593 Sic
1785 1555 1945 1593 ordinare
1957 1553 2092 1600 flatum
2118 1555 2209 1604 Reip.
2228 1569 2240 1599 ς
2281 1556 2443 1596 ordinare

1407 1607 1645 1654 provinciam
1673 1606 1832 1644 ordinare
1847 1607 1981 1655 gentem
1995 1622 2006 1642 .·
2029 1605 2154 1654 paffim
2173 1606 2326 1654 legimus
2344 1605 2441 1655 apud

1408 1656 1587 1696 auctores.
1643 1657 1715 1695 Sed
1735 1657 1895 1695 ordinare
1907 1655 2044 1703 statam
2057 1657 2276 1706 provinciae,
2303 1655 2442 1696 estnon

1413 1716 1554 1746 mutare
1577 1709 1683 1757 Reip.
1704 1707 1865 1746 formam
1889 1734 1900 1752 ‚
1925 1706 1984 1746 sed
2001 1708 2180 1746 restituere
2199 1706 2377 1744 turbatam
2398 1719 2442 1746 ac

1411 1769 1478 1807 pro
1496 1760 1645 1798 utilitate
1666 1765 1704 1803 ὃς
1719 1759 1828 1797 salute
1839 1758 1974 1808 publica
1995 1756 2154 1796 firmare.
2182 1757 2296 1795 Unde
2310 1757 2442 1797 Noster

1408 1810 1503 1847 infra
1520 1811 1588 1848 hac
1607 1809 1677 1858 ipsa
1696 1809 1852 1858 Epistola
1873 1823 1881 1847 z
1920 1809 2019 1858 Qid
2037 1808 2251 1847 ordinatione
2269 1807 2406 1846 civilius
2418 1810 2442 1849 ἓ

1409 1861 1494 1910 quid
1511 1861 1669 1899 libertate
1680 1860 1884 1911 pretiosius?
1912 1866 2014 1897 Porro
2035 1873 2142 1911 quam
2163 1868 2281 1908 turpe,
2300 1859 2332 1907 fi
2351 1859 2447 1906 ordi-j

1410 1912 1505 1949 natio
1523 1911 1706 1962 everstvne,
1734 1912 1877 1951 libertas
1893 1911 2061 1958 servitute
2077 1920 2231 1949 mutetur
2242 1910 2261 1948 ‘3
2288 1908 2315 1946 B
2327 1923 2352 1946 u
2365 1920 2388 1947 c
2400 1921 2445 1947 Η·

1411 1973 1441 2000 Ν
1456 1974 1476 2000 ε
1491 1976 1529 2001 R.
1565 1963 1681 2001 Aldus
1703 1961 1812 2002 edidit
1835 1976 1845 2000 ε
1883 1962 1933 1999 ad
1951 1962 2191 2001 ordinandum
2207 1961 2342 2011 statum
2362 1958 2447 1998 libea

1412 2025 1535 2050 rarum
1555 2013 1754 2052 civitatium
1781 2040 1791 2053 .
1830 2020 1938 2062 atque
1967 2015 2016 2052 ita
2038 2014 2128 2052 infra
2149 2025 2187 2052 n.
2208 2023 2244 2058 7.
2268 2022 2311 2049 ac
2329 2011 2442 2050 rursus

1413 2064 1492 2102 Lib.
1506 2064 1552 2101 X.
1582 2064 1687 2113 Epist.
1696 2065 1814 2102 XXX.
1839 2075 1876 2102 n.
1890 2075 1921 2102 1.
1933 2063 2084 2113 publicos
2105 2064 2302 2103 civitatium
2318 2062 2446 2111 larvas-³
2481 2096 2483 2098 ,

1414 2114 1494 2154 Nec
1512 2114 1550 2153 id
1567 2123 1707 2166 praeter
1728 2116 1909 2153 rationem
1930 2122 1992 2152 aut
2010 2114 2112 2152 usum
2134 2121 2304 2153 veterum
2319 2111 2442 2164 ‚quod

323 2169 513 2214 dicuntur,
525 2180 602 2207 uno
621 2169 786 2207 Pausania
796 2169 957 2207 contenti
968 2168 1100 2206 erimus
1113 2195 1123 2213 ‚
1135 2167 1197 2216 qui
1211 2167 1287 2204 Lib,
1305 2167 1344 2202 V.
1416 2165 1589 2204 monstrat
1606 2174 1693 2204 nota
1712 2165 1829 2203 nostra
1853 2164 1900 2202 ad
1919 2164 2049 2203 Sallust.
2071 2165 2153 2203 Cat.
2167 2176 2242 2215 cap.
2253 2164 2338 2202 XL.
2359 2172 2442 2202 n.2.

325 2220 443 2269 inquit
464 2232 473 2257 z
509 2225 606 2258 Inter
638 2220 762 2258 Eleam
790 2230 832 2260 θ’
859 2219 1050 2267 sicyoniam
1063 2219 1183 2267 jacens
1200 2218 1284 2267 regio
1302 2217 1353 2253 ad
1406 2217 1573 2267 plerisque
1590 2216 1789 2267 principibus
1809 2216 2006 2254 civitatium
2030 2227 2130 2254 notus
2145 2227 2246 2262 erat,
2276 2225 2376 2265 atque
2391 2226 2443 2250 eos

326 2270 491 2309 orientale
507 2270 644 2321 pelagus
665 2298 677 2316 ,
714 2282 804 2307 nunc
831 2270 971 2318 Achaja
1003 2270 1127 2307 dicitur
1156 2267 1200 2305 ab
1220 2267 1353 2313 incolis,

323 2322 407 2361 olim
426 2322 594 2370 Aegialus
615 2349 626 2367 ,
664 2330 708 2361 ω’
725 2320 852 2359 incolae
871 2321 1099 2368 Aegialenles
1118 2319 1164 2357 ab
1181 2320 1355 2367 Aegialeo

326 2373 508 2422 sicyonum
531 2387 603 2422 rege
617 2400 628 2418 ‚
654 2372 711 2410 vel
728 2373 810 2422 quia
828 2370 1001 2409 ibimulta
1023 2371 1199 2420 populus,
1229 2376 1358 2407 Graece

327 2425 496 2466 ωἷγίωλος
519 2423 613 2462 ᾱὶῖία
634 2451 644 2468 ,
679 2426 853 2474 nascatur.
909 2422 1094 2459 Achaeum
1114 2432 1204 2460 vero
1221 2421 1356 2460 Trico-

307 2474 425 2523 rrythi
470 2473 585 2512 filium
630 2475 774 2512 tradunt
810 2485 950 2512 nomen
995 2471 1148 2511 Achaeis
1189 2470 1363 2512 indidiffe.

308 2539 310 2541 ’
332 2525 370 2563 C
384 2536 443 2562 ΛΤ
456 2537 476 2560 Α
491 2537 531 2562 Ν.
577 2525 762 2573 Achajam
784 2526 823 2563 &
843 2523 1027 2562 Graeciam
1048 2523 1249 2572 promiscue
1270 2523 1360 2568 dici,

359 2575 473 2613 tidem
495 2574 698 2614 docuerunt
718 2576 782 2614 viri
802 2576 911 2615 doc’ti.
938 2575 1035 2614 Vide
1057 2575 1116 2614 Cl.
1136 2574 1298 2613 Ducker.
1315 2573 1361 2613 ad

361 2625 428 2664 lori
456 2625 537 2664 Lib.
556 2627 605 2664 [1.
633 2638 709 2676 cap.
727 2628 812 2666 VII.
837 2634 929 2666 extr.

388 2690 424 2727 ς.
452 2680 495 2714 In
512 2689 583 2727 qua
595 2678 750 2727 primum
767 2677 994 2722 hamanitas,
1013 2676 1151 2723 literae,
1163 2676 1268 2714 etiam
1280 2677 1364 2723 fru-

330 2728 389 2776 'ges
408 2729 576 2767 inventae
593 2728 650 2777 effe
671 2729 891 2779 creduntur]
934 2728 1040 2767 Haec
1070 2729 1232 2766 maxime
1252 2729 1369 2766 Athe-

1415 2279 1570 2306 noverat.
1601 2267 1711 2306 Adde
1726 2266 1906 2306 Gebhard.
1925 2266 1969 2305 ad
1982 2267 2075 2305 Livii
2095 2266 2176 2306 Lib.
2188 2268 2237 2306 11.
2251 2277 2326 2314 cap.
2336 2262 2444 2301 XIV.

1419 2319 1457 2356 &
1481 2319 1538 2357 Cl.
1559 2319 1755 2356 Burmann.
1772 2317 1817 2356 ad
1836 2317 2012 2367 Quinctil.
2038 2318 2157 2356 Lib.1.
2175 2318 2306 2367 cap.II.
2333 2314 2441 2362 princ,

1416 2369 1571 2408 Certein
1585 2368 1861 2409 MS.Guelferb.
1881 2369 1979 2406 Plinii
1996 2368 2105 2407 nostri
2120 2368 2250 2416 Paneg.
2274 2375 2347 2420 cap.
2360 2362 2447 2404 XX.

1421 2431 1456 2458 n.
1478 2432 1514 2468 4.
1539 2420 1681 2459 abenas
1703 2419 1882 2470 hqspitium
1896 2447 1907 2465 ‚
1933 2430 2000 2469 pro
2016 2420 2085 2469 hos
2094 2420 2205 2462 itum,
2229 2419 2445 2472 invenimus.

1424 2473 1472 2509 At
1496 2472 1576 2511 MS.
1597 2471 1787 2510 Mediceus
1806 2470 1894 2510 duas
1912 2481 2022 2509 voces
2039 2471 2065 2508 li
2087 2481 2224 2508 erarum
2243 2467 2443 2504 civitatium

1419 2521 1477 2560 hic
1498 2524 1602 2571 plane
1618 2523 1773 2566 omittit,
1785 2523 1876 2560 infra
1892 2533 1982 2560 vero
2001 2532 2036 2558 n.
2047 2530 2083 2567 7.
2098 2520 2281 2573 civitatum
2298 2514 2411 2553 scribit
2430 2544 2442 2562 ,

1423 2584 1500 2611 non
1522 2575 1734 2614 civitatium.
1761 2573 1912 2611 Sueton.
1931 2572 2024 2618 Julio
2046 2568 2322 2624 cap.XI.·pr1nc.
2350 2570 2442 2624 Coit-

1419 2616 2440 2726 {affirmatdffcz‘laliz‘udrassh‘22552-33135220

1477 2729 1512 2766 8.
1540 2729 1701 2766 Maxime
1714 2724 1868 2773 liberta]
1899 2723 1948 2760 Hi
1969 2731 2054 2758 vere
2068 2718 2165 2756 liberi
2181 2717 2280 2762 sunt,
2307 2718 2368 2767 qui
2390 2719 2444 2755 af-

332 2778 516 2817 nienlium
560 2780 687 2818 urbem
736 2781 936 2826 respiciunt.
996 2779 1091 2818 Vide
1150 2779 1363 2817 Lucretium
1427 2778 1565 2817 fectum
1586 2779 1698 2816 animi
1718 2773 1934 2825 philosophia
1956 2770 2048 2808 duce
2068 2779 2190 2817 regere
2212 2777 2370 2812 norunt,
2395 2779 2444 2808 an

336 2827 420 2867 Lib.
444 2830 512 2867 VI.
539 2835 757 2879 prooemio:
788 2833 1005 2870 Ciceronem
1027 2832 1130 2869 Orat.
1151 2841 1217 2876 pro
1239 2829 1367 2868 Flacco
1423 2830 1550 2878 quibus
1583 2841 1647 2878 per
1686 2822 2041 2880 Romanos-libertas
2068 2819 2200 2877 servata
2226 2820 2286 2858 est.
2346 2820 2446 2859 Nam

336 2887 416 2924 cap.
436 2879 581 2919 XXVI.
607 2881 814 2921 Diodorum
840 2883 995 2921 Siculum
1024 2882 1107 2920 Lib.
1129 2880 1233 2919 XIII.
1258 2883 1368 2920 etiam
1427 2882 1600 2919 Strabone
1620 2875 1936 2918 referente‚s0cios
1956 2869 2017 2928 s¹.b¹
2036 2870 2273 2909 Athenienses
2291 2868 2447 2909 afferen-

337 2928 536 2967 Arrianum
584 2932 666 2970 Lib.
701 2933 729 2970 1.
778 2934 919 2972 Dialex.
957 2945 1022 2982 cap
1074 2933 1142 2971 IV.
1189 2941 1370 2971 extremo.
1427 2938 1505 2975 tes,
1530 2931 1686 2979 proprias
1705 2925 1783 2977 ipfis
1797 2925 1893 2972 leges
1910 2921 2135 2979 institutaque
2156 2922 2367 2978 serrarum)
2405 2922 2445 2959 8(

338 2977 407 3015 Bu
423 2990 594 3017 cautu.
623 2980 734 3019 Aldus
751 2984 930 3032 vulgavit:
959 2984 1017 3022 ubi
1033 2983 1237 3021 hamanitas
1256 3011 1267 3028 ,
1293 2994 1370 3022 non
1425 2982 1585 3019 libertate
1621 2979 1826 3018 donarunt,
1862 2984 1903 3010 ac
1939 2983 2077 3021 magnis
2101 2973 2296 3011 honoribus
2315 2971 2447 3021 dignati

342 3030 438 3067 male
458 3028 624 3078 quidem,
657 3031 713 3067 sed
734 3042 859 3070 contra
881 3033 992 3070 fidem
1011 3035 1193 3073 veterrimi
1205 3034 1294 3072 libri.

1429 3031 1519 3069 sunt.
1546 3032 1737 3067 Cri-rau.
1770 3025 1978 3073 Proponam
2001 3033 2181 3073 receptam
2203 3024 2245 3062 ab
2274 3023 2444 3062 omnibus

397 3080 435 3130 6.
461 3085 583 3134 >Fruges
601 3080 802 3133 inventae]
830 3082 1065 3123 Teffimonio
1087 3081 1368 3131 Pausaniae‚Ju·
1427 3079 1757 3132 Edd91ecstionem,
1781 3083 1822 3114 ut
1844 3075 1965 3115 videas
1984 3099 1996 3118 ‚
2021 3086 2131 3127 quam
2153 3075 2208 3114 illa
2225 3075 2328 3113 fuerit
2348 3073 2449 3112 abso-

2380 3134 2448 3170 na,
