2616 3686
542 185 888 252 LIBER
954 151 1664 241 x.E1>15To1,A
1734 197 1897 248 cxv.

186 293 294 342 ms,
333 281 350 309 ι
386 267 687 346 ,dexzstimo
707 265 940 330 amaros,
980 274 999 298 2
1022 273 1084 317 ut
1105 266 1330 336 erogatio
1352 276 1568 322 caeterts
1579 274 1926 343 praeferatur.

2208 213 2312 286 837
2355 289 2358 294 ,

595 421 782 484 CXV.
857 423 1296 481 P1.1N1us
1373 423 1877 504 T'aAJANo.

909 573 1000 630 De
1037 573 1340 647 adjefflone
1377 581 1597 637 civium.

181 732 406 812 Quaerit
426 746 492 785 an
510 727 793 783 decuriones
818 724 1040 811 aliarum
1062 727 1340 783 civitatum
1363 727 1572 786 debeant
1601 735 1712 807 ejici
1748 733 1850 808 lege
1885 735 2125 817 Pompeja
2140 783 2155 806 ,
2192 760 2321 818 qaae

437 804 654 859 vetabat
677 804 896 860 alienum
916 819 1079 856 czvem
1101 801 1321 876 adscribi
1335 804 1534 876 senatui
1560 806 1776 864 alterius
1800 815 2053 869 civitates.

303 952 463 1011 EGE
479 994 495 1020 ‚
523 954 766 1012 Domine
782 990 798 1018 ,
820 952 1082 1026 Pompeja
1106 953 1418 1027 permissum
1440 956 1742 1032 Bithynicis
1769 960 2322 1031 civitatibus,*adscri-

309 1030 438 1085 bere
457 1029 551 1085 fibi
575 1049 712 1104 quos
737 1029 938 1084 vellent
960 1029 1279 1092 civeS‚dum
1302 1032 1533 1088 civitatis
1557 1052 1671 1090 non
1698 1034 2042 1109 fintalienae,
2057 1048 2073 1076 ³
2099 1043 2190 1099 sed
2205 1045 2322 1100 sua.

180 1123 304 1161 rum
329 1105 556 1180 quisque
570 1106 865 1163 civitatium
880 1142 897 1169 ,
913 1120 1050 1177 quae
1060 1102 1249 1161 suntin
1262 1104 1532 1180 Bithynia.
1547 1107 1760 1166 Eadem
1775 1111 1894 1185 lege
1909 1114 2160 1183 sancitur,
2171 1125 2191 1155 ⁴
2202 1125 2320 1191 qui.

236 1339 270 1368 ι.
297 1327 341 1368 Id
357 1328 508 1371 existimo
529 1328 692 1381 aaaron]
722 1328 774 1367 Ita
796 1328 958 1368 obsecuti
977 1325 1082 1367 Voff.
1108 1327 1215 1376 &J⁰.

182 1378 230 1418 de
248 1380 407 1421 Tridino
421 1408 433 1427 ,
458 1382 601 1432 reliquis
619 1380 771 1429 existimo
798 1381 836 1419 id
860 1382 995 1418 acturos
1014 1379 1212 1420 exhibenti—

182 1430 269 1475 bus.
295 1442 391 1480 quae
421 1432 617 1471 collocatio
645 1444 690 1471 ex
723 1442 770 1470 eo
800 1430 945 1469 videtur
973 1438 1075 1476 orta,
1109 1431 1211 1481 quod

179 1481 379 1527 nescirent,
414 1492 626 1530 pronomen
656 1492 735 1522 non
762 1481 876 1520 verbo
907 1479 1114 1526 infinitivo,
1151 1483 1212 1521 sed

179 1531 350 1572 indicanti
373 1544 451 1571 non
467 1534 532 1572 suo
565 1535 747 1582 eleganter
770 1532 938 1580 ad'ungi,
965 1533 1071 1581 quale
1091 1532 1209 1571 obser-

179 1591 306 1620 vatum
327 1584 394 1622 fuit
415 1582 460 1622 ad
484 1584 565 1622 Lib.
595 1585 643 1622 ll.
669 1583 778 1634 Epist.
806 1545 856 1622 {A
881 1593 918 1622 n.
944 1595 981 1631 9.
1012 1583 1094 1621 Alia
1124 1594 1213 1621 con-

180 1633 349 1681 geffimus
367 1632 414 1672 ad
433 1634 586 1673 Sueton.
615 1635 703 1674 Tib.
729 1633 814 1672 LII.
841 1634 887 1672 Se
916 1646 1044 1684 quoque
1070 1634 1213 1683 respon·

181 1684 233 1722 dit
252 1684 363 1722 vicem
385 1698 500 1724 eorum
521 1684 642 1723 dolere.
670 1686 703 1724 L
717 1696 779 1723 oN
792 1696 816 1721 G
831 1695 886 1722 οι
901 1696 951 1722 iu
968 1698 998 1721 s,

233 1745 268 1771 2.
295 1739 343 1773 Ut
370 1734 514 1784 erogatio
546 1736 685 1774 caeteris
710 1736 929 1785 praeferatur
951 1735 969 1783 ]
1005 1733 1061 1772 Ut
1099 1734 1217 1773 minus

183 1794 378 1872 graventur
407 1786 445 1824 in
473 1788 711 1835 pecuniarum
741 1786 924 1829 illatione,
951 1795 1063 1834 quam
1084 1786 1215 1824 caeteri

212 1837 398 1874 ecuriones
421 1836 620 1884 spontanei.
645 1837 679 1874 C
692 1849 751 1874 Ατ
765 1850 785 1874 A
799 1849 837 1874 u.
885 1834 1105 1889 Subobscura
1124 1835 1214 1874 haec

182 1884 263 1923 sunt
282 1887 390 1925 verba
411 1886 651 1926 Rittershusio
673 1888 712 1925 ὃ(
734 1886 890 1926 Cellario
903 1913 914 1931 ‚
927 1898 995 1924 nec
1015 1884 1215 1935 qu1dquam

183 1934 272 1973 lucis
290 1937 353 1975 illis
370 1936 569 1976 accendere
588 1935 776 1986 poffumus
798 1949 844 1976 ex
866 1938 991 1976 nostris
1018 1936 1134 1980 libris,
1159 1937 1215 1976 in-

185 1993 241 2024 ter
262 1997 354 2033 quos
372 1996 520 2036 tamen,
545 1989 695 2027 nemine
710 1989 932 2037 reliquorum
958 1987 1218 2034 consentiente,

186 2035 290 2077 VOff.
318 2039 356 2078 δί
385 2039 503 2088 prima
529 2039 598 2079 Ed.
625 2050 666 2078 ut
695 2040 871 2089 praefatio
902 2040 1017 2078 ceteris
1040 2039 1219 2090 praefera-

186 2096 257 2126 tur·

239 2149 273 2187 3.
298 2138 364 2177 Sed
375 2138 526 2189 suarum
548 2141 687 2193 quisque
703 2151 862 2180 matrum
884 2138 1107 2189 civitatum]
1130 2144 1216 2177 Ma·

186 2199 255 2226 tres
274 2190 470 2236 Civitates,
496 2203 593 2241 quae
612 2201 828 2241 genuerunt.
854 2192 965 2229 Forte
985 2191 1114 2229 melius
1133 2191 1217 2229 abe-

186 2240 230 2276 rit
253 2240 314 2278 ista
333 2252 422 2278 vox.
445 2241 544 2279 Nam
559 2242 629 2292 sua
655 2243 811 2293 cujusque
832 2242 979 2285 civitas,
1006 2242 1066 2280 sua
1099 2243 1215 2291 cujus·

185 2300 259 2337 que
279 2292 388 2339 patria
405 2290 555 2335 dicitur,
581 2292 628 2330 de
653 2304 730 2342 quo
754 2293 854 2342 supra
873 2293 918 2330 ad
939 2290 1097 2330 Lib.V1.
1108 2292 1218 2340 Epist.

185 2339 295 2379 VIll.
323 2353 359 2380 n.
385 2353 420 2381 2.
445 2340 474 2378 B
487 2353 512 2379 u
526 2354 622 2380 an
636 2354 658 2380 ε
673 2356 710 2380 a.
735 2343 872 2383 Haeret
890 2342 972 2380 sane
990 2343 1027 2379 in
1044 2342 1215 2382 omnibus

187 2391 368 2431 veteribus
400 2392 495 2430 Edd.
520 2401 660 2441 praeter
688 2394 873 2443 primam,
907 2392 993 2431 illud
1023 2402 1183 2430 matrum
1201 2422 1212 2440 ‚

184 2452 281 2490 qnae
302 2454 365 2482 me
381 2451 506 2482 tamen
524 2455 601 2481 non
623 2453 800 2488 movent,
825 2451 867 2482 ut
885 2454 1014 2481 meum
1035 2444 1210 2482 calculum

179 2492 221 2531 iis
245 2493 430 2537 adiiciam,
454 2501 493 2531 ut
513 2496 632 2542 potius
650 2495 706 2533 illa
728 2506 802 2533 vox
821 2493 909 2533 mihi
931 2493 1082 2542 gloffam
1105 2494 1209 2532 redo-

183 2542 253 2581 leat
265 2571 275 2587 ,
303 2544 367 2582 etfi
384 2544 496 2594 probe
513 2546 631 2583 norim
645 2572 655 2589 ‚
683 2544 755 2583 dari
773 2554 903 2583 matres
921 2547 1082 2584 civitates
1094 2571 1104 2588 ‚
1116 2557 1210 2594 quae

184 2600 309 2632 tamen
331 2595 393 2633 hic
408 2597 532 2634 locum
551 2607 629 2634 non
648 2597 851 2634 inveniunt.
872 2598 916 2633 In
937 2596 1086 2643 vulgatis
1107 2595 1208 2635 dein-

185 2642 229 2680 de
245 2645 400 2684 scribitur
420 2647 634 2692 civitatum,
659 2645 720 2684 sed
739 2646 848 2686 laudo
876 2645 1049 2684 Aldinam
1072 2654 1206 2684 utram-

187 2702 257 2739 que
282 2696 319 2733 &
351 2697 642 2740 Schurerianam,
670 2708 784 2746 quae,
810 2705 851 2734 ut
878 2695 1041 2745 sequenti
1062 2697 1208 2744 epistola

189 2740 259 2797 bis„
282 2745 328 2783 ita
355 2747 427 2785 hoc
454 2748 540 2785 loco
570 2747 767 2786 civitatium
784 2748 985 2792 servarunt,
1013 2748 1208 2795 quomodo

189 2798 296 2846 tnffm
323 2807 389 2835 nos
420 2798 692 2836 exscribendum
720 2800 936 2837 curavimus.
994 2797 1051 2835 Sic
1076 2798 1207 2845 optimi

190 2850 329 2890 ‘imque
357 2847 486 2886 Cicero
517 2849 545 2887 1.
571 2849 658 2887 Diu.
694 2860 771 2898 cap.
798 2849 863 2888 LI.
891 2848 1055 2893 vatium,
1094 2856 1135 2886 ut
1160 2849 1208 2886 est

2217 1194 2319 1249 bus

1281 1329 1414 1371 mafius
1447 1333 1486 1372 &
1518 1334 1761 1387 Obsopacus3
1798 1341 1899 1389 quus
1930 1341 2057 1379 collata
2090 1338 2137 1377 ad
2168 1339 2321 1381 Roberti

1283 1383 1455 1432 Stephani
1484 1384 1551 1425 Ed.
1577 1398 1636 1427 an.
1667 1399 1777 1438 ¹543·
1804 1391 1853 1430 V.
1880 1391 1960 1430 Cel.
1986 1390 2147 1429 Michael
2177 1391 2320 1441 Richey

1280 1444 1516 1492 pro-amore,
1543 1448 1620 1487 quo
1637 1439 1675 1477 in
1695 1442 1807 1479 bonas
1824 1442 1956 1480 litteras
1976 1443 2014 1479 δε
2033 1442 2070 1479 in
2098 1452 2166 1479 nos
2183 1441 2322 1487 fertur,

1279 1484 1382 1541 nobis
1391 1486 1481 1525 olim
1494 1499 1539 1526 ex
1551 1489 1812 1530 instructissima
1825 1492 2046 1531 Bibliotheca
2064 1492 2124 1530 sua
2135 1493 2321 1531 conceffit.

1281 1535 1341 1572 Sic
1362 1535 1514 1576 obuium
1535 1540 1573 1577 in
1584 1541 1738 1591 antiquis
1749 1542 2039 1592 Inscriptionibus
2060 1542 2319 1581 hereditatium.

1286 1585 1420 1643 Noster
1437 1588 1546 1636 Epist.
1572 1590 1691 1629 XXX.
1717 1604 1754 1630 n.
1787 1604 1820 1631 1.
1845 1604 1967 1631 utrum
1986 1603 2044 1642 per
2063 1593 2211 1642 publicos
2231 1594 2322 1632 civi-

1284 1643 1413 1675 tatium
1434 1639 1573 1684 servos,
1600 1649 1640 1678 ut
1660 1654 1706 1680 ex
1730 1642 1829 1681 Aldo
1859 1645 1928 1682 fuit
1950 1645 2164 1682 restitutum.
2213 1644 2320 1690 Plu-ra

1283 1694 1392 1736 pete,
1418 1688 1582 1736 timber,
1609 1703 1654 1729 ex
1678 1692 1759 1731 Lib.
1783 1694 1891 1733 Vnt.
1916 1695 2026 1742 Epist.
2051 1694 2196 1734 XXIV.
2222 1706 2259 1732 n.
2285 1706 2325 1733 2.

1288 1739 1462 1776 Ceterum
1494 1750 1565 1788 ego
1595 1741 1746 1791 quidem
1775 1755 1853 1782 non
1874 1745 2070 1794 perspicio,
2098 1744 2185 1794 quid
2205 1745 2322 1784 velint

1286 1786 1390 1846 ⁴Vofl'.
1416 1790 1456 1826 &
1470 1789 1530 1836 J0.
1559 1791 1604 1831 de
1623 1793 1783 1832 Tridino
1797 1822 1809 1839 ‚
1837 1796 1952 1835 recisis
1973 1796 2123 1835 vocibus
2143 1796 2321 1845 aliquibus

1283 1846 1333 1877 ita
1358 1838 1591 1879 exhibentes:
1618 1844 1705 1881 dum
1735 1858 1840 1896 neque
1871 1859 2007 1885 merum
2037 1847 2224 1885 civitatum
2251 1855 2324 1885 cet.

1286 1893 1386 1927 Dum
1406 1890 1479 1928 hoc
1500 1893 1585 1930 loco
1606 1895 1919 1943 interpretandum
1940 1898 1991 1936 est
2010 1909 2078 1946 pro
2097 1897 2322 1936 dummodo.

1286 1940 1464 1990 Exempla
1485 1942 1620 1982 dabunt
1650 1958 1727 1984 non
1755 1958 1870 1997 parvo
1901 1959 2059 1988 numero
2081 1948 2130 1987 V.
2157 1948 2204 1988 C.
2230 1947 2323 1986 Bur-

1286 2002 1440 2030 mannus
1458 1992 1502 2031 ad
1525 1993 1675 2035 Phaedr.
1703 1997 1768 2035 lll.
1798 1998 1880 2037 Fab.
1907 2001 1955 2038 X.
1977 2010 2031 2037 vs.
2060 2010 2116 2049 13.
2143 2000 2181 2036 ὃ(
2203 1998 2323 2041 Corte

1284 2041 1330 2080 ad
1353 2043 1491 2082 Sallust.
1511 2045 1594 2085 Cat.
1617 2058 1695 2097 cap.
1720 2048 1768 2087 V.
1793 2059 1830 2086 n.
1855 2049 1892 2086 6.
1919 2051 2068 2088 Louo
2083 2061 2197 2087 0L1u
2213 2061 2239 2087 s.

1334 2103 1370 2139 4,
1400 2094 1539 2142 Qibus
1558 2097 1600 2135 de
1621 2098 1756 2150 causis}
1769 2104 1899 2138 Senatu
1918 2114 1940 2136 a
1953 2099 2157 2150 censoribus
2178 2101 2320 2152 ejician-

1284 2144 1456 2201 tur.]·1d
1493 2146 1566 2192 est,
1595 2149 1676 2196 ejici
1696 2149 1861 2189 debeant.
1892 2152 2065 2202 Sequenti
2092 2152 2198 2200 Epist.
2225 2156 2321 2188 Con-

1273 2195 1472 2245 sulenttbus
1500 2210 1550 2234 an
1581 2198 1725 2248 legerem
1753 2200 1790 2239 in
1821 2206 2012 2247 Senatum,
2037 2202 2073 2240 id
2098 2203 2170 2246 est,
2197 2202 2318 2250 legere

1282 2245 1465 2284 deberent.
1495 2248 1685 2298 Virgilius:
1718 2274 1784 2281 -—-
1810 2263 1852 2290 at
1886 2265 1926 2292 tu
1952 2253 2051 2290 distis
2072 2253 2215 2294 Albane
2234 2265 2317 2288 ma·-

1280 2309 1394 2341 neres,
1421 2297 1457 2335 id
1479 2298 1548 2340 est.
1577 2312 1725 2339 manere
1743 2301 1902 2342 deberes.
1934 2303 2033 2341 ssuc
2049 2314 2071 2339 H
2086 2315 2188 2340 NER.
2216 2301 2317 2341 vide

1280 2348 1448 2385 Perizon.
1473 2349 1518 2387 ad
1541 2349 1660 2390 Sane.
1688 2353 1847 2392 Minerv.
1876 2354 1905 2392 1.
1939 2365 2014 2403 cap.
2042 2353 2147 2392 Vlll.
2175 2360 2252 2390 not.
2282 2366 2318 2398 ς.

1281 2396 1351 2435 Sed
1382 2409 1458 2435 non
1485 2400 1740 2449 negligendum
1774 2412 1888 2452 puto,
1919 2416 2002 2442 nam
2035 2415 2185 2454 quoque
2217 2404 2314 2442 levia

1278 2448 1383 2497 saepe
1401 2448 1446 2486 ad
1464 2450 1668 2499 elegantem
1693 2454 1809 2491 stilum
1829 2455 1924 2494 haud
1946 2466 2072 2505 parum
2094 2456 2314 2498 conferunt.

1280 2499 1382 2548 quod
1409 2500 1582 2540 obferunt
1608 2502 1711 2542 Voff.
1747 2505 1784 2542 &
1818 2515 1921 2544 vetus
1953 2507 2087 2545 editio:
2125 2506 2242 2557 quibus
2268 2507 2312 2542 de

1279 2553 1396 2601 cauffis
1415 2550 1539 2590 senatu
1559 2554 1764 2593 censoribus
1784 2556 1976 2604 ejiciantur.
2029 2557 2134 2595 Haec
2163 2568 2182 2593 a
2208 2556 2311 2595 Plinii

1278 2613 1390 2640 manu
1412 2600 1482 2639 effe
1496 2631 1506 2646 ‚
1533 2605 1595 2641 vix
1615 2604 1766 2649 dubito,
1795 2606 1957 2656 ideoque
1978 2608 2084 2646 etiam
2107 2609 2142 2646 in
2163 2614 2309 2645 textum

1278 2654 1408 2702 recepi.
1437 2654 1572 2702 vulgo:
1602 2657 1727 2706 quibus
1755 2657 1796 2694 de
1819 2659 1932 2706 cauffis
1961 2671 1981 2696 e
2000 2659 2126 2708 senatu
2150 2671 2169 2695 a
2198 2658 2312 2705 cenfh-

1277 2703 1372 2740 ribus
1406 2702 1606 2749 eiiciantur.
1654 2707 1896 2746 Posteriorem
1942 2707 2245 2757 praepositionem
2285 2721 2313 2745 ι

1277 2752 1362 2790 hinc
1379 2753 1475 2792 recte
1497 2757 1676 2801 exsulare,
1702 2769 1817 2795 nemo
1837 2758 2018 2801 haerebit,
2045 2770 2126 2796 cum
2152 2759 2317 2807 pluribus·

1274 2802 1365 2842 locis
1383 2814 1446 2850 per
1465 2804 1562 2843 hunc
1581 2808 1890 2847 commentarium
1910 2808 2064 2856 ejectam
2083 2809 2218 2859 legerit.
2245 2810 2310 2847 Sa-

1275 2853 1318 2890 tis
1337 2855 1402 2891 erit
1420 2854 1540 2893 adiisse
1569 2865 1672 2895 notas
1701 2858 1747 2895 ad
1780 2859 1887 2906 Epist.
1912 2860 2049 2898 XLIII.
2075 2870 2111 2897 n.
2142 2873 2171 2898 r.
2199 2862 2237 2898 δε
2257 2861 2310 2898 E-

189 2888 225 2925 in
250 2891 352 2931 MSS.
377 2896 428 2936 ld.
455 2898 500 2937 de
523 2900 676 2948 Legg.l.
696 2911 774 2949 cap.
793 2900 939 2949 I.princ.
965 2899 1209 2948 Arpinatium.
1277 2903 1350 2950 pist.
1379 2904 1484 2941 ClV.
1511 2906 1573 2950 &,
1600 2907 1754 2956 quaes0,
1782 2920 1845 2946 cur
1876 2921 1953 2947 non
1984 2910 2120 2949 dicatur
2138 2912 2215 2962 quis
2234 2926 2309 2950 cen-

191 2938 322 2998 saylust:
356 2945 434 2985 Cat.
469 2960 545 2997 cap.
579 2950 626 2987 X.
651 2963 688 2988 n.
715 2949 749 2987 8.
770 2950 1001 3001 sapienttum,
1030 2960 1070 2987 ut
1091 2949 1207 2988 Corte

193 2988 280 3044 Ohm
302 3002 346 3046 ,¹1¹
369 2994 477 3049 MSS.
503 3001 653 3040 invenit.
679 3001 830 3040 Sueton.
860 3001 953 3039 Oth.
978 3011 1054 3049 cap.
1082 3000 1107 3037 l.
1130 3010 1210 3049 pro-

192 3048 458 3093 mnquttaeusm,
482 3050 677 3099 quomodo
699 3064 749 3092 ex
765 3052 873 3092 MSS.
898 3051 1117 3111 adnotarunt
1135 3051 1210 3090 Sal-

1268 2953 1403 3002 soribus
1423 2954 1568 3001 ejectus,
1596 2969 1679 2995 cuin
1702 2959 1838 3007 legatur
1866 2961 1986 2998 iisdem
2019 2961 2162 3001 electus.
2200 2965 2314 3014 Epist..

1279 3004 1549 3062 [fXXXlIL-n.
1578 3019 1613 3058 3.
1638 3009 1722 3047 Nec
1744 3009 1815 3054 est,
1842 3011 1944 3060 quod
1962 3012 2108 3050 alteram
2132 3016 2313 3063 praepoli-

1273 3063 1415 3096 uonem
1437 3070 1454 3096 e
1475 3057 1646 3101 vindices.
1698 3060 1866 3101 Occurrit
1885 3061 2034 3113 quidem
2059 3063 2185 3108 eadem
2205 3067 2307 3114 paul·-

2256 3117 2294 3157 lo
