2616 3686
290 232 391 285 730
506 201 2187 263 C.PLINIICAECILIISECUNDI

295 291 570 365 agendum
589 289 900 349 nobiscum,
940 301 1174 359 quorum
1204 297 1316 338 erat
1341 280 1614 337 excusatio
1637 292 1889 350 recepta,
1927 293 1989 333 ut
2019 278 2240 336 essemus
2267 280 2320 336 in
2344 279 2428 336 se-
2457 338 2461 342 ,

297 381 454 424 natus
480 363 771 438 potestate,
810 374 1229 434 pateremurque
1255 364 1272 390 ¹
1293 358 1513 411 nomina
1535 353 1711 408 nostra
1741 355 1794 408 in
1823 371 2011 408 urnam
2040 355 2264 426 conjici:
2291 373 2427 410 eon-

304 438 761 497 venientiffimum
806 435 911 491 effe
946 434 1319 506 tranquillitati
1363 431 1524 506 seculi
1563 430 1640 483 tui
1676 429 1901 500 putavi,
1968 431 2276 500 praesertim
2312 442 2424 485 tam

264 537 286 591 3
309 528 326 551 ²
350 515 662 571 moderatae
681 511 950 581 voluntati
973 506 1276 580 ampliffimi
1296 505 1503 560 ordinis
1526 520 1638 558 non
1667 519 1981 575 repugnare.
2031 503 2138 558 Cui
2165 504 2429 577 obsequio

307 608 464 655 mec,
485 599 727 662 opt0‚ut
749 592 765 621 ³
792 581 1054 639 existimes
1083 580 1327 637 constare
1344 580 1638 642 rationem,
1667 595 1796 634 cum
1823 578 2007 634 omnia
2027 576 2163 634 fafia
2184 577 2438 654 dietaque

308 683 430 722 mea
456 663 685 738 probare
698 655 1023 716 fanfflffimis
1047 655 1288 711 moribus
1313 654 1418 723 tuis
1446 654 1676 727 cupiam.

678 804 835 864 XXI.

909 803 1004 861 IV.
1079 803 1629 871 TnAJANus
1706 802 2106 859 Pentro-

913 951 1130 1007 Laudat
1159 946 1414 1026 Trajamss
1436 948 1600 1004 Plinii
1609 948 1845 1023 fabium.

305 1091 329 1124 ⁴
2289 1105 2294 1107 .

359 1087 387 1221 Ι
423 1085 524 1235 ρΞΤ
535 1158 664 1212 civis
689 1156 1012 1232 &finatoris
1032 1152 1141 1208 boni
1168 1148 1402 1226 partibus
1406 1147 1631 1223 funfl'us
1651 1166 1698 1204 es
1721 1188 1739 1214 ,
1779 1153 1799 1184 ς
1820 1145 2097 1222 obsequium
2120 1149 2447 1225 ‘'ampliffimt'·

2218 1229 2436 1293 ordz'nts,

1430 1310 1482 1356 ᾳ.
1511 1297 1764 1387 Moderata}
1804 1296 1855 1336 Ita
1891 1296 2047 1336 omnino
2083 1298 2288 1356 Cata-naci,
2324 1301 2443 1348 ΑΙάἰν

1394 1349 1568 1438 ἓιὲῑὲιξῑέ
1579 1349 1679 1436 seqq.
1707 1348 1739 1386 E
1766 1348 1799 1388 d.
1828 1350 1954 1400 Inepte
1989 1351 2176 1388 Neotenci
2196 1377 2210 1395 ,
2246 1351 2434 1392 moderate.

1448 1462 1485 1500 3.
1513 1427 1690 1494 Existimes
1718 1447 1861 1495 constare
1893 1449 2101 1499 rationem]
2139 1449 2250 1499 Supra
2279 1451 2359 1490 Lib.
2379 1455 2443 1493 ΙΙ,

1395 1500 1504 1549 Epist.
1526 1501 1591 1537 lV.
1618 1499 1683 1535 Sed
1702 1500 1927 1547 temperanda
1951 1500 1987 1536 in
2005 1499 2086 1537 aliis
2103 1499 2294 1539 liberalitas
2308 1529 2319 1546 ,
2345 1503 2380 1539 in
2393 1515 2431 1541 te

1394 1564 1474 1588 vero
1483 1550 1591 1597 facile
1612 1549 1701 1606 ratio
1722 1550 1894 1587 constabit
1908 1578 1917 1594 ,
1945 1551 2079 1602 etiamsi
2099 1551 2240 1588 modum
2251 1553 2430 1603 excesserit,

1395 1600 1443 1638 Er
1462 1603 1574 1639 rursus
1604 1600 1684 1638 Lib.
1709 1599 1769 1637 ΙΧ.
1798 1600 1905 1650 Epist.
1925 1600 1970 1637 11.
1998 1610 2087 1640 extr.
2124 1602 2214 1639 scias
2241 1602 2310 1639 illis
2335 1615 2425 1641 con-

300 1316 370 1355 pro
389 1305 447 1344 sua
466 1306 679 1346 auctoritate
698 1311 850 1356 poterat.
889 1304 1014 1350 Quare
1036 1301 1086 1339 nil
1105 1297 1330 1338 contenden-

299 1355 389 1395 dum
413 1357 564 1405 amplius
584 1356 677 1401 fibi,
714 1359 751 1394 ὅ(
779 1356 861 1394 suae
889 1353 1086 1392 modestiae
1108 1379 1118 1396 ‚
1157 1351 1195 1386 &
1224 1350 1329 1387 seculi

294 1408 566 1456 tranquilliffimi
582 1408 742 1447 moribus
767 1406 965 1444 convenire
992 1402 1232 1442 existimantes
1255 1428 1265 1444 ‚
1291 1401 1329 1438 in

298 1459 488 1496 voluntate
518 1458 667 1496 Senatus
698 1459 971 1506 acquieverunt.
1023 1453 1094 1491 Sed
1127 1452 1210 1501 quia
1231 1451 1325 1489 Tra-

293 1508 401 1558 janus
419 1508 457 1546 in
479 1519 527 1546 eo
546 1508 678 1547 Senatu
698 1508 794 1546 haud
814 1507 927 1545 fuerat
950 1533 961 1551 ,
988 1502 1196 1543 docendum
1218 1501 1263 1539 de
1283 1512 1326 1539 ea

296 1570 337 1597 re
365 1558 580 1598 existimavit
610 1559 739 1597 Plinius
775 1558 978 1606 Principem
1003 1584 1013 1600 ‚
1050 1566 1161 1605 quem
1189 1552 1330 1590 colebat

297 1609 555 1657 religiosissime
577 1623 588 1648 ι
614 1621 662 1648 ne
684 1608 771 1658 quid
792 1616 853 1646 aut
876 1606 1077 1646 inconsulte
1102 1615 1143 1642 ac
1165 1609 1327 1647 temere,

297 1667 360 1698 aut
381 1660 483 1708 quod
502 1671 579 1697 non
610 1661 842 1710 probaturum
870 1658 904 1696 se
926 1657 988 1705 ipli
1008 1654 1230 1698 confideret,
1256 1654 1327 1691 sus—

297 1709 428 1759 cepiffe
448 1710 560 1748 videri
578 1709 702 1758 poffet.
734 1710 758 1747 B
772 1723 794 1746 u
812 1722 833 1746 c
848 1721 871 1745 n
885 1721 908 1745 Ν
924 1721 945 1745 E
961 1722 996 1745 a.
1024 1707 1152 1753 Vulgo
1172 1705 1327 1742 circum-

296 1760 461 1800 ferebant
481 1773 490 1798 :
518 1761 632 1812 consul
652 1760 845 1810 designatus
868 1757 1038 1807 censuiffes
1059 1756 1244 1794 tacendum
1268 1768 1328 1792 no-

295 1810 426 1850 biscum
452 1839 462 1855 ,
503 1819 567 1850 cet.
595 1822 707 1861 quam
728 1809 976 1858 ineptiffimam
999 1807 1197 1845 lechonem
1226 1806 1325 1844 reete

293 1863 360 1901 viri
381 1861 480 1900 d0<ffi
499 1863 713 1912 reiecerunt.
739 1861 860 1898 Unice
882 1859 995 1907 placet
1017 1857 1182 1894 Gruteri:
1212 1856 1327 1905 consu-

292 1911 340 1951 les
362 1913 530 1962 defignati
554 1911 746 1962 censuiffint
769 1940 780 1957 ,
817 1909 989 1959 agendum
1020 1907 1202 1946 nobiscum.
1242 1918 1326 1944 nam

293 1974 343 2001 ne
372 1964 514 2011 longius
542 1963 615 2000 hoc
644 1965 749 2001 libros
781 1971 856 1999 vett
903 1961 1102 2007 relinquere
1134 1956 1295 1994 videatur
1317 1985 1328 2001 ‚

292 2013 378 2066 facit
400 2014 531 2051 modus
550 2013 723 2051 scribendi
746 2017 824 2050 Cos.
856 2013 936 2060 Des.
965 2020 1041 2059 quo
1068 2008 1191 2046 librarii
1219 2008 1329 2056 negli—

293 2065 475 2112 gentiores
505 2072 702 2112 utrumque
732 2073 928 2099 numerum
965 2060 1182 2108 exprimunt.
1211 2062 1329 2106 Agen-

297 2115 384 2153 dum
406 2126 472 2164 pro
495 2115 682 2152 tacendum
700 2112 854 2151 substitui
888 2110 1018 2149 debere
1039 2137 1049 2153 ,
1089 2120 1142 2146 res
1169 2108 1237 2156 ipsa
1257 2109 1325 2145 cla·

297 2172 376 2202 mat
400 2193 411 2209 ,
437 2165 547 2214 idque
571 2176 656 2202 orae
673 2163 805 2201 codicis
822 2161 871 2199 sui
891 2162 999 2199 etiarn
1019 2159 1240 2207 adscripserat
1261 2159 1327 2195 Pe·

297 2216 466 2253 rizonius.
493 2214 620 2253 Diffio
641 2215 697 2263 effe
727 2214 765 2252 in
787 2211 948 2262 potestate
960 2213 1103 2261 senatus
1125 2211 1183 2248 vel
1202 2220 1247 2246 ex
1268 2209 1330 2247 Li·

298 2266 363 2304 vio
386 2267 452 2304 erit
471 2265 546 2303 satis
567 2272 665 2303 nota.

356 2328 389 2355 ῐ.
418 2317 572 2353 Nomina
592 2315 701 2362 nostra
720 2313 757 2350 in
783 2324 913 2350 urnam
947 2309 1102 2360 conjici]
1144 2309 1327 2347 Nimirum

297 2366 343 2405 ad
369 2367 594 2405 sortitionem
628 2367 673 2404 de
702 2363 925 2412 suscipiendo
954 2361 1157 2411 patrocinio
1182 2361 1331 2408 provin-

1393 1651 1480 1690 stare
1501 1653 1691 1689 rationem.
1718 1650 1857 1689 Eadem
1877 1651 2016 1688 locutio
2041 1654 2079 1689 &
2108 1652 2186 1689 Lib.
2201 1652 2428 1701 [.Epist.IX..

1394 1703 1431 1740 ὅ(
1452 1704 1581 1750 Paneg.
1599 1713 1674 1748 cap,
1693 1701 1903 1740 XXXVIII.
1931 1702 2071 1750 legitur.
2099 1703 2233 1740 Sermo
2249 1711 2374 1742 autem
2397 1716 2418 1742 a

1394 1754 1582 1792 ratiociniis
1605 1752 1733 1800 petitus
1753 1752 1812 1791 est.
1851 1752 1948 1789 Nam
1973 1763 2055 1789 cuni
2080 1752 2278 1790 redduntur
2295 1765 2336 1790 ac
2355 1766 2430 1792 eir-⁴

1393 1806 1575 1842 cutiuntur
1593 1804 1747 1840 rationes
1766 1803 1802 1840 in
1821 1801 1954 1852 singula
1971 1813 2051 1839 aera
2070 1814 2111 1839 ac
2130 1804 2252 1841 titulos
2278 1803 2428 1852 inquiri-

1394 1863 1473 1892 tur:
1489 1853 1589 1904 quod
1611 1852 1633 1889 fi
1655 1862 1802 1901 accepta
1823 1863 1931 1903 atque
1952 1853 2104 1901 expensa
2127 1854 2224 1892 recte
2245 1847 2426 1902 congrue-

1392 1906 1483 1950 rint,
1510 1904 1659 1954 constare
1682 1905 1794 1947 ratio,
1824 1905 1962 1942 dicitur.
1988 1904 2084 1940 Nam
2111 1903 2134 1940 fi
2157 1915 2211 1942 res
2233 1904 2332 1942 secus
2359 1906 2424 1944 ha-

1394 1955 1478 1999 bet,
1504 1964 1583 1992 tum
1607 1954 1704 2002 quali
1720 1954 1811 1992 labat
1830 1965 1871 1992 ac
1894 1954 2038 1992 corruit.
2064 1953 2161 1992 Buc
2175 1967 2195 1990 H
2211 1967 2235 1992 N
2249 1967 2320 1992 En.
2350 1957 2431 1994 Re·

1395 2005 1491 2054 spice
1507 2006 1552 2043 ad
1580 2005 1660 2042 Lib.
1682 2003 1716 2040 ΙΙ
1756 2004 1861 2052 Epist.
1883 2005 1952 2043 IV.
1975 2012 2063 2043 extr.
2092 2005 2180 2043 illud
2189 2007 2295 2052 facta
2314 2005 2425 2044 dicta-

1400 2069 1466 2106 que
1486 2057 1592 2094 etiam
1613 2055 1813 2092 Pl'inianum
1839 2054 1900 2092 est.

1450 2119 1471 2151 4
1514 2112 1560 2142 Et
1582 2106 1666 2142 civis
1685 2116 1728 2144 v·
1740 2105 1910 2153 senatoris
1931 2103 2009 2141 boni
2022 2105 2179 2153 partibus
2198 2106 2336 2146 funft'us
2356 2122 2398 2146 es.
2407 2109 2431 2158 1

1399 2156 1496 2193 Nam
1518 2157 1605 2194 sicut
1622 2156 1711 2193 boni
1728 2156 1812 2193 civis
1831 2155 1877 2192 est
1898 2166 2020 2204 parere
2041 2157 2252 2203 magistratui
2264 2172 2276 2201 ;
2305 2157 2351 2195 fic
2365 2159 2430 2196 Se·

1399 2207 1530 2246 natoris
1548 2207 1636 2245 boni
1653 2206 1746 2244 tueri
1765 2206 1897 2244 ordinis
1917 2205 2226 2245 suiauc'ioritatem
2269 2208 2296 2245 B
2310 2221 2334 2246 υ
2346 2220 2367 2245 c
2379 2219 2423 2244 n,-

1404 2270 1427 2294 u
1444 2270 1462 2294 ε
1478 2272 1515 2295 a.

1454 2321 1486 2357 ς.
1514 2306 1757 2356 Obfiquium.]
1796 2306 1942 2354 Repetit
1972 2305 2177 2354 Imperator
2193 2307 2290 2346 idem
2313 2316 2422 2346 voca-

1398 2357 1522 2395 bulum
1537 2385 1547 2402 ,
1568 2370 1644 2406 quo
1668 2360 1705 2394 &
1727 2357 1856 2394 Plinius
1880 2357 1994 2394 fuerat
2017 2359 2104 2394 usus.
2151 2358 2210 2396 Est
2229 2367 2345 2395 autem
2364 2356 2421 2394 ob·

300 2417 443 2456 cialium
465 2425 590 2456 contra
614 2416 785 2454 Marium.
824 2414 1025 2461 Intelligere
1044 2412 1240 2453 debemus,
1254 2412 1332 2458 plu-
1390 2408 1548 2458 sequium
1568 2408 1799 2456 morigeratio
1817 2409 2050 2456 ‚plerumque
2067 2409 2103 2445 in
2126 2408 2254 2445 bonam
2269 2415 2424 2455 partem,

299 2469 394 2506 rium
414 2469 566 2506 aliorum
587 2467 740 2505 nomina
762 2461 861 2502 fuiffe
882 2475 954 2502 una
976 2475 1060 2501 cum
1083 2462 1196 2499 Plinio
1215 2462 1251 2499 in
1277 2472 1333 2498 ur·

302 2529 389 2556 nain
414 2519 598 2569 conjecta,
628 2517 764 2564 ealege
788 2544 799 2560 ,
826 2523 865 2552 ut
890 2543 902 2560 ,
930 2515 1029 2563 cujus
1048 2523 1190 2551 nomen
1210 2512 1331 2561 primo

301 2567 462 2613 exiisset,
492 2569 564 2606 five
584 2567 784 2606 extradium
807 2564 915 2609 effet,
941 2566 967 2602 is
988 2564 1227 2613 patrocinium
1250 2573 1334 2610 pro-

303 2621 511 2658 vincialium
546 2620 618 2656 sine
647 2616 866 2656 recusatione
902 2615 1041 2655 subiret.
1093 2614 1144 2652 Ita
1172 2624 1334 2662 namque

303 2669 395 2707 solet
414 2670 539 2708 sorsin
557 2669 659 2707 rebus
683 2667 795 2706 dubiis
825 2666 1040 2715 explicandis
1070 2676 1136 2715 pro
1167 2663 1332 2701 remedio

303 2719 463 2759 adhiberi
485 2748 495 2764 ‚
524 2721 562 2758 &
583 2720 655 2757 hoc
673 2727 880 2757 extremum
903 2717 1082 2765 refugium
1103 2714 1173 2754 effe
1198 2727 1207 2751 :
1246 2713 1334 2753 ficut

308 2770 347 2806 δε
383 2770 635 2820 Jusjurandurn
670 2771 708 2808 in
744 2768 867 2806 talibus
903 2771 1095 2804 τελεωτοιῖω
1123 2765 1331 2807 >amomo-2221.

306 2820 388 2856 Alia
407 2821 455 2858 est
478 2829 600 2859 autem
621 2832 713 2870 quae
736 2816 832 2865 apud
853 2817 1051 2856 Horatium
1067 2845 1077 2861 ,
1108 2823 1335 2865 Omnecapax

308 2881 424 2907 movet
442 2884 532 2908 urna
554 2885 687 2909 nomen.
735 2869 950 2907 Videndum
971 2878 1094 2907 tamen
1109 2896 1119 2913 ,
1147 2879 1192 2904 an
1211 2868 1334 2916 conje-

1400 2460 1581 2497 interdum
1604 2467 1727 2496 tamen
1744 2460 1848 2496 etiam
1861 2459 1896 2495 in
1916 2458 2058 2494 malam.
2084 2458 2139 2495 Sic
2152 2459 2295 2494 Tacitus
2307 2457 2381 2494 ΜΞ).
2393 2456 2421 2494 Ι.

1404 2509 1495 2547 Hist.
1524 2514 1555 2545 A
1556 2508 1811 2559 ggregabantur
1828 2523 1843 2546 e
1856 2507 1948 2555 plebe
1961 2535 1971 2551 ,
2000 2507 2160 2555 flagitiosa
2178 2515 2234 2555 per
2255 2506 2421 2554 obsequia

1403 2560 1537 2598 Vitellio
1555 2560 1689 2609 cogniti.
1717 2559 1983 2598 Terentianum
2004 2558 2088 2595 illud
2109 2556 2325 2593 notiffimum
2348 2555 2416 2593 est:

1406 2611 1632 2660 Obsequium
1666 2611 1791 2647 amicos
1814 2637 1823 2652 ,
1869 2608 1998 2645 veritas
2025 2607 2138 2643 odium
2164 2605 2268 2653 parit.
2306 2605 2419 2644 Gloss.

1403 2669 1492 2700 vett.
1524 2661 1751 2709 Obsequium
1773 2687 1786 2704 ‚
1813 2655 2002 2706 ἆπκξεο-ίω,
2029 2654 2047 2695 ἢ
2067 2656 2178 2691 πειρῶ.
2208 2654 2261 2690 Ex
2284 2660 2419 2694 eodem

1403 2712 1590 2757 discimus,
1617 2711 1705 2750 olim
1726 2711 1831 2747 etiam
1855 2704 2051 2759 obsequianq
2081 2705 2115 2742 in
2137 2703 2198 2740 usu
2219 2703 2320 2743 fui-ffe
2339 2718 2425 2755 gen.

1405 2763 1558 2801 foemin.
1587 2762 1643 2800 S‘ic
1665 2761 1763 2800 enim
1789 2760 1865 2796 ait:
1901 2755 2065 2803 obsequia
2088 2768 2099 2788 ··
2139 2758 2340 2802 πειθαρχία.
2380 2758 2423 2795 ln

1405 2814 1487 2852 eod.
1514 2810 1664 2850 Gloffar.
1690 2808 1790 2860 quod
1809 2808 1935 2853 legitur
1953 2831 1963 2848 ,
1993 2802 2193 2852 Obftquiens
2212 2831 2221 2848 ,
2259 2805 2424 2852 πιονῗνιος,

1408 2866 1603 2913 ὖπκξετῶ,
1631 2863 1797 2903 ὑπείκων,
1821 2863 1912 2905 puto
1932 2852 2201 2891 emendandum
2223 2854 2430 2907 obsequens.

308 2918 383 2955 dio
416 2920 474 2957 illa
505 2923 542 2958 in
570 2933 697 2959 urnam
736 2921 795 2958 hic
833 2919 928 2957 faeta
964 2918 1006 2958 fit
1040 2930 1117 2957 non
1148 2917 1339 2956 sortitionis
1409 2915 1467 2952 R1
1484 2925 1614 2952 r'rssn
1633 2922 1769 2948 snus.

309 2969 434 3055 ωας,
461 2970 518 3007 sed
537 2973 655 3018 potius
674 2971 926 3018 suffragiorum
951 2970 1010 3008 seu
1040 2977 1215 3007 votorum
1239 2967 1338 3006 colli—

309 3028 381 3066 gen
409 3029 513 3056 orum
538 3047 548 3061 ‚

308 3067 506 3118 Republica
523 3069 678 3110 veneta.
706 3071 741 3109 R
753 3083 765 3108 1
779 3080 805 3107 T
816 3081 876 3108 u:
888 3083 912 3109 n
927 3083 943 3107 s
957 3081 980 3107 n
992 3083 1015 3107 u
1031 3083 1061 3109 s.

1461 2964 1486 3000 6
1527 2958 1730 3010 Ampliffimi
1764 2952 1928 3003 ordinis.]
1974 2952 2068 2992 Tres
2104 2954 2248 2994 Romae
2287 2957 2436 2997 ordines

585 3021 686 3069 quod
720 3020 830 3058 hodie
863 3021 969 3058 etiarn
1004 3020 1154 3059 factitari
1182 3018 1273 3059 solet
1303 3019 1340 3056 in
1410 3011 1514 3051 fuiffe
1533 3039 1544 3056 ‚
1571 3018 1699 3048 notum
1720 3007 1767 3044 est
1789 3018 1798 3042 ἒ
1824 3004 2052 3042 SenatOTium
2074 3031 2085 3047 ‚
2122 3004 2362 3054 Equestrem,
2390 3011 2432 3047 ὅτ

1410 3062 1612 3112 Plebejum.
1657 3058 1713 3098 Ex
1733 3056 1785 3096 his
1805 3065 1894 3095 vero
1916 3053 2120 3095 Senatorius
2141 3056 2440 3157 dicebatlubAm-

2246 3121 2296 3158 pt
2320 3122 2435 3158 tmnsg
