2616 3686
0 2242 2 2292 l

2 2302 3 2340 l

4 2372 5 2407 l

475 173 1818 257 Ν1111313111ΠαιῑιηενΓοιΑΧ.
2155 229 2243 272 271

231 288 423 344 Sabina
446 283 675 358 legatum
703 278 949 355 dederat,
980 288 1238 355 ‘tanquam
1260 273 1482 355 liberum
1508 278 1836 357 effl'j'lffiffit
1865 295 1876 330 :
1925 279 2060 347 quod
2079 291 2249 338 tamen

223 361 471 432 nusquam
494 351 779 426 apparebat
808 347 1016 405 relttlts
1027 344 1133 415 stbz
1155 344 1430 401 heredtbus
1452 346 1641 400 Sabino
1667 350 1719 404 t&
1761 347 2000 405 Secunda

187 521 196 541 -.
248 493 425 549 Cribis
458 490 587 546 mihi
608 527 625 554 ,
659 485 934 546 Sabinam,
973 498 1108 555 quae
1132 498 1228 539 nos
1256 482 1468 552 reliquit
1502 482 1728 538 heredes
1753 521 1768 546 ‚
1803 483 2116 540 'Modestum
2139 488 2246 544 ser-

248 583 375 621 vum
412 566 560 620 suurn
598 559 853 632 nusquam
904 555 1130 610 liberum
1169 555 1273 611 esse
1303 554 1530 623 juffifl‘e:
1583 555 1595 575 ¹
1634 555 1814 609 eidem
1851 568 2027 609 tamen
2055 556 2121 611 sie
2149 561 2244 614 ad-

144 636 393 708 scripfiffe
432 638 658 704 legatum
689 669 706 694 ‚
767 626 994 696 Modesto
1021 667 1037 691 ,
1087 645 1234 700 quem
1268 628 1487 680 liberum
1525 626 1781 699 cffejuſji.
1858 627 2085 699 Quaeris
2113 631 2245 701 quid

149 709 399 765 sentiam?
439 703 683 761 ²C0ntuli
701 706 723 732 ’⁴
742 717 866 755 curn
893 701 1074 772 peritis
1101 702 1241 766 juris,
1263 701 1517 753 convenit
1545 704 1688 754 inter
1715 717 1935 762 omneS,
1962 716 2063 754 nec
2087 702 2243 757 liber-

154 796 314 838 tatem
352 777 580 841 deberi,
640 775 762 846 quia
791 790 897 827 non
925 772 986 828 fit
1012 774 1131 827 data
1157 791 1170 827 :
1213 789 1314 826 nec
1339 775 1570 841 legatum
1601 811 1617 834 ,
1665 775 1788 844 quia
1815 775 1832 798 ⁴
1852 772 2003 827 servo
2029 773 2122 827 suo
2147 775 2243 830 de-

151 855 304 910 derit.
378 850 482 904 Sed
507 847 634 902 mihi
661 845 962 900 manifestus
991 862 1142 899 error
1165 843 1411 899 videtur:
1452 842 1690 915 ideoque
1715 860 1876 916 pum,
1903 843 2242 917 nobis⁵quafi

145 923 399 993 scripserit
423 919 610 975 Sabina
645 917 980 979 faciendum,
1019 916 1169 988 quod
1197 916 1302 986 ipsa
1323 915 1570 983 scripfiss'e
1595 917 1646 970 se
1670 918 1917 971 credidit.
1997 916 2238 978 Confido

145 993 463 1050 accessurum
490 1006 543 1046 te
568 991 855 1047 sententiae
881 1006 1061 1054 meae,
1100 1006 1224 1043 curn
1251 986 1631 1057 religiosiffime
1658 989 1821 1042 soleas
1847 988 2116 1044 custodire
2144 992 2239 1046 de·

145 1065 450 1122 funfiorum
473 1065 803 1119 voluntatem
819 1100 834 1125 ‚
872 1079 1030 1131 quarn
1055 1062 1208 1117 bonis
1231 1059 1518 1114 heredibus
1543 1061 1857 1115 intellexisse
1881 1077 1981 1129 pro
2002 1059 2120 1129 jure
2148 1064 2241 1122 est.

145 1140 334 1211 Neque
370 1138 512 1193 enim
552 1137 724 1191 minus
765 1134 906 1206 apud
942 1151 1039 1189 nos
1075 1135 1315 1189 honestas
1339 1172 1356 1197 ,
1416 1150 1576 1205 quam
1615 1133 1753 1204 apud
1791 1134 1917 1188 alios
1963 1134 2241 1262 necessiltas

2087 1223 2150 1261 va
2173 1223 2246 1266 et.

134 1347 307 1390 sabinum
330 1348 537 1386 Maximum
562 1345 665 1386 fuisse
686 1345 749 1386 sub·
771 1345 1144 1384 Adriano.&eodem

132 1402 335 1449 imperante
356 1398 480 1437 suidas
502 1398 670 1435 Sabinum
693 1397 987 1436 declamatorem.
1018 1396 1144 1452 Credi-

130 1451 247 1490 derim
283 1458 408 1486 tamen
443 1450 556 1496 magis
594 1447 695 1486 fuiffe
742 1444 903 1494 caestum
951 1445 1122 1483 Sabinum
1137 1475 1146 1492 ‚

132 1512 247 1550 quem
272 1497 463 1536 Secundus
496 1498 542 1535 ad
575 1496 792 1546 praesidium
825 1497 863 1532 ὃς
885 1504 1147 1534 ornamentum

128 1551 181 1588 sui
214 1547 408 1596 sumpserat
436 1575 447 1590 ‚
485 1546 572 1584 Auli
594 1546 766 1584 Pudentis
790 1545 1016 1591 municipem
1038 1548 1149 1584 totius

131 1599 308 1637 Umbriae
329 1597 447 1634 decus.
478 1596 540 1634 Ad
572 1607 658 1633 eum
677 1594 810 1632 librum
831 1593 1024 1642 septimum
1050 1595 1149 1633 Mar-

131 1651 221 1689 tialis
234 1650 344 1687 mittit
358 1676 368 1691 ‚
397 1649 434 1684 &
447 1657 550 1684 nono
564 1674 574 1690 ,
590 1644 668 1693 post
688 1643 835 1681 laudem
852 1644 946 1682 lacus
960 1645 1122 1692 ejusdcm
1137 1674 1149 1691 ,

133 1700 317 1739 rosaceum
340 1708 528 1735 coronam.
557 1696 590 1732 C
603 1708 626 1730 Α
640 1709 662 1733 τ
679 1708 700 1732 Α
713 1707 750 1732 u.
789 1695 946 1732 Statium
979 1694 1149 1734 Sabinum

139 1760 249 1788 vocat
273 1748 436 1786 Riccard.
458 1749 495 1784 in
518 1746 652 1784 Indice.

187 1813 204 1839 1
236 1800 358 1837 Eidem
382 1796 542 1846 tamem]
574 1796 626 1834 Ita
647 1794 784 1846 prorsus
805 1793 916 1832 editio
930 1804 1032 1836 vetus
1046 1827 1056 1842 ‚
1085 1811 1150 1838 ne-

80 1866 84 1871 .
133 1862 206 1898 que
253 1851 324 1888 abit
370 1850 440 1887 Pal.
488 1858 600 1897 quam
648 1844 750 1896 quod
787 1843 990 1894 expresserit
1019 1849 1140 1897 fidem.

134 1899 320 1938 Gutta-ra.
349 1899 472 1936 Eidem
496 1910 615 1935 tamen
637 1909 682 1935 ex
703 1894 828 1934 nostris
849 1896 1023 1944 praestant
1056 1901 1140 1939 Me-

133 1947 254 1986 diceus
269 1976 280 1993 ,
307 1949 475 1996 Bongats.
498 1946 693 1987 Helmstad.
713 1948 751 1985 &
775 1945 841 1984 Ed.
852 1946 938 1984 Vet.
952 1948 1026 1988 Alii
1040 1950 1138 1990 fere:

138 1999 235 2035 Idem
263 2010 393 2035 tamen.

183 2059 203 2083 2.
232 2047 411 2097 Contuli.]
442 2048 736 2086 Communicavi.
764 2046 806 2084 In
827 2047 986 2086 eundem
1000 2049 1138 2090 sensum

128 2095 344 2145 Papinianus
365 2099 501 2148 inquit:
531 2097 744 2146 Nicostratus
767 2110 844 2135 cum
866 2099 905 2136 de
927 2112 966 2136 ea
999 2114 1034 2138 re
1066 2115 1137 2139 me-

125 2160 203 2183 cum
227 2147 438 2198 contulisset,
465 2149 543 2187 dixi
562 2149 642 2199 posse
654 2150 802 2196 defendi.
830 2149 983 2187 CATAN.
1014 2151 1138 2192 Cuiac.

129 2197 209 2234 Lib.
234 2199 334 2236 XXI.
359 2199 511 2237 Observ.
533 2211 609 2248 cap.
632 2199 827 2238 XXXVII.

174 2260 191 2296 3
225 2255 317 2285 Cum
335 2248 599 2298 prudentibus.]
631 2250 782 2298 Legitur
794 2252 830 2288 in
845 2252 963 2289 multis
978 2256 1135 2302 exempl.

123 2309 209 2336 euin
237 2301 354 2347 peritis
381 2299 473 2346 juris
506 2301 544 2337 in
577 2299 735 2338 eundern
766 2301 916 2339 sensum.
970 2304 1137 2353 Responsa

117 2351 335 2399 prudentum
361 2351 437 2388 sunt
460 2349 652 2388 sententiae
688 2351 725 2388 &
761 2353 953 2399 opiniones
982 2364 1137 2399 eorum,

124 2400 251 2450 quibus
274 2398 481 2448 permissum
517 2400 583 2437 fuit
610 2401 690 2448 jura
720 2402 860 2449 publice
892 2403 1139 2450 interpretari,

126 2451 164 2488 δε
185 2460 204 2486 a
229 2451 378 2488 Caesare
398 2451 456 2499 jus
479 2449 718 2498 respondendi
738 2451 863 2488 datum
888 2451 936 2488 est
951 2479 960 2495 ‚
990 2454 1051 2499 qui
1073 2453 1138 2498 Ju-

124 2500 315 2539 risconsulti
348 2502 578 2549 appellantur.
632 2500 779 2537 Horum
805 2501 1139 2541 omniumscnten-

127 2551 194 2589 tiae
217 2552 255 2588 ὃς
278 2553 470 2598 opiniones
494 2563 574 2588 eam
596 2551 849 2590 studiositatem
872 2552 1068 2596 tenebant,
1098 2562 1138 2592 ut

125 2598 232 2646 judici
264 2613 309 2639 ex
340 2600 652 2638 constitutionibus
685 2612 761 2637 non
783 2602 906 2639 liceret
928 2613 947 2638 a
972 2601 1138 2650 responso

133 2660 256 2688 eorum
279 2651 459 2689 recedere.
499 2651 531 2687 C
546 2664 563 2687 A
583 2664 603 2688 τ
621 2664 642 2687 Α
658 2664 692 2687 Ν.
721 2651 864 2689 Contuli
887 2664 965 2688 cum
986 2655 1137 2702 pruden-

135 2699 260 2748 tibu5.]
286 2702 378 2739 Non
399 2701 570 2738 abhorret
591 2713 610 2737 a
634 2703 795 2749 genuino
815 2702 971 2740 auctoris
995 2730 1005 2745 ,
1032 2704 1141 2742 Iedtio

139 2747 235 2803 Yett.
253 2751 361 2790 Editt.
387 2750 530 2790 Contuli
549 2763 625 2787 cum
646 2753 876 2800 prudentibus
890 2781 899 2796 ,
930 2766 1007 2789 cum
1026 2755 1142 2803 peritis

137 2799 233 2841 juris.
281 2802 378 2839 Nam
411 2803 449 2840 ὃ(
478 2801 551 2839 Pal.
584 2810 782 2851 utrumque
820 2804 986 2850 expressit
1017 2832 1028 2848 ,
1075 2805 1139 2844 nisi

146 2847 303 2893 quodibi
322 2859 444 2889 tamen
459 2880 470 2896 ,
496 2851 581 2889 viris
603 2854 788 2899 prudentes
815 2881 824 2897 ,
863 2853 996 2892 fuerint
1017 2855 1139 2894 homi-

147 2904 208 2950 nes
237 2898 295 2934 usu
319 2900 431 2950 longo
461 2903 499 2939 &
531 2904 750 2951 experientia
773 2903 878 2947 clari,
905 2905 1006 2952 periti
1022 2906 1137 2953 juris,

149 2954 212 2986 qm
239 2955 314 2985 non
339 2957 412 2988 tarn
444 2950 489 2989 de
521 2962 566 2989 eo
595 2980 604 2998 ,

148 2990 250 3030 fieret
269 3021 279 3037 ,
313 2997 556 3043 responderent
576 3030 586 3046 ‚
624 3014 734 3052 quam
767 3003 812 3042 de
831 3005 923 3053 jure.
951 3006 1140 3044 Gnurnn.

1217 1356 1296 1381 cum
1314 1345 1544 1394 prudentibus
1560 1373 1570 1389 ,
1599 1357 1678 1381 cum
1694 1343 1815 1394 peritis
1839 1343 1925 1383 iuris
1957 1372 1968 1388 ‚
1988 1345 2092 1396 quod
2113 1352 2240 1388 tamen

1218 1406 1238 1431 a
1257 1395 1375 1434 Plinio
1405 1396 1500 1441 effe,
1529 1397 1617 1434 mihi
1640 1407 1717 1432 non
1736 1395 1948 1444 persuadeo.
1976 1396 2051 1435 Alii
2066 1396 2141 1436 fere
2153 1408 2241 1436 cum

1221 1444 1351 1483 Aldo:
1390 1446 1535 1484 Contuli
1568 1458 1646 1482 cum
1678 1446 1925 1493 prudentibus.
1955 1449 2120 1485 convenit
2147 1447 2242 1487 inter

1219 1507 1346 1533 omnes.
1399 1497 1452 1534 At
1483 1497 1712 1533 Vetetrimus
1742 1495 1935 1533 Mediceus
1959 1511 1966 1534 ;
1998 1499 2142 1535 Contuli
2161 1510 2242 1537 cum

1221 1546 1342 1593 peritis
1361 1546 1458 1584 iuris.
1480 1546 1644 1584 convenit
1665 1546 1757 1583 inter
1779 1559 1897 1583 omnes
1911 1575 1921 1591 ,
1949 1548 2007 1586 cui
2036 1547 2213 1596 subscripfi
2227 1579 2240 1596 ,

1249 1596 1309 1633 uia
1341 1595 1510 1634 videbam
1541 1597 1683 1645 probari
1715 1596 1815 1645 poli'e
1850 1609 1894 1633 ex
1930 1598 2011 1635 Lib.
2045 1598 2092 1635 II.
2129 1600 2240 1647 Epist.

1223 1607 1327 1682 §Vs
1351 1657 1387 1682 n.
1409 1659 1440 1683 2.
1463 1650 1501 1685 ὅ(
1522 1647 1602 1683 Lib.
1636 1647 1683 1683 V.
1715 1646 1823 1695 Epist.
1859 1647 1948 1684 VII.
2002 1649 2241 1689 Prudentibus

1221 1704 1413 1744 tamquam
1446 1696 1730 1751 vulgatissimum
1773 1696 1952 1735 ICtorum
1993 1700 2241 1748 vocabulum,

1221 1745 1324 1783 facile
1347 1759 1391 1784 ex
1419 1745 1542 1784 Glossa
1558 1746 1811 1785 adhaerescere
1824 1749 1966 1796 potuit,
1997 1761 2093 1799 qua:
2106 1750 2238 1791 deinde

1217 1797 1414 1844 genuinam
1437 1796 1636 1836 letitionem
1665 1798 1879 1836 exturbavit.
1917 1799 2094 1840 Horatius
2121 1803 2149 1841 1.
2179 1804 2241 1853 Sag

1215 1855 1284 1895 tyr.
1311 1847 1340 1885 I.
1367 1858 1417 1886 vs.
1444 1859 1479 1896 9.

1263 1949 1474 1999 Agricolam
1494 1949 1624 1989 laudat
1645 1951 1727 1989 iuris
1748 1951 1931 2001 legumque.
1949 1953 2096 2001 peritus,

1213 2050 1402 2090 Iuvenalis
1427 2052 1498 2090 Sat.
1526 2052 1554 2090 I.
1581 2063 1633 2090 vs.
1664 2052 1743 2090 128.

1257 2171 1328 2182 —
1378 2172 1442 2185 --
1491 2155 1639 2204 iurisque
1661 2154 1800 2203 peritus.
1817 2154 1955 2204 Apollo.

1207 2253 1249 2291 &
1264 2254 1402 2291 centies
1421 2254 1519 2302 apud
1537 2253 1638 2291 alios.

1256 2316 1279 2349 4
1305 2309 1410 2340 Servo
1432 2310 1508 2341 Suo.
1529 2304 1549 2354 ]
1579 2305 1678 2351 Ergo
1702 2303 1892 2341 Modestus
1913 2304 1988 2340 hoc
2005 2305 2087 2352 jure
2111 2309 2231 2354 priva-

1207 2352 1310 2389 batur
1343 2353 1511 2391 libertatis
1548 2353 1676 2390 favore
1701 2367 1709 2389 ε
1751 2355 1789 2390 &
1820 2354 1927 2400 legati
1946 2355 2026 2400 jure
2047 2355 2228 2404 habendi,

1210 2402 1254 2438 ὅτ.
1270 2413 1384 2439 omne
1405 2402 1625 2441 beneficium
1650 2403 1785 2442 redibat
1807 2404 1851 2440 ad
1865 2403 2037 2442 haeredes
2052 2407 2203 2446 Sabinae
2217 2438 2229 2454 ,

1209 2451 1379 2488 Sabinum
1402 2453 1529 2491 scilicet
1552 2454 1590 2490 δε
1614 2453 1835 2490 Secum-lum.
1884 2454 1986 2491 Nam
2009 2455 2230 2499 servinostri

1211 2512 1257 2537 ex
1280 2512 1499 2552 quacunque
1519 2503 1618 2539 causa
1641 2507 1834 2553 acquirunt
1858 2532 1868 2549 ,
1906 2504 1941 2542 id
1965 2506 2070 2545 nobis
2101 2511 2226 2559 acqui-

1210 2552 1306 2588 ritur.
1361 2552 1438 2600 Ipse
1461 2554 1559 2590 enim
1584 2553 1701 2591 servus
1716 2583 1726 2599 ‚
1754 2556 1815 2603 qui
1839 2557 1875 2593 in
1897 2555 2072 2604 potestate
2085 2559 2228 2598 a‘terius

1208 2600 1256 2640 est
1274 2629 1283 2644 ,
1311 2602 1397 2640 nihil
1420 2606 1520 2640 {uum
1545 2604 1674 2641 habe:
1697 2604 1835 2652 potest:
1865 2606 1922 2644 ide
1938 2610 2227 2647 >convenienter

1207 2652 1366 2700 legatum
1390 2654 1493 2690 nobis
1515 2665 1578 2701 per
1601 2667 1614 2688 c
1629 2655 1761 2692 ‚melem
1785 2657 1991 2706 acquiritur.
2023 2658 2177 2698 Came.

1261 2717 1277 2750 ς
1308 2702 1422 2751 {21⁴4st
1440 2704 1606 2752 scripserit
1630 2705 1760 2741 sabina
1775 2708 2001 2751 faciendum.
2025 2707 2039 2752 ‘l
2082 2710 2228 2750 Conce-

1210 2752 1366 2790 dentiam
1391 2755 1588 2792 libertatem
1605 2783 1614 2798 ,
1643 2757 1682 2792 ἃ
1703 2757 1862 2801 leg-atum
1899 2758 2074 2795 Modesto
2099 2772 2107 2796 ι
2147 2770 2228 2799 tan-

1212 2814 1321 2849 quam
1347 2802 1371 2839 si
1395 2812 1516 2854 aperte
1538 2806 1611 2842 hoc
1633 2797 1780 2844 cavisset
1803 2807 1940 2845 Sabina.
1970 2809 2082 2846 inim.
2111 2812 2229 2862 Quasi

1204 2853 1379 2902 scripserit
1401 2855 1533 2891 sabina
1549 2883 1558 2898 ‚
1585 2867 1657 2894 eft.
1684 2854 1699 2903 ]
1730 2856 1828 2894 Nam
1852 2858 2077 2897 voluntatem
2099 2854 2226 2907 defun-

1211 2906 1344 2939 erorum
1371 2905 1580 2953 inlelligere,
1608 2906 1704 2944 honis
1727 2905 1934 2944 haeredibus
1953 2918 2011 2956 pro
2039 2911 2121 2958 jure
2159 2913 2224 2959 est‘⁸

644 2954 744 3002 quod
770 2953 906 2991 fartum
931 2953 1040 2999 esset,
1077 2965 1139 2994 aut
1210 2962 1249 2991 ut
1278 2954 1407 2991 No‘laer
1428 2956 1538 3005 paulo
1562 2957 1641 3005 post
1672 2956 1744 3004 ipse
1772 2957 1896 2995 scribit.
1945 2959 2040 2998 Iulia
2062 2962 2142 2998 Lib.
2176 2964 2226 3002 V.

1209 3004 1316 3052 Epist.
1337 3006 1423 3043 VII.
1478 3012 1571 3051 Hoc,
1594 3005 1696 3056 fijus
1720 3005 1887 3056 aspicias,
1916 3008 2086 3048 irritum.-
2108 3011 2145 3062 si
2165 3014 2223 3050 de—

147 3043 249 3091 ᾹΡῑῑῖ
270 3055 336 3086 ¹¹0⁵
352 3045 452 3089 Voss'.
469 3050 664 3095 Helmstad.
686 3055 725 3097 &
755 3054 823 3095 Ed.
856 3055 942 3096 Ver,
994 3059 1139 3096 Contuli
1198 3056 1319 3101 sunm
1352 3055 1609 3103 voluntatem,
1645 3068 1767 3096 ratum
1792 3069 1836 3098 φ’
1848 3060 1997 3108 firmum
2020 3061 2073 3109 est.
2130 3063 2225 3098 Mihi

2108 3120 2224 3159 autern
