2616 3686
549 185 889 239 EsssER
955 185 1032 233 121.
1099 187 1665 243 EPISTOLA
1734 199 1878 249 XIX.
2204 228 2289 277 ¹73

215 276 358 332 ditor
379 273 436 328 iis
458 291 472 312 ι
492 268 636 325 affici
665 267 887 328 debeat,
926 265 1116 337 quibus
1142 265 1286 321 idem
1304 305 1320 330 ,
1356 268 1391 322 fi
1416 270 1557 324 foret
1578 273 1747 340 judex
1771 313 1786 336 ‚
1825 279 2053 332 maxime
2075 297 2290 350 permo-

210 357 442 401 veretur.
475 340 654 395 Potest
679 351 857 392 tamen
880 336 1022 399 fieri,
1063 351 1149 399 ut,
1188 355 1490 414 quanquam
1514 342 1569 395 in
1597 342 1672 395 his
1696 343 2123 414 difficultatibus,
2151 356 2283 410 libro
2327 386 2358 428 7

160 402 164 403 ἶ
206 415 284 472 issi
308 420 325 439 ²
356 414 558 469 novitas
582 410 929 465 lenocinetur.
953 409 1159 461 novitas
1183 409 1322 478 apud
1357 410 1588 465 nostros:
1626 414 1764 482 apud
1790 414 2032 472 Graecos
2047 424 2187 477 enim
2204 427 2277 478 est

191 485 459 557 quiddam
487 481 810 554 quamvis-ex
837 478 1077 542 diverse,
1116 495 1225 537 non
1250 493 1429 536 tamen
1457 485 1681 536 omnino
1709 484 1970 540 dissimile.
2045 491 2181 546 Nam
2218 511 2274 550 ut
2320 499 2348 544 8

181 558 298 611 illis
334 570 443 611 erat
477 554 636 608 moris
660 589 676 613 ,
711 551 851 617 leges
885 565 1013 619 quas
1049 563 1107 603 ut
1131 554 1420 606 contrarias
1446 553 1707 622 prioribus
1731 555 1932 625 legibus
1956 561 2272 627 arguebant,

199 629 414 682 aliarum
447 624 726 680 collatione
763 620 777 646 ³
811 619 1172 675 convincere:
1221 623 1238 647 ⁴
1262 623 1333 676 ita
1360 624 1510 678 nobis
1533 625 1691 678 ineffe
1716 627 2132 693 repetundarum
2161 634 2277 703 lege

198 698 343 770 quod
377 695 746 767 postularemus
772 729 788 756 ,
838 707 962 744 cum
995 691 1092 745 hac
1129 692 1233 762 ipsa
1269 695 1388 764 lege
1415 734 1431 758 ‚
1469 709 1582 749 tum
1618 698 1725 750 aliis
1752 698 2117 777 colligendum
2143 702 2271 759 fuit:

238 767 340 822 uod
365 779 692 835 nequaquam
716 761 966 814 blandum
992 763 1203 817 auribus
1232 765 1602 834 imperitorum
1627 805 1643 830 ,
1679 780 1828 821 tanto
1852 786 2104 838 majorem
2131 774 2271 843 apud

196 786 378 893 gofios
394 836 584 890 habere
597 833 815 904 gratiam
832 831 1019 896 debet,
1037 847 1239 906 quanto
1254 839 1516 890 minorem
1533 837 1928 907 apudindofios
1944 841 2120 896 habet.
2160 847 2272 901 Nos
2320 864 2350 902 9

189 919 392 968 autem,
433 905 743 975 fiplacuerit
757 904 1008 966 recitare,
1035 906 1322 959 adhibituri
1348 907 1523 962 sumus
1542 909 1953 964 eruditissimum
1968 928 2268 985 quemque:

187 977 276 1033 sed
300 978 451 1049 plane
474 975 646 1030 adhuc
669 991 735 1029 an
760 973 819 1028 fit
847 974 1182 1031 recitandum
1201 1015 1218 1039 ‚
1256 979 1494 1033 examina
1523 992 1702 1033 tecum
1726 1018 1740 1041 ,
1773 998 2066 1061 omnesque
2091 988 2270 1065 {quos

183 1063 286 1117 ego
320 1049 465 1101 movi
487 1050 540 1102 in
567 1059 788 1116 utraque
814 1058 962 1116 parte
986 1043 1004 1065 ⁶
1025 1048 1252 1102 calculos
1281 1065 1437 1117 pone.
1478 1050 1643 1120 idque
1659 1051 1833 1130 elige,
1871 1069 1923 1104 m
1952 1069 2063 1123 quo
2077 1061 2269 1113 vmerst

183 1121 358 1173 ratio.⁷
373 1138 401 1172 a
417 1135 470 1173 te
483 1117 624 1172 enim
639 1117 772 1172 ratio
790 1117 1438 1187 exigetur,nos-excusabit
1453 1120 1782 1192 obsequium.
1823 1122 1974 1176 Vale.
2139 1130 2186 1182 Χ
2202 1129 2272 1185 Χ,

178 1241 303 1279 Oxon.
325 1253 403 1279 cum
424 1239 587 1289 alloquiis
601 1239 800 1289 praecipue,
827 1238 930 1288 quod
942 1251 988 1276 ex
1000 1239 1182 1289 superiore
1244 1254 1326 1278 rum
1358 1242 1422 1292 legi
1448 1272 1473 1301 ⁹.
1496 1244 1608 1294 idque
1632 1242 1657 1281 si
1674 1253 1844 1302 tenemus
1870 1273 1880 1290 ‚
1921 1257 1998 1284 non
2022 1247 2137 1306 aliena
2160 1250 2264 1298 sunt,

174 1293 343 1329 varietate
367 1298 589 1338 corruptum.
641 1289 731 1326 Illud
751 1297 876 1326 autem
899 1288 953 1325 his
971 1301 1014 1326 ex
1029 1291 1180 1340 sequen·
1250 1303 1344 1339 quae
1365 1293 1502 1332 adtulit.
1533 1295 1681 1332 Habent
1702 1296 1852 1345 quidem
1874 1297 1970 1346 apud
1990 1309 2057 1335 nos
2072 1299 2267 1339 Lindenbr.

171 1342 202 1378 ti·
218 1340 326 1377 loco:
353 1340 495 1377 auditor
516 1341 555 1376 iis
575 1338 675 1385 adfici
687 1338 830 1382 debeat,
857 1339 1065 1376 translatum
1081 1368 1091 1384 ,
1118 1350 1180 1378 aut

176 1401 222 1427 ex
241 1391 355 1428 littera
380 1395 418 1426 N
440 1389 639 1426 formatum
662 1388 722 1425 est.
743 1400 828 1424 nain
852 1390 888 1426 in
912 1389 1180 1438 Helmst.repe-

171 1442 249 1478 rio:
275 1452 351 1476 cum
371 1439 532 1487 alioquin
552 1438 724 1486 praecipue
743 1438 920 1474 auditores
934 1439 1035 1485 adfici
1047 1440 1179 1477 debeat.

224 1503 238 1527 1
271 1488 410 1536 Affici.]
441 1488 599 1524 Moveri.
647 1486 708 1523 Est
729 1488 826 1524 enim
848 1486 939 1532 affici
961 1489 1050 1524 trahi
1071 1490 1116 1526 ad
1139 1502 1178 1526 u·

171 1549 371 1587 numquam
402 1549 447 1573 ue
468 1547 544 1573 rem
570 1548 613 1572 ex
636 1537 754 1583 aliqua
772 1536 1176 1581 animiperturbatione.

170 1589 306 1626 Seneca
338 1549 476 1633 affictus
509 1583 578 1621 effe
611 1586 727 1621 voluit
746 1590 868 1619 motus
889 1586 1001 1622 animi
1022 1586 1154 1625 subitos
1167 1616 1177 1632 ‚

169 1635 425 1686 improbabiles
447 1636 485 1671 &
507 1634 705 1670 concitatos
719 1660 729 1674 ,
757 1643 968 1680 quanquam
992 1634 1178 1675 Maximus

174 1688 358 1734 egregium
379 1684 530 1721 humani
552 1683 665 1718 animi
687 1680 844 1728 affecium
867 1681 1006 1721 dixerit.
1045 1686 1175 1727 Graeci

170 1740 221 1773 n
239 1737 337 1774 πάθη
360 1742 492 1771 vocant
506 1761 515 1775 ‚
543 1732 587 1769 de
610 1731 738 1780 quibus
756 1730 854 1778 plura
881 1732 1009 1779 Quint.
1033 1736 1177 1774 &Ma-

170 1786 322 1823 crobius.
350 1784 382 1821 C
398 1797 418 1819 A
435 1797 456 1820 τ
474 1796 493 1819 Α
510 1794 542 1818 κ.
822 1831 828 1836 .
881 1831 886 1836 .
987 1834 993 1840 η
1114 1837 1120 1842 .

216 1847 237 1871 2
267 1835 424 1871 Novitas
444 1828 690 1878 lenocinetur]
729 1829 831 1866 Novi
854 1830 994 1870 dicendi
1029 1834 1171 1882 species.

165 1882 370 1921 Blandiatur
393 1910 402 1924 ‚
440 1883 588 1929 gratiam
620 1879 734 1917 addat.
772 1878 912 1916 IDEM.
961 1881 1056 1921 Vide
1090 1886 1170 1924 Lib,

169 1930 314 1980 LEpist.
328 1931 432 1968 VIII.
455 1943 487 1967 n.
508 1932 539 1967 6.
563 1931 708 1979 &supra
721 1928 764 1966 ad
776 1930 967 1974 n-4huius
980 1931 1170 1980 Epistolae.

217 1994 235 2030 3
265 1979 515 2028 convincere]
545 1978 668 2018 Sensus
690 1978 759 2022 est,
785 1980 821 2016 in
845 1980 1099 2022 constitutione
1119 1987 1169 2024 le—

164 2031 289 2077 gitima
323 2043 366 2068 ex
399 2030 580 2067 contrariis
608 2029 742 2076 legibus
766 2056 775 2072 ,
815 2039 900 2076 quas
921 2031 1016 2078 leges
1037 2036 1167 2081 proba-

163 2079 247 2117 bant
268 2078 336 2118 esse
356 2080 544 2116 contrarias
566 2079 637 2116 aliis
657 2078 792 2126 legibus
813 2106 822 2122 ,
855 2079 983 2118 Graeci
1014 2084 1164 2123 consue-

161 2139 292 2167 verunt
329 2129 596 2176 comparatione
629 2128 776 2165 aliarum
810 2129 1004 2167 meliorum
1038 2133 1160 2181 legum

161 2180 359 2218 confutare.
413 2179 506 2216 Scias
536 2186 659 2215 autem
690 2177 830 2215 necesse
861 2178 909 2216 est
930 2208 941 2224 ,
983 2182 1065 2230 jure
1086 2185 1161 2232 ipso

159 2230 293 2266 nullam
317 2226 384 2266 effe
405 2227 523 2276 legem
544 2227 614 2275 legi
635 2229 850 2265 contrariam
865 2255 875 2271 ,
903 2231 987 2277 quia
1004 2230 1159 2271 sidiver-

160 2278 235 2315 sum
265 2276 424 2324 juffiffet,
452 2278 602 2314 alterum
624 2277 735 2314 altero
749 2278 979 2324 abrogaretur
993 2307 1003 2323 ‚
1031 2280 1159 2321 sedeas

1248 1340 1413 1390 Bongarfi
1446 1345 1572 1381 Oxou.
1610 1344 1711 1382 Voff.
1751 1347 1789 1383 δε
1824 1346 1976 1383 Helmst.
2004 1348 2058 1384 ita
2080 1349 2173 1388 nobis
2197 1350 2268 1391 effe

1250 1392 1339 1437 quod
1363 1401 1430 1430 cet.
1453 1395 1614 1442 plerique
1636 1404 1759 1432 tamen
1783 1408 1914 1433 eorum
1937 1396 2000 1445 legi
2023 1397 2164 1437 servant
2189 1428 2199 1444 ,
2228 1404 2267 1440 &

1250 1438 1297 1475 fic
1319 1438 1355 1475 τὶ
1376 1442 1434 1488 effe
1457 1443 1634 1479 subsistere
1655 1446 1782 1492 nequit
1796 1473 1806 1487 ,
1843 1446 1947 1494 quod
1970 1449 2078 1484 etiam
2102 1458 2267 1497 propter-

1252 1498 1293 1523 ea
1326 1490 1493 1528 odiosum
1517 1492 1590 1534 est,
1618 1495 1701 1540 quia
1724 1505 1755 1529 n.
1778 1495 1812 1529 6.
1837 1505 1868 1538 7.
1902 1494 1935 1530 8.
1993 1496 2066 1532 hoc
2110 1500 2265 1538 verbum

1248 1537 1357 1574 toties
1390 1540 1527 1588 legitur.
1581 1541 1810 1580 Veternmos
1832 1544 1955 1592 itaque
1979 1544 2192 1586 Mediceum
2225 1551 2264 1588 δε

1249 1585 1413 1626 Riccard.
1452 1590 1551 1639 sequi
1585 1590 1796 1636 debemus,
1838 1595 1901 1641 qui
1933 1594 2029 1641 inesse
2062 1597 2262 1644 praestant,

1246 1633 1330 1673 licet
1345 1638 1534 1676 Mediceus
1556 1640 1621 1687 lege
1646 1668 1656 1684 ,
1695 1653 1762 1688 pro
1784 1643 1848 1690 legi
1872 1670 1882 1686 ,
1921 1645 2089 1682 exhibeat
2113 1673 2123 1689 ‚
2162 1649 2260 1687 unde

1249 1682 1344 1723 forte
1378 1691 1498 1726 omnis
1531 1688 1591 1727 ista
1624 1691 1774 1727 varietas
1805 1694 1993 1738 manavit,
2021 1704 2104 1730 cum
2134 1702 2262 1737 tamen

1244 1732 1334 1772 libro
1357 1736 1404 1774 iili
1430 1737 1743 1776 familiarissimum
1765 1739 1806 1777 fit
1825 1743 1970 1779 tertiam
1994 1745 2032 1781 δε
2065 1743 2260 1786 secundam

1246 1782 1426 1823 Vocalem
1448 1788 1540 1825 inter
1561 1788 1595 1825 se
1617 1798 1834 1835 permutare.
1888 1791 1966 1829 Nisi
2001 1793 2096 1830 forte
2130 1805 2232 1847 putas
2247 1827 2257 1843 ,

1241 1831 1339 1880 ineffc
1358 1835 1447 1883 lege,
1476 1848 1541 1884 pro
1563 1839 1599 1874 in
1623 1837 1688 1886 lege
1710 1838 1790 1887 effe,
1818 1840 2008 1880 auetorem
2032 1843 2155 1882 dixisse
2179 1874 2189 1890 ‚
2218 1858 2257 1887 ut

1241 1882 1296 1920 alii
1318 1883 1495 1923 inhaerere
1516 1901 1573 1930 re;
1602 1899 1635 1925 te
1655 1889 1876 1936 impendent3
1902 1890 2092 1939 invigilare
2115 1893 2254 1943 labore,

1239 1930 1284 1968 de
1314 1935 1441 1983 quibus
1473 1935 1612 1974 dietum
1644 1938 1690 1975 ad
1719 1939 1849 1977 Sallust.
1883 1941 1962 1978 Cat.
1990 1953 2066 1991 cap.
2093 1941 2139 1980 11.
2161 1957 2195 1983 n.
2218 1960 2253 1995 9,

1238 1981 1370 2032 Aliquo
1394 1987 1521 2035 negotio
1544 1989 1713 2026 intentus.
2298 1995 2306 1998 ⁴

1287 2045 1304 2080 ς
1333 2036 1429 2081 Quas
1446 2050 1500 2084 ego
1524 2038 1645 2087 novi]
1672 2038 1802 2077 Malim
1818 2068 1828 2084 ‚
1856 2054 1938 2090 quos
1963 2056 2017 2090 ego
2039 2046 2147 2081 movi.
2187 2048 2252 2085 Su-

1235 2091 1296 2127 pra
1319 2088 1418 2122 enim
1443 2085 1635 2134 disputavit
1656 2090 1693 2126 in
1714 2098 1909 2139 utramque
1932 2102 2070 2140 partem
2087 2121 2096 2136 ,
2127 2098 2165 2132 ὅ(
2183 2097 2250 2134 clu-

1234 2131 1368 2170 bitandi
1392 2136 1547 2174 rationes
1570 2139 1727 2186 protulit.
1754 2139 1863 2184 Juvat
1887 2140 1985 2179 idem
2010 2143 2153 2180 Austor-
2165 2147 2247 2184 Lib.

1233 2179 1296 2217 III.
1335 2183 1395 2221 ubi
1438 2197 1551 2223 motus
1579 2188 1704 2237 confilii
1737 2201 1804 2237 pro
1835 2189 1946 2227 causis
1984 2193 2245 2234 &rationibus

1230 2230 1366 2270 consilii
1389 2234 1501 2279 dixit,
1528 2237 1595 2284 Ep.
1620 2238 1686 2274 lV.
1711 2239 1757 2274 Is.
1781 2240 1946 2275 CASAUB.
1994 2241 2083 2277 Hoc
2112 2243 2243 2281 confir-

1230 2283 1320 2318 mari
1341 2293 1417 2319 non
1438 2284 1553 2323 solum
1575 2298 1595 2322 a
1618 2287 1688 2324 Pal.
1713 2287 1792 2323 MS.
1815 2287 1873 2324 sed
1895 2290 2004 2324 etiam
2026 2301 2045 2325 a
2070 2300 2139 2327 vet.
2157 2293 2239 2332 edit.

157 2328 236 2364 casu
259 2332 296 2366 ὅ(
318 2335 451 2365 evento
466 2326 607 2370 collidi,
630 2329 667 2364 δὲ
691 2326 840 2364 diversas
861 2327 982 2364 videri.
1007 2330 1158 2370 Caram,
1224 2329 1301 2374 jam
1325 2341 1422 2368 nunc
1445 2334 1564 2371 testor.
1603 2338 1636 2373 G
1652 2349 1674 2371 iz
1691 2349 1715 2370 υ
1732 2350 1753 2372 τ
1769 2349 1788 2372 ε
1803 2350 1843 2372 n.
1880 2338 1984 2372 Movi
2004 2337 2240 2381 confirmatur

204 2392 226 2423 4
258 2385 310 2414 lta
335 2375 471 2424 nobi5.]
520 2376 626 2412 Ordo
648 2376 695 2413 est
710 2404 720 2418 ,
745 2377 792 2413 ita
816 2375 882 2412 fuit
903 2387 1158 2424 argumentan-

153 2426 241 2464 dum
259 2431 296 2465 &
319 2426 546 2474 probandum
567 2425 670 2462 nobis
691 2424 867 2509 c2.1mssips·.1
888 2426 967 2473 lege
990 2437 1158 2474 repetun-

150 2475 279 2513 darum
306 2504 316 2519 ‚
351 2485 429 2512 tum
465 2475 536 2512 aliis
568 2475 700 2522 legibus
722 2476 780 2512 ine
811 2486 830 2510 e
850 2474 918 2521 legi
943 2478 1155 2523 repetundi-

152 2534 233 2562 rum
260 2554 270 2570 ,
307 2525 343 2562 id
375 2524 423 2561 est
447 2553 458 2569 ‚
496 2526 671 2561 contineri
690 2535 731 2561 ca
754 2525 832 2570 lege
854 2524 955 2570 quod
977 2527 1155 2566 accusare-

153 2584 255 2612 mus:
287 2574 426 2612 videtur
447 2583 568 2611 autem
590 2574 649 2610 illa
674 2572 774 2610 fuill'e
797 2575 914 2609 oratio
940 2602 949 2617 ,
978 2586 1046 2623 qua
1073 2577 1153 2614 Ma-

152 2623 243 2661 rium
266 2624 422 2663 Priscum
446 2623 631 2660 accuravit.
669 2623 782 2659 lofin.
822 2627 876 2658 Ita
902 2623 994 2660 nobis
1016 2626 1150 2677 ineffe]

152 2671 222 2709 Pal.
245 2676 282 2712 &
304 2675 420 2711 Vetus
442 2673 596 2710 habent:
624 2674 676 2708 ita
698 2673 790 2710 nobis
812 2673 869 2719 effe
889 2676 1064 2722 repetund.
1080 2687 1150 2714 eye.

156 2721 337 2761 Gitona.
362 2723 513 2760 Veteres
536 2724 573 2759 ἃ
590 2723 764 2760 Palatinus
787 2722 922 2759 habent
942 2724 1020 2771 effe,
1048 2728 1152 2773 quod·

1228 2387 1411 2421 praeterea
1435 2383 1478 2418 ab
1502 2384 1674 2422 Media-eo
1689 2412 1699 2427 ,
1727 2385 1893 2433 Bongars.
1918 2387 1955 2422 δε
1970 2387 2237 2430 Helmstadien-

1227 2424 1251 2460 fi
1276 2454 1286 2467 ‚
1324 2430 1362 2465 &
1391 2429 1532 2469 dicendi
1565 2436 1654 2471 ratio
1682 2435 1801 2481 exigit.
1840 2436 1966 2472 Oxon.
1988 2438 2026 2474 in
2049 2449 2237 2491 utramque

1225 2484 1374 2522 partem.
1720 2510 1723 2511 ν

1275 2526 1297 2560 6
1325 2528 1526 2579 Calculos.]
1558 2533 1817 2578 Difficultates‚
1847 2538 2013 2575 rationes.
2043 2540 2118 2586 Qui
2131 2544 2231 2581 enim

1223 2580 1509 2623 computabant,
1537 2584 1676 2622 calculis
1701 2586 1900 2622 utebantur.
1930 2586 2040 2626 Unde
2053 2591 2230 2637 Vegetius

1222 2624 1408 2663 calculare
1431 2657 1440 2673 ‚
1478 2633 1516 2668 ὃς
1546 2633 1652 2669 Mm.
1675 2634 1918 2672 calculatorem
1942 2663 1953 2678 ,
1980 2649 2092 2686 quem
2117 2642 2228 2688 vulgo

1221 2675 1514 2717 ratiocinatorem
1538 2681 1715 2721 dixerunt.
1770 2684 1817 2720 Et
1839 2687 1930 2722 ratio
1964 2698 2031 2733 pro
2064 2689 2228 2736 calculo,

1220 2722 1306 2760 sicut
1337 2728 1487 2765 calculus
1521 2742 1588 2778 pro
1609 2735 1748 2771 ratione
1768 2735 1964 2782 usurpatur.
2020 2738 2226 2777 Columella

156 2767 250 2808 haud
270 2772 375 2811 dubie
397 2772 444 2810 est
464 2772 615 2810 restuin.
669 2772 796 2809 Ordo:
823 2771 1049 2820 colligendum
1069 2776 1146 2820 fuit
1217 2775 1359 2811 calculos
1380 2789 1445 2825 pro
1465 2779 1607 2829 sumptu
1625 2783 1662 2820 &
1685 2784 1826 2821 redditu
1848 2787 1974 2832 accipit
1988 2814 1997 2829 ‚
2025 2797 2110 2824 cum
2120 2799 2223 2836 prae-

160 2827 231 2853 cum
257 2821 318 2858 hac
338 2823 405 2871 ipsa
426 2821 492 2870 lege
513 2822 841 2870 (repetundarum)
866 2832 942 2858 tum
966 2823 1042 2860 aliis
1073 2825 1147 2872 (le-

163 2864 278 2915 gibus)
298 2872 353 2919 effe
371 2871 460 2908 nobis
475 2899 485 2915 ,
511 2873 600 2921 quod
617 2871 864 2920 postularemus
896 2872 962 2920 lege
989 2883 1146 2922 repetun-

1218 2825 1300 2871 cipit
1333 2837 1379 2863 ne
1401 2829 1580 2876 majorem
1603 2841 1728 2878 agrum
1752 2844 1861 2882 quam
1887 2836 1976 2872 ratio
1998 2838 2221 2877 calculorum

1219 2875 1349 2920 partitur
1364 2904 1373 2919 ,
1403 2889 1525 2916 emere
1538 2881 1700 2918 velimus.
1729 2885 1761 2922 C
1775 2896 1796 2919 A
1811 2897 1833 2921 τ
1849 2897 1870 2919 Α
1884 2894 1920 2920 Ν.
1949 2885 2009 2921 De
2025 2885 2143 2924 forma
2166 2890 2220 2925 lo-

165 2911 295 2953 darum.
321 2920 406 2958 Illud
416 2919 472 2969 effe
489 2921 582 2958 nobis
604 2921 652 2959 est
665 2949 675 2964 ‚
696 2933 762 2959 nos
782 2921 921 2958 habere.
947 2923 1145 2961 Catanaeuxr

169 2961 273 3000 aliena
288 2965 400 3006 habet.
436 2971 456 3007 S
467 2982 485 3007 c
497 2983 519 3007 n
531 2983 551 3007 ε
564 2983 582 3006 i=
598 2983 616 3007 ιτ
632 2983 652 3008 ε
666 2984 701 3009 R.
757 2973 958 3009 Catanaeus
979 2983 1063 3010 cum
1086 2975 1147 3011 aq-
1178 2963 1184 3003 Ῐ

169 3017 258 3058 quot
284 3012 407 3065 scriptis
428 3021 465 3058 ὃ(
486 3021 655 3069 impreffis
678 3022 763 3072 legit
786 3036 794 3060 :
821 3019 918 3070 ineffe
940 3024 1144 3072 repetunda·
1176 3005 1181 3105 ἶ

1215 2925 1349 3010 {uenali
1387 2926 1469 2964 vide
1506 2928 1692 2968 Budaeum
1731 2934 1776 2971 ad
1812 2933 1984 2972 Pande&
2019 2946 2099 2984 pag.
2139 2938 2222 2986 396.

1247 2986 1295 3070 A?
1305 2987 1403 3065 1zILte:
1423 3027 1516 3067 enim
1535 3029 1626 3068 ratio
1647 3030 1842 3118 exgrgetur]
1871 3033 2072 3079 Helmstad.
2092 3049 2116 3074 a
2135 3047 2169 3075 te
2181 3052 2223 3092 ἰ·

1742 3092 1758 3127 3
2152 3099 2223 3135 mna
2246 3110 2251 3114 ·
