2616 3686
599 179 939 232 LIBER
1005 175 1708 238 V.EPISTOLA
1777 193 1856 240 11.
2181 212 2273 268 325-

306 321 1090 398 ·'11.'C.P1.1N1us
1167 345 1181 367 ¹
1260 336 1666 394 FL'Acco
1741 343 1921 399 Suo
1999 347 2048 402 S.

153 453 335 544 Flacco
373 480 486 553 agit
516 478 732 551 gratias
740 485 844 546 pro
871 470 1144 525 turdorum
1172 491 1355 527 corona
1373 514 1387 537 ‚
1415 477 1574 548 seque
1590 490 1703 548 par
1727 497 1910 533 munus
1932 499 2000 533 ex
2025 480 2266 540 Lauren-

744 549 854 613 tino
878 548 1154 600 remittere
1177 564 1273 601 non
1287 552 1426 619 poffe
1450 549 1688 618 testatur.
1749 610 1751 613 ,

291 689 457 759 Ccepi
497 684 881 758 pulcherrimos
918 683 1105 738 turdos
1131 725 1147 748 ‚
1185 703 1315 740 curn
1339 687 1530 758 quibus
1554 696 1570 715 ²
1594 705 1773 759 parem
1804 691 2065 746 calculum
2098 711 2266 764 pone-

152 694 268 827 Α
292 781 372 818 re.
411 778 425 804 ³
465 777 564 814 nec
601 757 740 817 urbis
776 757 942 825 copiis
978 774 1045 810 ex
1087 759 1420 812 Laurentino
1446 799 1463 824 ‚
1507 762 1526 785 ⁴
1561 779 1663 814 nec
1702 764 1858 818 maris
1895 779 2000 818 tam
2037 767 2261 821 turbidis

151 833 538 904 tempestatibus
573 829 794 900 poss'um.
871 829 1125 899 Recipies
1163 848 1296 901 ergo
1342 828 1581 901 epistolas
1608 833 1835 896 steriles,
1879 837 2263 908 &simpliciter
2308 865 2337 899 ι.

145 909 393 976 ingratas:
433 920 493 956 ac
530 921 597 957 ne
633 901 770 955 illam
807 903 1031 970 quidem
1074 902 1086 928 ⁵
1125 901 1409 957 sollertiam
1437 905 1796 977 [Diomedis]
1825 911 1876 962 in
1903 911 2261 977 permutando

146 994 364 1033 munere
387 976 682 1033 imitantes.
733 972 838 1026 Sed
867 1013 882 1036 ‚
939 991 1075 1044 quae
1099 976 1320 1030 facilitas
1345 989 1433 1032 tua
1462 1016 1477 1042 ‚
1538 979 1641 1033 hoc
1664 983 1828 1049 magis
1850 981 1997 1036 dabis
2025 986 2265 1050 veniam,

144 1049 290 1122 quod
315 1049 366 1104 se
391 1064 499 1103 non
525 1046 719 1103 mereri
745 1044 999 1103 fatentur.
1042 1047 1193 1104 Vale.
1842 1087 1846 1090 -
2047 1125 2132 1182 HI
2188 1129 2236 1184 C

1219 1263 1298 1303 ullis
1327 1263 1425 1314 copiis
1456 1264 1684 1305 scribendum
1714 1265 1876 1305 censeo:
1918 1278 1978 1304 nec
2008 1266 2115 1306 villae
2148 1268 2260 1318 copiis.

1221 1326 1308 1352 nain
1332 1316 1602 1355 Laurentinum
1625 1320 1729 1357 villa..
1749 1319 1903 1357 BARTH.
1931 1319 2053 1358 Etiam
2070 1320 2106 1357 in
2132 1319 2260 1358 nostris

189 1273 206 1301 t
235 1259 462 1311 FLACCO]
479 1261 643 1300 Annium
659 1260 817 1299 Flaccum
831 1255 1046 1300 Senatorem
1059 1263 1157 1312 apud

131 1311 218 1352 Plin.
235 1315 407 1352 invenies.
445 1313 598 1352 Adhaec
620 1315 748 1353 scimus
782 1313 956 1351 Valerium
995 1313 1155 1350 Flaccum

132 1372 280 1414 poetam
301 1377 363 1414 per
386 1365 442 1402 illa
465 1372 634 1413 tempora
657 1363 828 1402 claruisse.
858 1363 1086 1401 Crediderim
1101 1373 1154 1402 ta-

133 1424 242 1460 men,
271 1427 354 1453 cum
378 1416 468 1452 haec
489 1415 652 1452 scr.beret
676 1414 861 1453 Secundus
884 1442 893 1458 ‚
921 1415 964 1450 ab
986 1414 1154 1454 hum-anis

133 1462 321 1502 excessisse.
352 1466 394 1502 In
415 1465 627 1513 quibusdam
641 1466 903 1512 exemplaribus
915 1475 991 1501 non
1011 1465 1127 1503 Flacco
1144 1495 1154 1511 ,

130 1513 190 1551 sed
227 1515 418 1563 Calpurnio
469 1515 632 1562 scriptam
679 1515 864 1567 epistolam
913 1516 1123 1553 notavimus
1145 1531 1153 1554 2

131 1559 207 1602 five
240 1567 266 1602 is
300 1565 406 1604 fuerit
429 1565 645 1612 Calpurnius
669 1567 744 1612 Piso
767 1593 776 1608 ,
816 1565 915 1611 cujiis
945 1565 1054 1610 paulo
1078 1567 1155 1614 post

133 1612 174 1651 fit
205 1617 346 1656 mentio
373 1629 380 1651 :
411 1614 484 1652 sive
516 1615 730 1660 Calpurnius
764 1612 928 1660 Agricola
956 1641 965 1656 ,
1010 1615 1051 1651 ab
1076 1617 1155 1653 An-

129 1667 262 1703 tonino
310 1666 528 1714 philosopho
567 1663 687 1702 missus
726 1663 913 1700 adversum
952 1663 1152 1704 Britannos.

128 1715 323 1753 Calzurnio
355 1717 442 1763 Ruso
476 1715 604 1763 scripsit
638 1713 848 1752 Adrianus:
901 1715 938 1751 &
961 1715 1153 1761 Calpurnio

127 1765 246 1802 Flacco
278 1766 474 1804 secundum
508 1767 660 1803 Pau'um
680 1793 690 1809 ‚
728 1775 841 1814 quem
864 1763 1001 1802 const-at
1023 1777 1142 1813 perve-

130 1814 216 1853 nisse
241 1818 350 1865 usque
373 1816 416 1853 ad
442 1817 621 1854 Antonini
645 1818 683 1854 δέ
707 1816 827 1853 Severi
850 1823 1024 1862 tempora.
1064 1817 1150 1852 Cal-

119 1867 291 1908 purnium
330 1873 494 1903 Macrum
526 1866 709 1905 Secundus
749 1864 891 1903 testatur
921 1868 978 1902 sua
1007 1874 1151 1916 tempe-

129 1911 215 1951 state
250 1918 368 1958 ‚virum
402 1918 639 1955 clarissimum.
680 1918 832 1954 Canu,
875 1915 1072 1954 Lindenbr.
1111 1920 1149 1956 ὅ(

128 1963 241 2000 Arnz.
275 1966 467 2013 Calpurnio
495 1968 606 2004 Flacco
626 1967 812 2005 inscribunt
837 1996 847 2012 ‚
884 1967 1079 2015 quomodo
1109 1971 1147 2008 &
1178 1970 1181 1981 ⁸

129 2012 290 2051 Riccm.
325 2028 359 2053 in
398 2016 528 2056 Indice.
577 2019 818 2066 Optimus&
850 2018 977 2068 reliqui
1000 2026 1144 2058 tantum

128 2062 246 2100 Flacco
273 2072 353 2110 <1‹o,·
387 2068 510 2105 Oxon.
534 2069 666 2105 Titrom'
684 2075 757 2105 Su0.

179 2125 198 2149 2
232 2123 356 2152 parem
378 2118 587 2167 calculum]
618 2120 683 2156 Par
702 2130 835 2156 munus
858 2118 1019 2157 reddere.
1049 2120 1142 2159 Tra-

129 2161 183 2199 &a
216 2164 443 2206 simulitudine
462 2181 479 2205 a
504 2170 772 2207 calculatoribus
797 2198 807 2214 ,
835 2170 897 2218 qui
917 2180 1036 2218 parem
1072 2172 1144 2207 cal-

124 2213 264 2259 eulum,
303 2218 338 2255 id
365 2218 433 2263 est,
460 2231 582 2268 parem
620 2222 797 2259 rationem
835 2219 1042 2258 adscribunt.
1070 2223 1146 2259 CA-

126 2276 218 2301 τΑΝ.

180 2327 197 2364 3
234 2323 298 2354 Nec
319 2319 399 2356 ullis
423 2321 517 2369 copiis
537 2334 578 2358 ex
606 2323 824 2360 Laurentino.
849 2320 864 2369 ]
896 2322 993 2358 Curn
1017 2323 1065 2360 ibi
1088 2325 1142 2361 ni-

123 2363 171 2402 hil
198 2378 334 2414 praeter
357 2372 492 2408 tectum
515 2375 551 2410 ἃ
573 2383 695 2410 arenas
717 2372 831 2409 statim
856 2372 1073 2420 possideret,
1102 2384 1142 2412 ut

123 2415 200 2453 alibi
227 2419 331 2456 refert
357 2435 363 2457 z
396 2422 514 2459 nullae
536 2433 622 2470 ergo
647 2432 746 2460 erant
769 2425 804 2460 in
828 2425 1054 2459 Laurentino
1078 2435 1141 2459 co-

123 2467 208 2514 piae.
251 2471 370 2509 l'iuies
393 2472 517 2519 legunt
539 2501 548 2517 ,
579 2486 634 2510 nec
654 2474 747 2510 urbis
772 2473 867 2522 copiis
884 2485 924 2509 ex
951 2474 1139 2509 Laurenti·
1175 2483 1178 2514 s

123 2527 164 2552 no
186 2545 196 2560 ,
223 2519 257 2557 id
280 2521 327 2556 est
353 2550 361 2563 ,
394 2534 436 2559 cx
460 2523 599 2560 ubanis
624 2526 735 2571 copiis
759 2553 768 2568 ,
796 2534 885 2572 quas
903 2522 983 2569 juffi
1008 2534 1140 2570 expor-
1174 2521 1178 2567 ξ

123 2569 184 2606 tari
212 2570 246 2606 in
277 2571 541 2609 Laurentinum
569 2602 578 2616 ,
605 2574 661 2612 scd
686 2574 808 2611 durior
830 2572 969 2610 dicendi
995 2573 1141 2611 modus.
1174 2572 1177 2590 ”
1207 2573 1353 2619 paribus

125 2614 262 2657 Initia.
290 2627 358 2658 Nec
388 2623 493 2666 ullis,
521 2633 588 2661 eye.
614 2623 626 2671 ἶ
657 2626 727 2662 Pal.
752 2627 806 2663 &-
826 2623 927 2660 Vett.
957 2623 1056 2679 bold.
1095 2626 1139 2663 ad
1173 2655 1175 2682 4

126 2676 230 2706 unam
257 2682 385 2710 omncs
411 2702 420 2716 ,
457 2686 515 2710 nec
544 2674 640 2712 urbis
674 2676 784 2723 copiis.
824 2675 911 2711 Dixi
955 2685 990 2710 m
1035 2675 1139 2727 suspi-

1225 1366 1331 1404 MSS.
1354 1369 1523 1406 omnibus
1546 1368 1596 1406 est
1623 1382 1632 1406 ι
1674 1381 1730 1406 nec
1754 1370 1849 1406 urbis
1868 1371 1965 1419 copiis
1995 1399 2005 1415 ,
2039 1370 2142 1420 quod
2166 1372 2259 1421 inte-

1224 1416 1292 1453 rirn
1327 1420 1498 1456 revocavi
1523 1447 1534 1463 ,
1573 1431 1657 1457 cum
1694 1419 1778 1457 illud
1803 1419 1884 1457 ullis
1906 1423 1943 1458 in
1965 1421 2066 1458 nullo
2093 1421 2261 1467 Codice,

1224 1467 1263 1503 &
1295 1478 1342 1504 ne
1364 1468 1516 1517 quidem
1534 1472 1571 1508 in
1594 1467 1736 1507 Aldinis
1759 1472 1970 1518 reperiatur.
2021 1471 2184 1509 Urbanas
2206 1486 2260 1509 co-

1219 1516 1298 1565 pias
1333 1529 1408 1555 non
1440 1518 1592 1557 defuisse
1627 1521 1855 1558 Laurentino
1877 1548 1887 1564 ‚
1927 1530 2053 1558 contra
2075 1532 2116 1559 ac
2137 1523 2259 1561 censet

1227 1566 1430 1605 Catanaeus
1455 1597 1465 1613 ,
1502 1570 1642 1608 videbis
1676 1583 1721 1609 ex
1744 1572 1819 1608 eius
1840 1570 2079 1620 descriptione
2102 1574 2183 1610 Lib.
2209 1574 2259 1611 ΙΙ,

1224 1615 1333 1665 Epist.
1367 1616 1490 1656 XV11.
1521 1632 1554 1657 n.
1586 1621 1644 1658 26.
1675 1633 1731 1667 27.
1767 1622 1825 1659 28.
1849 1622 1947 1660 unde
1971 1623 2010 1660 ὃς
2033 1624 2253 1672 cognosces,

1222 1677 1285 1703 cur
1307 1669 1417 1705 maris
1449 1671 1556 1718 copiae
1579 1672 1803 1708 obiiciantur.

1271 1729 1294 1764 4
1324 1724 1390 1754 Nec
1421 1719 1532 1756 maris
1564 1731 1642 1757 tam
1675 1721 1825 1758 turbidis
1859 1720 2155 1772 tempestatibus]
2183 1725 2260 1763 Po-

1222 1775 1313 1805 terat
1343 1779 1411 1816 pro
1439 1769 1564 1807 avibus
1594 1770 1780 1817 pisciculos
1813 1773 1958 1810 mittere
1983 1785 1991 1809 :
2042 1773 2100 1811 sed
2132 1786 2256 1824 neque

1220 1817 1355 1854 horum
1387 1821 1532 1868 copiam
1568 1819 1638 1858 effe
1664 1849 1674 1865 ‚
1696 1832 1759 1869 per
1779 1822 2034 1871 tempestates,
2065 1825 2192 1873 quibus
2216 1829 2255 1865 in

1220 1869 1393 1916 praesenti
1425 1881 1526 1906 mare
1554 1871 1691 1909 aestuet
1715 1901 1726 1917 ‚
1776 1872 1961 1922 significat.
2008 1874 2114 1912 Tum
2152 1878 2252 1915 enim

1221 1919 1316 1956 nulla
1336 1927 1505 1968 capturae
1527 1926 1803 1970 opportunitas:
1832 1935 1896 1973 per
1910 1926 2139 1973 tempestates
2152 1930 2253 1967 enim·

1221 1971 1384 2007 maxime
1404 1971 1519 2008 latent
1540 1973 1659 2021 pisces.
1689 1970 1844 2011 CATAN.

1271 2033 1288 2068 ς
1318 2020 1519 2058 sollertiam
1537 2023 1724 2062 Diomedis.
1740 2025 1754 2073 ]
1786 2026 1901 2063 Nullo
1923 2025 2251 2076 quantulocunque

1218 2081 1373 2109 munere
1395 2071 1594 2121 dignantes.
1624 2074 1665 2111 In
1690 2075 1756 2113 VI.
1782 2077 1915 2115 Iliados
1928 2077 2087 2125 rapsodia
2099 2081 2253 2129 vs.236.

1216 2121 1323 2160 tradit
1346 2122 1534 2162 Homerus
1550 2153 1560 2169 ‚
1574 2125 1758 2163 Glaucum
1772 2129 1809 2165 ὃ(
1823 2127 2052 2166 Diomedem
2068 2128 2145 2175 post
2157 2140 2248 2166 con·

1217 2171 1375 2219 gressum
1397 2174 1490 2211 inter
1523 2176 1557 2212 se
1579 2175 1732 2213 mutasse
1756 2188 1878 2216 arma:
1906 2179 2088 2215 Glaucum
2113 2189 2220 2217 aurea
2236 2210 2246 2225 ‚

1217 2233 1312 2271 quae
1342 2231 1492 2261 cenum
1524 2226 1639 2264 bobus
1661 2255 1671 2270 ‚
1711 2227 1940 2266 Diomedem
1976 2228 2088 2266 ferrea
2113 2256 2123 2271 ‚
2151 2241 2248 2277 quae

1217 2283 1355 2311 novem
1381 2282 1526 2311 tantuin
1549 2277 1850 2320 aestimabantur,
1878 2277 2021 2314 dedisse.
2052 2277 2172 2325 Hujus
2196 2282 2245 2319 rei

1219 2325 1423 2360 meminere
1452 2324 1592 2374 insuper
1623 2327 1756 2364 Plinius
1793 2328 1872 2364 Lib.
1906 2326 2084 2363 XXXIlI.
2109 2339 2184 2374 cap.
2212 2342 2244 2366 1.

1211 2372 1255 2408 ⁴&
1289 2374 1423 2411 Gel‘ius
1451 2375 1532 2411 Lib.
1558 2375 1600 2411 [l.
1627 2377 1670 2413 C.
1694 2376 1838 2413 XXIII.
1862 2378 1899 2413 ὃ(
1923 2377 2097 2414 Martialis
2127 2379 2240 2417 Libro

1217 2420 1283 2457 lx.
1305 2424 1480 2471 expressit.
1511 2425 1670 2463 Homeri
1693 2437 1838 2463 carmen
1863 2427 1919 2463 M.
1942 2427 2085 2465 Tullius
2108 2428 2151 2466 ad
2177 2431 2246 2468 At-

1215 2474 1326 2508 ticum
1362 2475 1441 2510 Lib.
1475 2474 1541 2511 Vl.
1577 2477 1700 2512 recitat
1724 2504 1734 2520 ,
1776 2477 1890 2514 Habes
1914 2505 1924 2522 ,
1952 2480 2095 2527 inquit,
2133 2481 2183 2516 ad
2209 2495 2249 2518 0-
2296 2499 2298 2501 >

1213 2523 1310 2558 mnia
1334 2537 1401 2559 non
1422 2524 1669 2572 utpostulasti‚
1698 2528 2046 2573 zfv‘oesoezzzneiw,
2066 2530 2242 2579 sedparia

1386 2574 1633 2622 respondimus.
1672 2576 1718 2614 Et
1749 2579 1984 2627 proverbium
2008 2581 2092 2617 inde
2114 2584 2239 2619 ortu'm

1216 2623 1251 2658 iu
1290 2624 1426 2671 filgssces
1456 2637 1463 2660 :
1503 2626 1643 2672 χξάσεσι
1670 2630 1744 2663 ἄν]
1779 2630 1957 2675 χαλκείων
1989 2628 2242 2675 ὃιαιμείςετθαι

1172 2687 1183 2740 L
1212 2677 1320 2718 νοεῖς,
1349 2674 1384 2712 id
1423 2673 1495 2720 est,
1523 2688 1634 2713 aurea
1670 2688 1728 2728 pro
1764 2680 1870 2722 aereis
1906 2689 2105 2722 permutare
2143 2681 2241 2728 nosti.

131 2716 307 2765 tionibus,
331 2723 534 2771 legendum
571 2726 680 2762 videri
706 2755 716 2770 ,
744 2738 800 2762 nec
819 2725 911 2761 ruris
933 2725 1030 2773 cipri.-
1056 2753 1066 2768 ‚
1101 2729 1139 2764 ὃς
1171 2744 1174 2767 i
1214 2724 1279 2761 CA
1300 2739 1321 2762 -r
1338 2738 1357 2760 Α
1375 2737 1410 2761 Ν.
1442 2725 1542 2773 Lege
1563 2726 1780 2767 Beroaldum
1806 2730 1922 2767 Tom.
1946 2731 1972 2767 Ι.
1995 2731 2127 2780 Lamp.
2151 2734 2246 2770 (rit.

131 2764 167 2801 id
184 2768 294 2808 adhuc
312 2773 497 2812 habuerim
522 2786 588 2822 pro
613 2787 713 2812 vero.
745 2778 932 2813 Gitona.
966 2782 1033 2811 Nec
1055 2776 1136 2814 ullis
1172 2778 1174 2825 ς
1211 2786 1289 2823 pag.

1312 2787 1391 2813 220.
1422 2775 1571 2814 ΒΑιιτΗ.
1599 2778 1788 2817 Mediceus
1812 2794 1820 2817 :
1849 2793 1889 2815 ac
1911 2794 1950 2818 ne
1971 2782 2073 2818 illam
2094 2783 2236 2830 quidem

132 2814 217 2857 copiis
236 2832 274 2854 ex
298 2824 543 2873 Laurentina]
576 2825 615 2861 In
640 2825 833 2864 Veteribus
857 2826 946 2862 llbl'iS
971 2830 1007 2863 δε
1031 2827 1136 2865 MSS.
1172 2835 1174 2867 ἰ
1200 2826 1400 2873 ]ὸιἸενι-αηι
1436 2826 1531 2863 inter
1564 2831 1738 2866 mutando
1771 2844 1912 2868 munere
1941 2832 2122 2869 imitantis
2147 2860 2158 2876 ,
2195 2843 2240 2872 ut

134 2864 238 2902 etiam
265 2874 458 2911 constanter
490 2875 555 2912 fut
588 2875 715 2913 urbis.-

135 2912 321 2964 Gmterus,
347 2925 435 2961 ruris
454 2924 646 2973 legendum
672 2926 898 2975 conjiciebzit.
927 2928 1024 2965 Nam
1049 2927 1137 2966 sicut
1173 2967 1174 2974 χ

135 2973 222 2998 ΓΠΟΧ
253 2971 353 3006 maris
373 3001 383 3017 ,
418 2976 462 3011 ita
493 2976 551 3013 hic
573 2978 664 3014 ruris
692 2978 800 3026 (osias
825 2978 924 3014 dixit.
980 2977 1026 3015 Et
1048 2980 1139 3016 infra

768 2889 812 2914 ex
847 2888 923 2924 quo
958 2875 1136 2923 praeclare
1172 2912 1174 2914 ,
1209 2875 1295 2913 dsfir
1324 2888 1464 2913 nomen
1490 2879 1689 2916 Diomedis.-
1722 2880 1823 2928 quod
1847 2883 1935 2920 mihi
1960 2881 2150 2920 redtiffime
2174 2880 2286 2920 exv*

1212 2928 1305 2965 cludi
1338 2928 1478 2965 videtur
1503 2955 1513 2971 ‚
1548 2931 1631 2977 quia
1665 2930 1726 2978 ista
1746 2931 1902 2980 sollertia
1926 2933 1963 2969 in
1985 2933 2234 2980 permutando

1212 2990 1362 3015 irunere
1384 2987 1455 3015 tam
1484 2988 1569 3015 nota
1595 2980 1632 3016 ὅ(
1656 2982 1863 3028 pervulgata
1888 2981 1956 3020 fuit
1978 3011 1987 3027 ,
2026 2990 2066 3019 ut
2090 2983 2125 3019 in
2149 2995 2234 3031 pro—

134 3011 213 3048 le·
234 3013 298 3050 Vl·
320 3019 381 3066 Ep.
400 3022 576 3063 XXVIII.
593 3037 790 3078 utrumque
817 3039 950 3076 genus,
981 3028 1138 3066 urbanas
1174 3028 1175 3033 ’
1210 3031 1374 3066 verbium
1409 3028 1541 3066 abierit.
1593 3030 1744 3080 Reliqua
1766 3032 1918 3083 antiquo
1941 3032 2117 3074 scribendi
2136 3035 2235 3072 mori

130 3062 234 3109 juxta

255 3065 291 3104 ὅ(
312 3068 446 3117 rusticas
465 3076 568 3128 copias
590 3078 707 3118 habet.
743 3079 951 3120 Buciiutxt.
988 3080 1060 3121 Pro
1088 3093 1145 3121 mc
1171 3091 1180 3152 ¹3

1211 3082 1248 3120 ὅ(
1270 3080 1509 3130 negligentiae
1530 3080 1660 3120 librarii
1680 3082 1818 3121 tribuo.

1511 3130 1562 3171 Ss.
1588 3142 1607 3181 3
2080 3144 2097 3180 3
2127 3138 2239 3180 *4121ss
