2616 3686
545 193 888 247 LIBER
954 191 1657 244 V.EPISTOLA
1722 198 1816 246 VI.
2167 213 2255 273 341·

137 272 399 333 videberis
431 285 668 326 cernere.
701 306 704 309 »
746 266 822 317 Ea
858 264 1108 316 varietate
1135 301 1152 325 ,
1190 260 1203 279 ¹
1233 279 1292 315 ea
1320 262 1714 332 descriptione,
1753 282 2101 336 quocumque
2123 273 2254 327 inci-

127 349 306 404 derint
337 345 474 405 oculi
504 379 519 402 ,
579 339 903 393 reficientur.
982 334 999 354 ²
1029 333 1163 388 Villa
1192 335 1245 386 in
1277 335 1415 387 colle
1445 334 1555 387 imo
1581 333 1672 387 lita
1697 337 1949 405 prospicit
1979 340 1993 365 ³
2017 342 2158 407 quasi
2186 361 2254 397 ex
2310 350 2367 410 14}

128 422 333 476 summo
367 454 382 478 ‚
418 423 436 448 ⁴
473 417 542 466 ita
578 413 763 466 leniter
806 408 859 460 &
898 405 1082 459 sensim
1111 446 1135 468 ,κ
1176 406 1319 458 clivo
1366 404 1580 470 fallente
1610 444 1625 468 ‚
1677 408 1990 477 consurgit,
2045 427 2101 464 ut
2130 432 2255 468 cum

127 488 451 544 adscendere
475 501 529 539 te
542 503 651 539 non
676 496 855 553 putes,
891 477 1077 532 sentias
1104 476 1446 533 adscendisse.
1490 481 1537 530 A
1565 493 1721 548 tergo
1748 480 2092 548 Apenninum
2110 521 2125 544 ‚
2165 485 2256 540 sed

125 571 140 600 ⁵
168 562 377 631 longius
402 561 575 613 habet.
626 553 837 622 Accipit
863 551 927 602 ab
965 552 1069 604 boc
1094 569 1241 605 auras
1267 550 1560 620 quamlibet
1582 551 1770 605 sereno
1802 553 1854 603 &
1895 552 2105 621 placido
2129 555 2250 622 die,
2288 573 2294 578 ⁴

126 651 237 689 non
276 649 450 687 tamen
484 646 628 684 acres
652 660 683 689 ,-
723 627 774 677 &
816 624 1130 676 immodicas
1157 663 1173 688 ‚
1219 627 1236 650 ⁶
1267 624 1356 677 sed
1394 624 1562 692 spatio
1601 624 1713 694 ipso
1742 622 1879 677 lassas
1908 624 1959 677 &
1986 625 2247 684 infraff'tas.

127 723 317 775 magna
357 706 429 758 sui
455 715 609 773 parte
648 695 928 751 meridiem
963 697 1158 766 spectat
1186 731 1202 752 ‚
1242 694 1604 767 aestivumque
1636 697 1797 749 solem
1825 696 1889 750 ab
1919 697 2051 752 hora
2078 701 2252 766 sexta,
2303 724 2362 776 ¹5

129 779 407 833 hibernum
445 775 711 844 aliquanto
746 772 1000 822 maturius
1026 807 1043 832 ,
1092 768 1234 840 quasi
1284 769 1472 821 invitat
1508 771 1559 821 in
1598 768 1868 839 porticum
1911 770 2096 833 latam,
2137 769 2153 795 ⁷
2194 773 2250 828 &
2359 773 2361 775 ’

126 848 492 922 prominulam.
565 843 740 898 Multa
778 842 832 895 in
858 842 952 896 hac
979 842 1247 896 membra:
1290 843 1483 895 atrium
1511 843 1672 895 etiam
1700 859 1769 896 ex
1797 858 1948 896 more
1981 856 2247 902 veterum.

2050 950 2063 959 ·
2101 922 2251 975 Ante

1215 1055 1364 1096 Deinde
1402 1055 1675 1095 distinetionem
1714 1055 1953 1093 mutavimus.
2008 1057 2114 1095 Haec
2143 1059 2243 1098 enim

124 1111 376 1149 Casfiodorum
402 1111 482 1148 Lib.
508 1111 549 1146 X.
573 1110 640 1159 Ep.
662 1108 780 1145 XXX.
804 1118 894 1147 extr.
928 1110 1142 1157 exemplum
1215 1107 1306 1145 clivo
1319 1107 1477 1155 fallente
1501 1118 1563 1156 per
1586 1106 1620 1144 se
1643 1106 1816 1155 capienda
1834 1104 1914 1143 sunt
1938 1133 1948 1150 ‚
1984 1117 2003 1141 a
2027 1109 2154 1156 quibus
2179 1110 2243 1147 de-

121 1160 217 1199 haud
237 1169 352 1199 norat.
384 1161 534 1199 Reetius
558 1159 760 1199 Schefferus
784 1188 794 1203 ,
834 1162 872 1198 ὃς
893 1172 962 1198 nos
985 1159 1076 1198 infra
1097 1160 1142 1197 ad
1211 1158 1368 1207 pendet,
1400 1158 1504 1208 quod
1525 1156 1663 1195 addidit
1688 1173 1696 1195 ι
1725 1168 1767 1194 ut
1790 1170 1867 1194 cum
1892 1157 2100 1204 adscendere
2122 1170 2153 1194 te
2174 1172 2244 1196 non

122 1211 203 1250 Lib.
228 1211 290 1249 IX.
313 1211 419 1262 Epist.
446 1209 621 1248 XXXIX.
647 1222 680 1248 n.
707 1225 737 1259 ς.
765 1211 828 1247 alia
857 1211 1023 1249 dabimus
1045 1240 1054 1254 ,
1082 1211 1141 1249 ubi
1207 1219 1329 1256 putes.
1358 1219 1426 1247 cet.
1457 1209 1560 1247 Haec
1593 1210 1691 1246 enirn
1716 1209 1768 1246 vis
1780 1207 1881 1245 verbi
1896 1207 2026 1246 fallere.
2056 1210 2112 1248 Sic
2126 1211 2244 1247 maior

117 1261 166 1300 ita
187 1262 401 1301 Secundus:
431 1264 624 1310 Qantum
647 1263 696 1298 ad
715 1264 866 1309 porticus
891 1291 901 1306 ‚
940 1262 1025 1299 nihil
1053 1262 1142 1298 ime--
1169 1269 1175 1303 l
1209 1260 1344 1298 Plinius
1376 1261 1458 1298 Lib.
1492 1259 1594 1296 XXI.
1630 1258 1722 1296 Hist.
1755 1259 1801 1295 N.
1835 1269 1912 1306 cap.
1950 1258 2056 1295 XIV.
2096 1259 2243 1298 fallente

118 1312 188 1349 rim
217 1314 360 1351 occurrit
384 1341 395 1357 ‚
433 1314 524 1362 quod
557 1314 728 1350 videatur
757 1311 879 1358 isthinc
913 1311 971 1360 effe
992 1322 1142 1361 repeten-
1209 1312 1313 1359 operis
1337 1313 1550 1349 incremento
1568 1339 1577 1355 ,
1605 1310 1667 1347 ubi
1689 1309 1928 1346 Gronovium
1951 1309 2061 1354 vide,
2091 1310 2242 1348 &Geb-

119 1363 230 1408 dnm,
257 1363 325 1412 nist
353 1376 475 1402 tamen
507 1377 547 1400 ut
573 1364 732 1401 formam
746 1364 941 1409 secundum
967 1364 1139 1400 rationem
1210 1361 1366 1400 hardum
1415 1362 1496 1399 Lib.
1529 1361 1562 1398 I.
1595 1360 1780 1409 Crepund.
1813 1371 1889 1409 cap.
1921 1359 2027 1398 XIV.
2067 1361 2242 1400 Lucanus

97 1411 179 1452 .10ci
191 1415 338 1464 scribas.
389 1415 432 1451 In
455 1415 618 1452 Riccard.
641 1414 709 1452 est:
731 1414 895 1460 formam
915 1413 1077 1463 aliquam
1103 1417 1141 1452 ὃς
1170 1404 1175 1464 i
1212 1411 1295 1449 Lib.
1319 1413 1368 1450 V.
1392 1424 1441 1451 vs.
1462 1413 1544 1459 464.

116 1465 284 1503 eximiam
315 1464 611 1514 pulchritudinem
634 1480 645 1508 ;
675 1463 955 1510 Vofl.fhrmam
978 1464 1139 1515 aliquam
1169 1466 1173 1483 ¹

116 1517 359 1563 eximi-amque
374 1524 405 1563 p.
430 1523 469 1551 ut
494 1515 682 1553 Sichardus
707 1514 827 1551 edidit.

170 1579 184 1604 1
218 1572 271 1603 Ea
295 1564 551 1615 descriptione.]
581 1567 601 1602 i.
624 1564 868 1602 D.st1n8tione
894 1592 904 1608 ,
926 1565 1011 1608 seu,
1039 1567 1141 1615 quod
1170 1607 1173 1612 ,
1868 1608 1874 1614 ,

117 1614 255 1654 dixerat
277 1644 287 1659 ,
315 1617 403 1652 mira
427 1618 464 1653 ὅ(
488 1615 649 1652 ordinata
674 1616 857 1651 varietate.
904 1613 1000 1651 infra
1024 1627 1060 1651 n.
1085 1629 1141 1666 35.
1170 1613 1173 1627 ¹
1209 1615 1266 1652 Sic
1291 1615 1434 1653 Minue.
1466 1614 1571 1653 Felix
1605 1626 1680 1665 cap.
1713 1615 1782 1653 111.
1819 1615 1865 1654 de
1886 1616 1947 1658 iis,
1979 1616 2040 1664 qui
2062 1615 2230 1654 laborem·

114 1666 221 1704 Alibi
250 1670 320 1714 ipsa
356 1666 470 1702 buxus
504 1665 699 1701 intervenit
733 1664 769 1700 in
795 1663 931 1712 figuras
961 1665 1056 1702 mille
1080 1667 1143 1705 de·
1170 1668 1173 1704 ἒ
1207 1665 1340 1703 itineris
1362 1678 1437 1703 non
1459 1666 1636 1704 sentiunt:
1661 1667 1727 1703 iter
1741 1664 2111 1713 fabulisfallentibus.
2139 1667 2236 1717 0νί-1

115 1716 251 1766 scripta.
300 1716 396 1753 Vide
423 1717 525 1765 supini
558 1715 602 1751 ad
638 1715 717 1752 Lib.
739 1713 786 1751 ΙΙ.
811 1714 918 1762 Epist.
949 1714 1016 1752 Vl.
1046 1729 1079 1753 n.
1108 1730 1140 1754 2.
1207 1715 1286 1754 dius
1310 1716 1390 1754 Lib.
1414 1716 1479 1753 III.
1503 1716 1612 1753 Trist.
1634 1715 1734 1763 Eleg.
1760 1716 1808 1753 II.
1832 1727 1884 1754 vs.
1908 1716 1966 1754 16.

118 1766 265 1806 Deinde
288 1766 482 1809 reficientur
505 1767 718 1804 retinuimus
743 1776 786 1803 ex
810 1765 968 1814 Optimo
994 1767 1138 1805 &Edd

71 1853 73 1855 .
118 1816 268 1855 Aldinis.
308 1818 493 1865 Gryphius
519 1845 528 1860 ,
559 1817 734 1853 Gruterus
755 1816 886 1864 aliique
911 1816 1139 1863 reficiuntur,
1257 1815 1416 1856 Fallebat
1438 1830 1541 1855 curas
1561 1830 1733 1868 aegraque
1758 1817 1863 1854 corda
1883 1818 1996 1857 labor.

121 1868 222 1914 quod
247 1870 284 1906 ὃ(
309 1870 342 1905 in
370 1867 436 1905 Ed.
456 1869 539 1904 Vet.
565 1869 601 1905 &
624 1866 822 1905 iunioribus
844 1867 976 1916 scriptis
997 1868 1104 1906 iacet.

173 1928 193 1952 2
225 1918 326 1954 Villa.
345 1920 353 1965 J
386 1919 497 1955 Nunc
518 1917 657 1954 accedit
670 1916 713 1954 ad
729 1919 868 1955 tertiam
881 1916 1140 1967 propositionis
1210 1917 1291 1958 Lib.
1313 1918 1381 1956 IV.
1404 1918 1505 1968 Eleg.
1529 1919 1575 1957 X.
1598 1931 1650 1958 vs.
1672 1930 1751 1965 114.

119 1974 273 2012 partem.
328 1969 439 2016 Supra
476 1970 575 2006 enim
610 1968 785 2016 pollicitus
820 1967 855 2005 se
878 1967 1137 2018 descripturum

119 2015 225 2053 villae
252 2020 527 2056 amoenitatem.
558 2018 710 2056 Cum.
1259 2020 1314 2057 Sic
1336 2029 1458 2059 tamen
1481 2021 1648 2072 absumo,
1677 2021 1887 2071 decipioque
1907 2022 2010 2060 diem.

173 2076 190 2112 3
223 2066 336 2115 {Qasi
365 2082 406 2105 ex
429 2069 579 2116 summo.
604 2067 616 2116 ]
657 2068 746 2105 Villa
781 2068 1002 2108 aedificanda
1026 2071 1075 2109 est
1100 2073 1138 2109 in

118 2114 219 2153 edito
244 2145 253 2159 ‚
284 2128 320 2154 ut
339 2126 436 2155 totus
457 2119 588 2156 fundus
609 2119 824 2168 prospectari
856 2121 962 2168 poffit
986 2151 996 2166 ,
1025 2125 1064 2160 &
1091 2121 1139 2160 sic
1206 2121 1267 2160 ubi
1288 2114 1374 2161 xiide
1399 2123 1543 2162 Ciofan.
1573 2125 1726 2163 Coma.

118 2166 246 2202 melius
270 2167 309 2205 sit
331 2168 391 2205 sub
413 2170 534 2206 tutela.
564 2170 667 2207 Cato.
709 2170 822 2207 IDEM.
863 2171 981 2208 Multa
1002 2173 1046 2211 de
1070 2174 1137 2211 hac
1259 2187 1277 2221 ς
1319 2175 1476 2223 Longius.
1503 2174 1516 2223 ]
1566 2175 1657 2212 Non
1700 2183 1804 2223 tergo
1844 2176 2105 2214 imminentem
2130 2204 2141 2220 ‚
2176 2175 2241 2216 sed

116 2214 294 2265 loquendi
319 2218 437 2257 forma
460 2220 567 2258 habes
590 2221 634 2258 ad
657 2221 796 2258 Lucan.
820 2221 899 2260 Lib.
921 2221 988 2260 111.
1014 2224 1133 2263 vs 88.
1204 2225 1332 2271 procul
1355 2238 1362 2262 :
1405 2228 1695 2273 comparativum
1719 2237 1787 2273 pro
1809 2225 1968 2274 positivo
1993 2254 2002 2270 ‚
2031 2227 2134 2273 quod
2155 2226 2237 2265 sub-

1176 2294 1179 2297 *
1205 2273 1291 2312 inde
1319 2276 1415 2323 apud
1445 2276 1600 2313 idoncos
1634 2277 1819 2323 reperitur.
1858 2277 1925 2312 CA
1943 2291 1964 2313 τ
1981 2290 2000 2312 A
2018 2288 2055 2311 N.

168 2321 217 2354 Et
237 2319 319 2368 celsa
345 2318 390 2358 de
412 2331 499 2370 rupe
519 2320 632 2370 procul
655 2322 727 2359 iam
749 2322 915 2371 prospicit
937 2323 1057 2363 urbem
1074 2353 1085 2370 ,
1257 2325 1279 2359 6
1307 2327 1370 2362 Sed
1394 2327 1506 2371 spatio
1540 2325 1612 2374 ipso
1644 2324 1746 2373 laffas
1769 2337 1812 2364 <y
1838 2325 2043 2373 infr-adias]
2077 2325 2144 2373 lpfh
2168 2337 2232 2362 ex-

124 1061 164 1100 &
180 1058 344 1100 inufitata
364 1059 519 1098 notione
539 1056 598 1097 hic
619 1057 710 1108 poni
730 1057 900 1106 putabat,
927 1056 1144 1108 praeterque

1257 1514 1385 1562 Caussa
1401 1515 1530 1565 palm,
1554 1513 1630 1552 leni
1650 1525 1758 1563 quam
1782 1512 1906 1552 fallens
1927 1513 2033 1568 egerit
2058 1514 2172 1553 unda.

1206 2375 1325 2411 turbat
1350 2375 1539 2412 Mediceus
1554 2404 1563 2418 ,
1593 2377 1630 2412 ὃς
1655 2386 1701 2412 eo
1725 2386 1845 2412 carere
1868 2373 2067 2422 possumus.
2109 2376 2234 2414 Luca-

117 2424 159 2455 ut
177 2429 245 2456 nos
265 2420 390 2458 locum
416 2423 704 2461 emendavimus.
1209 2435 1279 2461 nus
1305 2425 1386 2461 Lib.
1411 2425 1477 2461 ΙΙΙ.
1503 2436 1552 2462 vs.
1577 2426 1659 2474 362.
2225 2423 2230 2426 ’

163 2480 187 2515 4
213 2475 281 2524 Ἰῑα
314 2473 440 2510 leviter
475 2486 515 2512 Ψ
539 2474 693 2522 senfim‚
719 2473 809 2512 clivo
832 2475 1036 2524 sullana]
1076 2475 1133 2513 Ex

118 2517 291 2558 Mediceo
306 2549 315 2564 ,
346 2523 512 2570 Bongnrs.
548 2524 701 2562 Heimst.
735 2523 835 2562 Voff.
859 2528 896 2564 &
921 2527 1033 2563 Amz.
1057 2526 1134 2564 scri·
1256 2525 1401 2561 Ventus
1421 2533 1462 2562 ut
1485 2526 1618 2563 amittit
1640 2526 1756 2570 vires,
1784 2524 1848 2573 ²²¹⁵st
1868 2526 1986 2563 robore
2009 2527 2112 2576 dens&

118 2567 250 2618 pfimus
281 2571 403 2608 leniter
428 2602 437 2616 ,
478 2582 517 2610 ut
550 2586 613 2612 eae
645 2586 755 2612 voces
777 2585 955 2623 perpetuo
979 2576 1137 2614 confun-
1256 2580 1454 2612 Occurrunt
1469 2575 1608 2625 filvae,
1637 2576 1748 2624 spatio
1770 2575 1915 2615 diffusus
1938 2579 2049 2616 inani.

120 2617 262 2658 duntur.
292 2627 428 2659 Lemter
443 2624 614 2672 consurgit
632 2653 641 2668 ,
655 2625 689 2663 id
704 2625 749 2662 est
765 2653 774 2668 ‚
790 2627 945 2664 molliter
959 2655 969 2668 ‚
983 2626 1109 2664 sentim
1126 2656 1136 2672 ,

119 2670 326 2717 paullatim,
364 2685 441 2710 non
474 2685 659 2721 praerupta
694 2676 892 2714 altitudine.
931 2676 1029 2715 Vide
1051 2678 1137 2715 Bar-
1202 2677 1275 2713 Pro
1310 2675 1412 2724 lassas
1436 2703 1447 2720 .
1487 2677 1598 2714 Arnz.
1623 2677 1737 2726 lapsas
1761 2706 1770 2721 ,
1799 2689 1893 2727 quae
1916 2689 2123 2728 numquam
2148 2679 2226 2720 fere

121 2719 236 2759 thium
259 2723 304 2760 ad
327 2724 498 2773 Calpurn.
523 2725 649 2773 lssselog.
673 2726 761 2763 VII.
788 2737 837 2763 vs.
859 2739 916 2775 25.
1203 2726 1248 2763 ab
1270 2727 1413 2764 librariis
1441 2727 1704 2775 distinguuntur
1719 2757 1729 2772 ‚
1757 2736 1796 2765 ut
1820 2729 1977 2766 vidimus
1990 2732 2032 2766 ad
2048 2729 2224 2769 Eiusdem

1205 2778 1345 2814 Lucani
1367 2778 1446 2815 Lib.
1471 2778 1495 2814 I.
1521 2789 1607 2815 extr.
1632 2778 1786 2816 Helmst.
1807 2778 1928 2823 latas,
1955 2779 2013 2817 sed
2035 2782 2071 2818 id
2092 2781 2223 2819 eadem

174 2825 418 2875 Immensosque
439 2827 573 2874 gradus
589 2854 599 2871 ,
626 2837 670 2865 (γ’
691 2827 798 2865 clivos
820 2827 902 2866 lene
923 2829 1083 2867 iacentes.
1203 2839 1331 2866 manus
1359 2829 1514 2866 correxit
1546 2828 1671 2867 statim.
1711 2830 1890 2875 infraffus
1915 2857 1926 2874 ‚
1965 2841 2032 2878 pro
2055 2832 2226 2878 frames,

1204 2880 1390 2917 Ciceronis
1414 2881 1452 2917 ὅ(
1475 2881 1644 2917 omnium
1660 2880 1856 2917 meliorum
1870 2879 1917 2917 est
1933 2908 1943 2924 ‚
1967 2882 2075 2918 etiam
2089 2881 2225 2920 Velleii

127 2917 169 2956 &
188 2929 278 2967 quae
298 2933 365 2962 nos
384 2925 429 2963 ad
452 2927 590 2965 Lucan.
616 2928 697 2967 Lib.
721 2929 788 2966 IV.
812 2941 863 2967 vs.
884 2942 939 2970 11.
1203 2930 1338 2967 Patere.
1363 2930 1440 2966 Lib.
1465 2929 1511 2966 11.
1535 2942 1610 2979 cap.
1635 2929 1834 2967 XXXVII.
1853 2942 1889 2967 n.
1911 2941 2032 2979 2.cap.
2047 2930 2227 2970 XXXIX.

1206 2993 1239 3017 n.
1267 2994 1294 3017 1.
1335 2982 1492 3018 Senecae
1514 2983 1620 3019 variis
1641 2981 1739 3018 locis.
1777 2981 1950 3019 Deterior
1973 2989 2072 3018 aetas
2104 2983 2227 3030 infra-

103 3026 107 3030 '
179 3017 274 3072 qulae
295 3031 402 3062 tumet
423 3029 551 3066 modico
565 3058 574 3074 ,
600 3029 739 3082 lenique
758 3031 915 3074 excrevit
934 3032 974 3073 in
993 3031 1113 3073 altum
1206 3034 1279 3068 c‘tus
1303 3043 1369 3080 pro
1393 3043 1462 3068 non
1473 3032 1594 3078 fracto
1615 3031 1715 3070 dixit.
1950 3026 1958 3032 ’

180 3071 311 3118 Pingue
322 3072 434 3120 sotum
452 3079 610 3134 tumulo⁴⁴
894 3084 897 3087 ⁴
969 3082 974 3084 ’
1258 3094 1275 3130 7
1306 3087 1351 3121 Et
1359 3092 1420 3137 prq
1429 3080 1566 3171 machil(
1575 3080 2231 3170 {iensuraffiroportionelatitudinss

1527 3171 1566 3183 L.
1628 3144 1660 3184 3,
2177 3177 2179 3179 .
2213 3173 2224 3177 -
