2616 3686
318 225 418 278 240
525 184 1614 258 C.PL'1N110AEC·1'L'11
1681 192 2195 244 SECUNDI

315 299 446 338 nam
486 298 585 334 nec
624 277 733 348 ipse
771 271 1042 347 usquam-¹
1080 273 1283 328 vinctos
1320 270 1524 332 habe0,
1557 265 1575 284 ²
1613 285 1712 322 nec
1741 268 1808 320 ibi
1843 268 2136 339 quisquam.
2186 261 2437 338 Superest

325 368 387 408 ut
425 353 574 412 scias,
610 347 797 421 quanti
835 347 1117 401 videantur
1157 343 1301 415 poss'e
1341 345 1492 405 emi,
1532 352 1547 380 ³
1583 340 1835 394 Sestertio
1873 340 2096 402 tricies;
2149 357 2258 395 non
2312 341 2438 411 quia

328 442 439 480 non
477 421 763 494 aliquando
803 418 1153 489 quinquagies
1189 416 1419 475 fuerint,
1458 430 1648 467 verum
1690 412 1742 464 &
1783 410 1882 464 hac
1938 411 2161 480 penuria
2212 413 2440 466 colono-

329 511 450 550 rum
489 496 543 547 &
583 492 863 547 communi
901 489 1156 558 temporis
1180 487 1458 556 iniquitate
1484 524 1500 547 ‚
1549 497 1607 539 ut
1634 482 1836 538 reditus
1863 498 2148 550 agrorum,
2185 484 2251 537 fic
2278 486 2440 538 etiam

331 566 577 638 precium
618 578 765 618 retro
802 560 947 615 abiit.
1024 559 1277 629 Quaem,
1313 573 1377 609 an
1418 557 1522 609 hoc
1564 555 1731 626 ipsum
1775 554 1951 606 tricies
1991 553 2145 606 facile
2183 555 2444 625 colligere

327 636 621 710 poilimus?
651 643 676 668 '⁴
715 635 844 687 Sum
883 630 1106 702 quidem
1147 643 1316 697 prope
1355 640 1501 681 totus
1527 628 1592 680 ·in
1617 625 1859 697 praediis
1885 663 1901 688 ‚
1951 624 1963 650 ⁵
2011 623 2211 694 aliquid
2261 637 2444 681 tamen

334 710 562 764 foenero
590 725 602 761 ι
667 716 772 760 nec
806 702 1082 755 molestum
1121 699 1221 752 erit
1260 700 1507 752 mutuari.
1555 699 1812 768 accipiam
1839 714 1866 749 a
1892 696 2075 758 soem,
2109 695 2128 719 ⁶
2152 695 2299 765 cujus
2326 713 2445 752 arca

337 799 448 837 non
476 782 620 834 secus
644 794 705 831 ac
737 791 853 828 mea
878 785 1018 826 utor.
1095 769 1333 825 Proinde
1357 769 1461 822 hoc
1487 783 1542 822 te
1577 785 1683 821 non
1724 781 1938 822 moveat
1975 805 1992 830 ,
2029 766 2066 821 si
2110 781 2288 822 cetera
2333 783 2449 822 non

335 853 715 920 refragantur:
780 861 916 916 quae
965 844 1124 898 velim
1165 857 1325 912 quam
1380 837 1780 910 diligentissime
1807 839 2089 892 examines
2164 840 2300 892 Nam
2325 855 2454 894 cum

337 926 393 978 in
431 921 680 976 omnibus
717 916 874 972 rebus
902 955 918 979 ‚
967 929 1082 969 tum
1118 914 1173 967 in
1211 912 1556 982 disponendis
1585 908 1922 964 facultati-bus
1951 911 2241 980 plurimum
2266 910 2367 967 tibi
2395 911 2452 965 &

337 994 458 1050 usus
499 994 552 1047 &
582 988 954 1065 providentiae
978 984 1226 1058 superest.
1264 983 1415 1038 Vale.

393 1099 614 1184 'XX.
689 1122 1359 1247 C.P1.1N1u-sS⁷
1439 1118 1828 1248 MSpssio
1905 1113 2335 1173 Max-rivio

1245 1208 1435 1247 ..uo

2267 1260 2458 1317 sMonet

384 1426 410 1452 ‘1
445 1409 619 1458 vinens]
650 1409 693 1447 In
718 1405 980 1457 compedibus,>
1007 1404 1136 1456 quibus
1148 1402 1366 1443 vinctiservi

343 1464 388 1500 ad
409 1462 664 1510 agriculturam
689 1458 965 1497 destinabantur.
1019 1456 1096 1493 Eos
1117 1462 1242 1493 autem
1252 1465 1364 1504 opor-

346 1562 604 1601 formidolosos
618 1590 627 1605 ,
653 1572 732 1598 non
751 1557 935 1596 animosos
948 1585 959 1602 ,
986 1568 1064 1594 non
1084 1556 1253 1594 socordes
1275 1583 1286 1598 ‚
1304 1567 1369 1593 ne-

346 1625 419 1662 que
441 1611 713 1650 somniculosos.
759 1609 802 1647 Id
822 1619 936 1657 genus
958 1608 1119 1646 culturae
1151 1607 1286 1644 Plinius
1318 1606 1369 1644 se-

1488 1414 1513 1451 -ς
1545 1399 1698 1451 Aliquid
1720 1410 1865 1444 tamen,
1883 1400 2034 1445 fhenore.
2062 1397 2078 1448 ]
2115 1400 2237 1438 Placet
2258 1398 2348 1437 mihi
2373 1399 2460 1438 vali-·‘

1401 1412 1411 1504 ί
1443 1451 1584 1491 dissime
1605 1451 1725 1490 Leffii
1746 1450 1955 1499 conjectura
1978 1478 1988 1494 ,
2025 1451 2089 1499 qui
2110 1450 2265 1499 trajeffis
2297 1450 2460 1488 litterulis

343 1514 442 1551 rebat
472 1510 669 1549 secundum
705 1511 757 1548 rei
790 1507 937 1545 rusticae
969 1513 1161 1556 praecepta
1194 1516 1272 1542 non
1295 1503 1366 1543 else
1402 1524 1404 1528 >

1443 1503 1580 1541 duabus
1611 1504 1660 1541 ita
1687 1502 1786 1538 hunc
1817 1501 1944 1537 locum
1976 1501 2180 1539 emendat:
2216 1506 2300 1536 Sum
2321 1500 2462 1550 quidem

1430 1562 1534 1603 prope
1569 1563 1663 1591 totus
1695 1552 1732 1589 in
1759 1550 1945 1599 praedii53
1980 1550 2117 1598 aliquid
2149 1562 2270 1588 tamen
2291 1550 2462 1596 foenera:

1439 1616 1498 1641 nec
1524 1601 1705 1648 molestum
1731 1602 1798 1638 erit
1826 1600 1996 1637 mutuari.
2031 1600 2173 1639 Verum
2210 1599 2360 1650 quidem
2389 1599 2462 1645 est,

346 1665 429 1701 nior
456 1663 538 1700 Lib.
562 1661 708 1698 XVIII.
729 1671 807 1708 cap.
831 1670 866 1707 3.
889 1657 1142 1707 reprehendit:
1171 1661 1227 1694 At
1251 1669 1370 1702 nunc,
1403 1631 1408 1707 l
1439 1656 1489 1692 ait
1508 1655 1643 1692 Plinius
1663 1680 1674 1695 ,
1700 1661 1873 1698 magnam
1903 1657 2045 1699 partem
2076 1663 2192 1700 opum
2227 1661 2393 1688 mearum
2424 1652 2463 1689 in

349 1714 467 1762 inquit
487 1740 497 1755 ‚
535 1724 635 1760 agros
658 1739 668 1756 ,
705 1708 818 1746 vineti
834 1708 935 1756 pedes
959 1735 969 1751 ‚
997 1709 1194 1745 damnatae
1216 1719 1345 1744 manus
1360 1735 1370 1751 ‚

348 1762 507 1811 inscripti
531 1761 654 1798 vultus
675 1769 841 1798 exercent.
879 1757 1034 1795 CATAN-
1060 1758 1116 1795 Ita
1136 1759 1175 1797 &
1199 1759 1372 1797 Lucanus

350 1813 434 1852 Lib.
458 1811 548 1850 VII.
573 1822 626 1849 vs.
648 1822 731 1857 402.

403 1933 477 1946 ..-
529 1931 600 1943 --
652 1929 724 1942 —
774 1909 902 1951 vincto
916 1908 1221 1960 foffirecolunmr
1292 1951 1296 1955 ,

403 1963 582 2014 Hesperiae
593 1962 733 2012 segetes.
774 1992 781 1997 .

355 2065 419 2104 ubi
440 2064 538 2103 vide.

407 2129 428 2153 2
460 2121 530 2152 Nec
560 2113 609 2151 ibi
633 2139 644 2158 ,
681 2113 786 2163 era]
810 2114 888 2151 Vix
910 2112 958 2152 est
973 2141 983 2158 ,
1009 2120 1148 2149 utnon
1174 2110 1302 2148 debeat
1324 2111 1380 2146 in—

354 2167 546 2215 terpungi:
574 2176 632 2201 nec
650 2162 696 2202 ibi
722 2165 920 2213 quisquam.
948 2161 1096 2209 Superest
1117 2172 1157 2199 ut
1173 2162 1261 2211 scias
1275 2189 1285 2203 ,
1306 2169 1377 2198 σε.

356 2217 394 2253 G
408 2229 434 2252 R
449 2227 474 2252 υ
490 2229 513 2253 τ
529 2227 550 2252 1=.
564 2228 603 2252 n.
639 2213 688 2250 Et
718 2213 810 2251 haec
840 2213 889 2250 est
923 2212 1122 2251 feliciffima
1145 2211 1356 2249 comeetura
1369 2239 1380 2255 ‚

356 2277 471 2316 quam
501 2264 577 2302 duo
607 2263 794 2302 adstruunt
825 2263 946 2301 Codd.
979 2262 1100 2300 nostri.
1132 2274 1190 2299 nec
1222 2260 1270 2298 ibi
1288 2261 1383 2310 quis-

360 2327 469 2366 quam
485 2344 496 2360 ,
522 2323 610 2363 puta
632 2313 748 2350 habet.
801 2312 951 2363 Superest
973 2321 1014 2349 ut
1041 2313 1136 2362 scias
1168 2320 1235 2349 cet.
1262 2311 1386 2349 Medi-

367 2378 474 2404 ceus:
506 2378 565 2402 nec
587 2363 648 2421 {pst
666 2364 864 2420 quisquam.

1440 1704 1593 1754 praediis
1616 1700 1687 1740 effe
1710 1701 1813 1739 sitam
1839 1715 1849 1744 ;
1879 1700 1938 1738 sed
1959 1709 2085 1738 tamen
2108 1704 2146 1740 in
2164 1701 2376 1739 nominibus
2398 1701 2460 1739 ali·-

1442 1754 1532 1805 quid
1549 1754 1668 1791 habeo
1686 1780 1697 1797 ,
1723 1751 1826 1801 quod
1847 1759 1971 1789 tamen
1994 1749 2110 1799 ipsum
2134 1751 2159 1789 fi
2184 1762 2263 1789 non
2291 1750 2461 1797 sufficiat,

1441 1804 1639 1844 mutuabor
1660 1813 1680 1839 a
1698 1802 1815 1840 socru.
1845 1802 2013 1839 Cissus.
2040 1801 2196 1852 Aliquid
2213 1812 2335 1839 tamen
2359 1829 2371 1846 ,
2384 1803 2463 1847 foe-

1445 1853 1565 1903 nore]
1594 1853 1704 1891 Forte
1725 1852 1924 1902 legendum
1947 1880 1958 1896 ,
1995 1849 2125 1901 aliquis
2153 1863 2275 1889 tamen
2297 1852 2466 1898 foenore‚'

1443 1904 1518 1943 five
1533 1934 1542 1950 ‚
1569 1904 1607 1941 in
1620 1905 1781 1951 foenore:
1809 1911 1851 1940 ut
1870 1902 1999 1951 aliquis
2013 1931 2023 1947 ‚
2049 1904 2102 1948 τῷ
2123 1912 2223 1940 τοτκς,
2239 1901 2468 1950 respondeat.

1445 1956 1671 2004 Quanquam
1691 1962 1892 2002 utrumque
1916 1952 2045 1993 dicitur
2060 1980 2070 1998 ,
2099 1953 2137 1990 ὃ(
2155 1950 2213 2001 esse
2233 1950 2388 2001 aliquem
2425 1954 2466 1991 &

1443 2005 1500 2054 effi:
1517 2005 1668 2055 aliquid.
1705 2003 1914 2041 Bucnnnn.
1951 2004 2050 2040 Raro
2073 2002 2245 2051 exemplo
2267 2029 2279 2047 ,
2307 2002 2344 2039 in
2371 2013 2470 2049 una,

1447 2067 1564 2105 eaque
1587 2055 1687 2093 brevi
1710 2066 1728 2091 e
1756 2053 1881 2098 istola,
1908 2062 2035 2101 quater
2066 2053 2256 2100 ingenium
2288 2052 2393 2091 suum
2425 2064 2470 2091 o-

1447 2108 1566 2153 ptimo
1599 2105 1701 2143 succe
1731 2116 1755 2141 u
1788 2103 2014 2141 advocarunt
2036 2104 2103 2141 viri
2125 2102 2264 2142 eruditi.
2303 2103 2402 2140 Nam
2430 2105 2471 2142 &

1448 2157 1522 2193 hoc
1542 2157 1630 2194 loco
1653 2161 1748 2195 certa
1771 2155 1810 2192 ὅτ
1832 2154 1925 2191 clara
1949 2153 1997 2191 cst
2010 2153 2375 2191 Lectiiconiecftura:
2403 2153 2469 2192 ali-

1451 2206 1534 2256 quid
1553 2217 1676 2244 tamen
1699 2207 1840 2252 foenere
1866 2233 1877 2248 ,
1915 2202 2112 2254 quomodo
2146 2204 2317 2242 omnibus
2347 2203 2470 2252 litteris

1452 2258 1614 2306 optimus
1638 2256 1829 2293 Met-licens
1854 2254 1977 2293 scribit.

1500 2308 1522 2343 6
1549 2307 1654 2344 Cuius
1675 2317 1759 2342 arca
1778 2318 1846 2341 non
1869 2303 2006 2354 secus]
2037 2303 2197 2343 Catullus
2221 2319 2230 2342 ε
2277 2310 2361 2342 Utor
2387 2301 2468 2339 unt

1453 2357 1535 2394 bene
1549 2386 1558 2401 ‚
1588 2369 1699 2405 quam
1725 2354 1812 2393 mihi
1828 2356 1999 2406 pararim.
2026 2355 2053 2392 B
2071 2367 2089 2392 Α
2104 2369 2129 2392 R
2147 2370 2169 2393 T
2186 2368 2221 2393 H.
2268 2356 2327 2393 De
2359 2359 2441 2387 arca
2451 2352 2470 2391 ‚¹

412 2429 431 2466 3
463 2415 615 2462 Sestertio
638 2413 793 2463 trictes.]
833 2414 948 2452 Sume
972 2411 1189 2450 extrinsecus
1213 2413 1286 2449 emi
1307 2410 1390 2459 pos-
1454 2407 1619 2445 adduffls
1647 2409 1754 2445 etiarn
1779 2407 1880 2443 Plinii
1902 2406 1958 2443 his
1980 2405 2097 2444 verbis
2120 2434 2130 2451 ‚
2157 2407 2230 2454 agit
2258 2397 2463 2440 Gronovius

361 2466 453 2503 sunt.
511 2465 612 2504 Nam
644 2466 768 2502 amico
800 2465 929 2501 omnia
967 2461 1103 2510 detegit
1125 2491 1137 2508 ‚
1184 2470 1225 2499 ut
1262 2461 1391 2500 melius
1459 2458 1505 2495 ad
1528 2459 1652 2496 Senec.
1673 2456 1781 2507 Epist.
1804 2455 1978 2494 LXXXI.

364 2515 536 2554 consulat.
563 2514 714 2562 Sestertio
738 2513 861 2551 tricies.
883 2514 898 2561 ]
938 2512 1082 2550 Tricies
1104 2513 1265 2552 centenis
1286 2511 1392 2550 milli-

365 2565 432 2604 bus
465 2577 675 2603 nummum.
732 2564 860 2601 Tricies
887 2570 1012 2600 autem
1042 2564 1284 2612 syncopatum
1324 2573 1393 2611 pro

372 2616 547 2666 triginties
570 2615 763 2664 profertur.
792 2614 948 2651 Cum.

423 2679 447 2713 4
473 2671 556 2703 Sum
581 2665 720 2715 quidem
735 2691 745 2708 ‚
772 2675 845 2703 wc.
868 2662 884 2712 ]
920 2664 981 2702 De
1002 2661 1194 2710 semetipso
1216 2662 1305 2700 dixit
1324 2662 1396 2700 Pli-

372 2716 453 2754 nius
475 2745 485 2761 ,
551 2716 625 2754 uod
662 2715 707 2753 de
737 2714 866 2763 opibus
898 2713 964 2752 suis
986 2713 1215 2761 intelligebat.
1269 2713 1397 2751 Similis

376 2767 465 2802 ratio
498 2729 548 2804 esi
571 2795 581 2809 ‚
619 2777 702 2802 cum
739 2764 934 2802 Suetonius
970 2762 1108 2801 Venales
1124 2763 1270 2811 pendere
1291 2763 1397 2808 dicit,

377 2824 535 2860 quorum
561 2816 658 2852 bona
682 2825 819 2853 venum
844 2814 1040 2864 proposita.
1091 2812 1138 2850 Et
1162 2823 1247 2849 cum
1279 2813 1400 2861 Virgi-

377 2861 443 2898 lius
466 2864 670 2910 Ucalegoma
697 2865 819 2901 ardere
842 2865 931 2903 dixit
946 2892 956 2908 ,
986 2865 1088 2912 cujus
1099 2862 1206 2900 aedes
1217 2862 1402 2901 ardebant.

381 2909 508 2946 Sensus
533 2911 593 2949 est.
620 2914 708 2949 Sunt
734 2913 883 2961 quidem
907 2925 996 2961 opes
1019 2924 1125 2950 meae
1149 2921 1287 2961 partem
1325 2925 1404 2951 ma-

1512 2519 1530 2555 7
1563 2507 1688 2555 Meffio.
1723 2508 1728 2555 ἱ
1764 2507 1893 2545 Paulus
1926 2507 2070 2555 dejure
2092 2504 2161 2543 fisci
2181 2499 2287 2539 refert
2310 2495 2467 2553 Meffissm

1464 2557 1566 2596 fuisse
1597 2557 1895 2604 Jurisconsultum
1923 2570 1931 2594 ε
1970 2562 2194 2594 marmoreae
2227 2554 2393 2602 veterum
2415 2560 2471 2584 in-

1465 2608 1672 2657 scriptiones
1697 2606 1853 2655 Meffium
1877 2606 2048 2654 Rusticum
2068 2607 2265 2651 curatorem
2289 2596 2381 2634 alx-m
2396 2625 2406 2641 ‚
2434 2599 2474 2635 δε

1466 2659 1623 2708 riparum
1658 2658 1817 2706 Tyberis
1839 2687 1851 2703 ‚
1887 2659 1926 2694 &
1955 2656 2154 2692 cloacarum
2184 2645 2278 2683 urbis
2297 2648 2475 2702 'Romani

1467 2710 1592 2758 populi
1617 2708 1783 2746 Adriano
1801 2705 1966 2754 Augusto
1989 2702 2214 2747 Imperante:
2238 2704 2272 2732 at
2295 2708 2478 2752 inmoriu-

1469 2761 1601 2797 mentis
1635 2759 1888 2797 Brixianorum
1919 2753 1986 2800 legi
2018 2752 2054 2784 Τ.
2088 2743 2245 2802 Mestum
2278 2751 2476 2785 Lictanum.

1470 2807 1558 2846 ficut
1598 2808 1694 2857 apud
1737 2802 1948 2850 Fommjulii
2001 2803 2034 2833 L.
2079 2800 2277 2833 Gemlnmm
2324 2797 2483 2844 Meffium

1473 2866 1678 2896 curatorem
1700 2855 1822 2892 aerarii
1846 2845 2137 2887 Mediolanensis.
2187 2846 2231 2883 In
2255 2847 2397 2884 vetusto
2421 2860 2485 2886 co-

1475 2909 1554 2946 dice
1593 2905 1742 2942 Maium
1782 2899 1984 2937 Maximum
2032 2897 2194 2933 invenio,
2253 2896 2488 2946 Tranquillus

382 2959 520 2996 xlmam
544 2961 579 2995 in
604 2961 753 3005 praediis
784 2962 891 3003 sitae;
923 2963 982 2999 scd
999 2972 1125 3000 tamen
1148 2963 1341 3012 &aliquid
1367 2964 1404 3000 in
1478 2956 1630 2992 Metium
1661 2952 1782 2988 recitat
1805 2977 1815 2993 ,
1852 2949 1888 2984 in
1921 2958 2031 2995 quem
2060 2946 2125 2983 suit
2148 2947 2231 2983 illu]
2255 2948 2414 2986 notabile
2437 2948 2491 2987 di-

385 3007 540 3046 soenorc
561 3008 702 3044 habeo:
734 3009 835 3055 quod
860 3010 884 3044 si
906 3021 985 3045 non
1005 3011 1130 3047 sufficit
1154 3040 1164 3056 ,
1191 3011 1266 3050 fine
1289 3012 1406 3049 mole-

384 3057 445 3098 stia
466 3066 636 3098 mutuum
661 3058 804 3097 sumere
826 3069 846 3095 a
871 3058 975 3096 socru
998 3059 1153 3107 poss‘urn.
1200 3062 1408 3102 Euenum.

1479 3005 1578 3040 etum
1598 2999 1822 3042 Domitiani,
1849 2996 1972 3034 Vellrm
1998 2996 2355 3045 ramsormosuscffc.
2383 3010 2492 3048 quam

1480 3051 1610 3090 Metius
1628 3048 1697 3098 fibi
1717 3047 1872 3088 videtur.
1912 3048 2066 3086 (ΣΗ-ΛΝ.
2106 3047 2267 3088 Riccard.
2300 3048 2338 3086 in
2371 3049 2494 3086 Indice

2346 3096 2471 3148 Maesio
2483 3122 2497 3146 2
