2616 3686
534 145 908 240 ‘LIBER
972 176 1684 228 11.EPISTOLA
1753 183 1923 232 xvir.
2198 203 2286 252 ¹55

199 274 443 333 insertum
488 264 590 329 est,
628 263 786 335 quod·
831 279 944 319 non
1003 261 1272 333 legendos
1321 260 1514 323 libros,
1552 260 1643 314 sed
1707 259 1720 280 ¹
1757 264 2071 320 lectitandos
2131 272 2290 333 capit.

202 344 469 403 Adhaeret
495 338 876 393 dormitorium
902 336 920 354 ²
941 333 1276 398 membrum,
1323 331 1540 387 tranfitu
1567 331 1911 401 interjacente
1943 373 1961 398 ,
2009 338 2102 407 qui
2141 338 2155 366 ³
2193 341 2295 393 sus.

199 414 383 488 pensus
422 410 478 465 &
512 413 530 438 ⁴
563 408 819 464 tabulatus
853 420 1180 478 conceptum
1216 421 1471 478 vaporem
1506 403 1694 458 salubri
1734 417 2162 475 temperamento
2186 411 2295 464 huc

200 490 322 544 illuc
347 483 543 554 dig'erit
570 482 623 537 &
651 478 918 544 ministrat.
994 479 1228 552 Reliqua
1248 494 1368 551 pars
1388 477 1564 533 lateris
1595 475 1748 548 hujus
1774 487 1786 514 ⁵
1824 476 2096 534 servorum
2134 480 2298 537 liber·

2090 565 2300 608 torum-

246 698 268 737 ‘1
300 690 552 743 Leffitandor]
582 689 752 730 zeotitare
767 688 952 735 estidem,
975 701 1017 729 ac
1029 691 1202 743 frequen·
1232 691 1238 737 l
1264 699 1431 742 namque
1463 691 1649 741 Pompeio
1682 689 1835 728 aridiore
1869 687 2019 728 Thusce
2048 688 2183 728 tibicen
2206 688 2296 730 dici-

203 759 257 790 ter
287 748 412 796 legere.
462 744 552 783 Vult
582 743 704 791 itaque
736 743 882 791 copiam
911 741 1087 780 librorum
1125 756 1204 783 non
1231 771 1237 776 .
1265 749 1332 780 tur.
1386 743 1492 782 Haec
1515 744 1596 786 ille,
1625 744 1663 779 δε
1685 754 1734 779 ne
1757 743 1815 779 cui
1833 739 1921 791 quid
1943 739 2199 784 invideamus,
2223 741 2268 778 ita
2284 769 2305 786 ,.

202 798 302 840 fuiffe
329 806 498 844 magnam
521 823 532 839 ,
569 801 608 831 ut
639 793 701 841 qui
731 793 852 842 paullo
886 790 972 831 effet
992 792 1207 842 studiosior,
1235 798 1237 824 ἓ
1271 794 1446 831 nimirum
1471 792 1664 843 fabulatus
1690 820 1700 836 ‚
1736 793 1773 831 in
1796 792 1878 830 MS.
1914 790 2079 828 Riccard.
2104 790 2143 827 ὃς
2167 791 2296 831 Oxon.

201 846 369 889 eumdem
423 846 552 884 librum
607 843 742 892 saepius
799 850 990 891 cogeretur
1036 845 1207 894 relegere.
1234 834 1239 866 ¹
1272 844 1473 882 exhibetur.
1529 843 1600 882 Sed
1621 844 1680 881 cui
1701 842 1965 891 persuadebunt
1986 842 2144 880 Plinium
2177 840 2300 880 Tusca

200 900 412 939 Scaeam.
1271 906 1368 934 voce
1389 895 1494 933 usum
1517 892 1588 932 effe
1611 895 1648 932 in
1668 893 1875 943 politiffima
1896 892 2003 930 villae
2026 891 2265 940 descriptione
2280 892 2300 930 Ξ·-

200 959 202 962 ·
245 960 267 986 2
295 944 536 996 Membrum.]
572 947 656 986 Pars
687 944 831 984 domus.
868 945 968 984 Nam
1000 947 1206 987 Columella
1272 945 1703 993 Lindenbr.Bongars.&
1726 944 1840 981 Arnz.
1866 942 1938 990 Qi
1948 943 2130 992 suspensus
2151 952 2196 980 υ·
2208 941 2297 990 sub-

195 1002 285 1038 'cum
305 998 464 1047 Apulejo
488 997 534 1036 fic
554 998 734 1036 nominat.
787 997 945 1036 Videtur
965 1005 1090 1035 autem
1104 998 1207 1039 fuiffe
1272 995 1370 1034 latus
1393 1011 1404 1040 ;
1445 997 1500 1034 At
1521 995 1610 1046 quid
1632 1006 1725 1043 opus
1748 1002 1823 1032 erat
1843 993 1940 1031 idern
1964 994 2016 1031 bis
2040 991 2186 1049 dicere?
2208 993 2300 1032 Mo-

200 1049 442 1087 dormitorium
462 1048 659 1086 membrum
674 1076 684 1092 ,
711 1047 815 1097 quod
838 1047 910 1096 ipse
935 1047 1015 1086 Lib.
1039 1049 1087 1086 V.
1109 1050 1147 1087 in
1158 1051 1208 1088 al-
1275 1046 1352 1085 dius
1373 1049 1504 1097 reperit
1527 1048 1565 1084 in
1588 1046 1669 1084 MS.
1695 1044 1768 1093 Q}
1786 1043 1966 1093 suspensus
1988 1043 2125 1099 subluis
2151 1071 2160 1087 ‚
2186 1050 2299 1093 atque

199 1100 306 1138 terius
329 1100 432 1137 villae
465 1099 702 1148 descriptione
734 1099 982 1136 dormitorium
1012 1098 1205 1138 cubiculum
1275 1097 1361 1136 inde
1385 1097 1538 1135 faciebat
1562 1110 1570 1134 ε
1601 1096 1660 1146 qui
1683 1095 1868 1145 suspensus
1887 1092 2054 1150 sublicas.
2083 1094 2302 1150 ⁸Verumta-

199 1149 295 1187 dixit.
324 1150 357 1186 C
372 1163 392 1187 A
408 1163 431 1188 τ.
446 1162 515 1187 Au.
545 1149 749 1187 Membrum
772 1160 851 1197 pars
875 1148 1010 1186 domus
1025 1178 1035 1194 ,
1061 1158 1101 1187 ur
1124 1151 1206 1189 Lib.
1277 1159 1365 1185 men
1397 1160 1520 1197 neque
1553 1149 1690 1186 Seneca
1716 1174 1727 1191 ,
1765 1156 1888 1194 neque
1909 1145 1966 1182 alii
1991 1172 2002 1189 ,
2029 1155 2090 1192 qui
2113 1142 2299 1184 vocabulo

197 1199 245 1237 V.
278 1199 386 1249 Epist.
419 1200 487 1237 VI.
521 1213 555 1238 n.
591 1213 645 1250 15.
700 1200 820 1237 Multa
853 1200 889 1237 in
918 1198 983 1235 hac
1014 1200 1206 1239 membra:
1237 1163 1243 1232 ἱ
1271 1198 1453 1248 suspensus
1473 1199 1547 1236 hoc
1568 1198 1669 1236 sensu
1690 1204 1842 1234 utuntur
1866 1223 1877 1240 ,
1912 1195 1983 1232 tale
2003 1194 2301 1234 additamentum

195 1250 331 1288 atrium
361 1251 471 1289 etiam
501 1264 543 1288 ex
575 1265 668 1289 more
690 1261 861 1288 veterum.
916 1250 1092 1298 Apuleius
1121 1250 1208 1290 VII.

1279 1249 1503 1296 agnoscunt,
1533 1250 1572 1287 &
1601 1247 1699 1298 quid.
1715 1246 1875 1297 sublicae-
1893 1274 1903 1290 ,
1940 1245 2001 1283 seu
2033 1245 2102 1293 pali
2129 1244 2175 1282 ad
2201 1244 2302 1286 hune

195 1301 351 1338 Metam.
377 1306 403 1338 E
409 1302 506 1352 tipfiz
529 1303 693 1341 membra
713 1331 723 1346 ,
758 1301 796 1338 in
813 1301 902 1351 queis
925 1313 1024 1338 omne
1040 1309 1209 1349 patrimo-

1278 1297 1496 1337 transitum?
1524 1310 1571 1337 an
1591 1301 1663 1337 alio
1684 1298 1830 1337 tibicine
1855 1295 1964 1335 fultus
1985 1293 2056 1334 effe
2085 1307 2164 1333 non
2178 1336 2179 1339 Ἴ
2194 1304 2301 1344 pote-

196 1352 297 1389 m'um
318 1353 417 1389 condi
431 1351 590 1401 solebat,
618 1352 739 1400 curiose
757 1352 986 1402 perspexerat.
1013 1351 1165 1389 BARTH.
1276 1356 1330 1386 rat
1354 1347 1369 1385 ?
1397 1349 1552 1399 sublicae
1585 1357 1682 1387 certe
1713 1359 1842 1397 parum
1877 1346 2032 1385 decorae
2064 1357 2132 1396 pro
2166 1346 2303 1396 reliqua

250 1414 269 1452 3
300 1401 529 1451 Suspensus.]
568 1403 751 1440 Elevatus.
790 1403 893 1449 Lege
927 1401 1142 1439 Vitruvium
1166 1402 1212 1441 de
1245 1427 1248 1432 .
1278 1399 1435 1439 aedificii
1460 1401 1660 1447 elegantia,
1690 1401 1752 1443 &,
1782 1396 1808 1434 fi
1831 1396 1937 1434 usum
1950 1397 2111 1445 speeies,
2138 1408 2186 1434 ne
2197 1405 2304 1446 aptae

198 1451 406 1502 suspensuris
430 1452 680 1490 caldariorum.
710 1453 777 1489 CA
793 1466 815 1489 'r
831 1463 904 1487 AN.
933 1450 1053 1488 Multa
1076 1451 1120 1489 de
1141 1452 1215 1491 hoc
1244 1437 1250 1481 ¹·
1281 1449 1443 1497 quidem.
1496 1449 1620 1487 Edidit
1650 1457 1776 1486 tamen
1806 1475 1817 1492 ‚
1846 1446 1949 1496 quod
1970 1446 2223 1502 viros-doitos
2245 1448 2305 1486 fu-

197 1504 314 1541 verbo
360 1503 573 1540 Gronovius
608 1502 654 1539 ad
692 1503 814 1539 Senec.
855 1499 959 1549 Epist.
1000 1501 1216 1540 LXXXIV.
1247 1488 1251 1509 ¹
1279 1499 1356 1545 git,
1382 1501 1455 1538 iam
1479 1500 1666 1548 Gryphius
1689 1513 1698 1537 ε
1725 1498 1782 1548 qui
1793 1496 1974 1547 suspensus
1989 1495 2144 1546 subltcts.
2181 1496 2306 1538 Medi-

202 1556 337 1601 Magno
370 1551 509 1599 adgestu
544 1551 701 1599 suspensa
732 1548 914 1596 vestibula.
939 1550 1117 1596 quaedam
1154 1552 1218 1591 Li-
1248 1537 1252 1546 ¹

201 1601 296 1652 psius
318 1600 364 1638 ad
385 1600 507 1638 Eiusd.
527 1600 635 1650 Epist.
659 1599 740 1636 XC.
777 1604 823 1636 Ut
842 1598 1060 1648 suspensuras
1079 1600 1218 1640 balneo—

203 1664 286 1688 rum
316 1661 360 1690 v·
387 1650 552 1701 impreffbs
581 1649 765 1701 parietibus
798 1649 903 1686 tubos
927 1677 937 1692 ‚
970 1659 1029 1697 per
1050 1664 1136 1699 quos.
1153 1653 1220 1689 cir-

206 1702 495 1748 cumfunderetur
515 1702 629 1747 calor,
656 1701 714 1751 qus·
735 1700 808 1737 ima
820 1697 931 1749 fimul
948 1709 992 1736 v'
1011 1699 1156 1747 summa
1159 1705 1220 1749 fo..

206 1764 306 1791 voret
330 1753 537 1803 aequaliter.

1283 1559 1368 1586 ceus
1401 1549 1589 1598 praefert:
1638 1549 1729 1599 quod
1752 1547 1956 1598 suspensum
1988 1557 2032 1585 ω’
2071 1546 2277 1586 tabulatum
2294 1579 2313 1596 ‚.

1285 1600 1480 1638 manifesto
1511 1600 1604 1638 vitio
1637 1627 1648 1644 ,
1684 1606 1820 1647 utpote
1848 1597 1951 1647 quod
1985 1597 2234 1635 dormitorium
2267 1601 2306 1638 in

1284 1648 1399 1696 ipsum
1425 1651 1655 1698 vaporarium
1689 1650 1728 1686 &
1758 1646 2014 1696 hypocauston
2045 1655 2175 1686 mutat.
2203 1648 2311 1689 Cum·

1282 1709 1372 1736 vero
1395 1699 1476 1737 MS.
1498 1699 1574 1737 fatis
1596 1698 1755 1736 vetustus
1780 1697 1943 1736 Riccard.
1955 1695 2147 1747 subulutus
2170 1728 2181 1744 ‚
2219 1699 2306 1739 Me-

1283 1747 1404 1787 diceus
1427 1751 1466 1787 &
1487 1750 1545 1788 alii
1566 1749 1774 1787 tabulatum
1795 1748 1856 1786 vel
1876 1747 2062 1786 tabulatus
2085 1750 2278 1788 exhibeant
2294 1781 2312 1798 ‚.

255 1817 279 1850 4
306 1803 541 1853 Tabttlatus]
572 1804 720 1842 Tabulis
740 1803 872 1852 ubique
884 1799 1100 1851 interpositis
1115 1831 1124 1847 ,
1152 1816 1216 1852 per
1279 1798 1457 1837 leviffima
1481 1799 1662 1838 medicina
1686 1800 1753 1837 erit
1775 1811 1820 1837 ex
1844 1809 1954 1837 more
1978 1806 2146 1837 veterum
2169 1803 2317 1850 petita,

203 1853 296 1903 'quas
328 1865 442 1902 vapor
473 1855 545 1890 huc
579 1857 617 1892 &
647 1855 728 1893 illuc
758 1854 945 1902 digeratur.
978 1853 1080 1901 quod
1102 1857 1215 1903 magis

211 1905 327 1950 placet
341 1932 350 1947 ,
378 1915 488 1952 quam
504 1904 668 1952 sublatus
681 1903 906 1952 subulonibus
929 1931 941 1947 ,
967 1903 1004 1940 id
1026 1902 1074 1940 est
1097 1932 1107 1947 ‚
1135 1906 1215 1944 tibi-

210 1954 349 1992 cinibus
373 1953 542 1992 suffultus.
593 1954 776 1992 Subulones
798 1955 905 1991 enim*
915 1954 1080 1991 tibicines
1104 1954 1214 1994 Thu-

212 2004 282 2048 sci,
310 2003 511 2041 auc'toribus
532 2002 637 2041 Festo
659 2006 697 2042 &
721 2004 887 2042 Varrone
910 2031 920 2047 ‚
949 2004 1140 2050 dixerunt,
1168 2008 1214 2046 ad

211 2057 314 2102 cuius
336 2052 601 2092 similitudinem
626 2056 819 2093 unicornes
841 2065 968 2092 cervos
987 2055 1213 2104 appellavere

206 2104 400 2152 fabulones.
426 2104 472 2142 Et
498 2104 733 2154 Desubulare,
766 2105 942 2143 Marcello
964 2105 1129 2144 tradente
1141 2108 1213 2153 est,

208 2155 402 2202 perfodere
424 2184 435 2201 ,
470 2167 489 2193 a
514 2155 643 2205 subula
674 2157 840 2194 uatium.
894 2156 1070 2204 Legimus
1105 2159 1214 2196 ctiam

210 2206 507 2256 qtaodsuspensum
527 2216 570 2245 (θ’
591 2205 796 2244 tabulatum
817 2234 827 2250 ‚
853 2215 893 2244 ut
924 2207 985 2245 ista
1015 2206 1217 2246 referantur

210 2255 255 2291 ad
269 2255 533 2296 dormitorium.
562 2257 714 2294 Car-AN.
741 2257 976 2307 Suspensus&
987 2256 1214 2308 tabulatum]

1285 1848 1313 1886 fi
1344 1850 1530 1889 tubulatus
1561 1851 1760 1900 legamus3
1800 1848 1845 1887 de
1878 1850 2005 1898 quibus
2029 1850 2121 1887 tubis
2144 1852 2306 1892 vidimus

1284 1901 1401 1938 modo
1425 1913 1470 1938 ex
1491 1901 1626 1939 Seneca
1641 1929 1651 1945 ‚
1679 1902 1737 1939 cui
1758 1899 1851 1938 adde
1872 1908 2002 1937 notam
2022 1900 2080 1945 Jo.
2106 1901 2226 1940 Savar.
2259 1904 2314 1943 adv

1284 1951 1408 1990 Sidon.
1439 1952 1520 1990 Lib.
1551 1951 1597 1988 II.
1631 1950 1739 2000 Epist.
1773 1950 1819 1988 ΙΙ.
1853 1961 1932 1999 pag.
1973 1963 2051 1998 105.
2105 1951 2193 1990 Vox
2232 1954 2305 2001 ipsa

1283 2001 1469 2041 tubulatus
1486 2003 1591 2041 Plinii
1613 2003 1760 2040 maioris
1783 2000 1832 2040 est
1855 2029 1865 2044 ,
1896 2002 1934 2038 &
1955 1998 2060 2039 fimili
2080 2001 2177 2050 lapsu
2199 2003 2305 2042 tabum

1285 2052 1397 2090 Iarius
1417 2065 1459 2091 ac
1478 2053 1678 2092 tabularius
1701 2052 1799 2102 apud
1822 2051 2066 2090 Ammianum
2100 2053 2306 2094 miscentur.

1291 2104 1446 2142 Come.

1342 2169 1360 2204 ς
1389 2161 1576 2194 Servorum
1610 2155 1880 2204 libertorumque
1903 2181 1913 2198 ‚
1940 2153 2038 2204 effu]
2079 2155 2170 2193 Non
2191 2154 2318 2194 solici·-

1285 2214 1401 2243 tarem
1431 2207 1525 2244 hanc
1556 2207 1756 2245 lectionem
1782 2234 1792 2249 ,
1830 2204 1856 2241 si
1885 2216 1948 2253 per
1979 2204 2164 2253 sequentia
2189 2204 2317 2244 staret..

1288 2257 1386 2293 Nam
1411 2268 1481 2305 qua
1506 2258 1645 2294 ratione
1667 2256 1815 2292 mundos
1839 2254 1963 2291 vocari
1986 2253 2172 2290 servorum
2197 2257 2277 2298 usus
2291 2273 2304 2301 ;

211 2305 281 2342 Pal.
313 2308 351 2344 &
372 2307 425 2345 ed.
449 2316 552 2346 vetus
581 2336 592 2352 ‚
637 2307 832 2345 membrum
857 2310 895 2345 ὅ(
919 2307 1074 2356 transitu
1090 2335 1100 2350 ,
1128 2319 1218 2345 mox:
1287 2314 1348 2343 aut
1371 2306 1512 2354 hospites
1535 2304 1689 2355 potuiffe
1710 2305 1852 2354 accipere
1873 2303 2308 2345 existimabimus?Forte

209 2355 387 2394 Palatinus
403 2387 412 2402 ,
439 2358 497 2408 qui
511 2355 689 2406 suspensus
703 2356 869 2406 sublatus
891 2367 1084 2401 conceptum
1110 2385 1121 2400 ‚
1150 2369 1218 2395 wc.
1244 2342 1252 2402 l
1289 2367 1334 2393 an
1358 2368 1421 2404 per
1444 2355 1706 2405 compendium
1731 2354 1898 2403 scripturn
1923 2351 2035 2402 ufibus
2064 2354 2130 2392 fuit
2155 2368 2164 2392 :
2203 2357 2308 2403 quod

210 2406 362 2444 Modius
399 2420 483 2445 cum
518 2404 706 2445 invenisset
737 2409 773 2444 in
806 2407 1025 2444 Neustetteri
1059 2407 1138 2443 MS.
1161 2411 1220 2456 qui
1249 2405 1255 2494 Ι
1290 2408 1453 2454 quinon
1475 2406 1696 2453 capiebant,
1733 2402 1845 2452 ufibus
1879 2403 2000 2451 postea
2035 2404 2307 2454 rescripserunt,

202 2456 383 2506 suspensus
397 2457 572 2505 subditis,
599 2456 794 2504 legendum
820 2458 1058 2505 prominent,
1079 2456 1220 2506 suspen-
1291 2467 1375 2492 cum
1399 2454 1577 2504 manfibus
1608 2462 1669 2492 aut
1701 2453 1940 2503 manfiom'bus
1970 2451 2154 2493 deberent.
2207 2457 2308 2494 Nam

202 2508 266 2557 sus
288 2506 422 2548 sublicis
445 2517 506 2544 aut
520 2507 686 2557 subliciis.
728 2508 914 2544 Gau-rm.
932 2507 1026 2553 1Jac.
1052 2507 1220 2546 Sirmond
1250 2502 1255 2553 ἶ,
1291 2506 1432 2554 mansus
1459 2506 1496 2542 &
1517 2504 1649 2552 manfio
1669 2505 1772 2542 idem
1795 2504 1867 2542 est:
1895 2512 1934 2540 ut
1954 2502 2126 2543 habitatio
2141 2534 2151 2551 ‚
2179 2506 2217 2544 ὃς
2240 2506 2316 2542 hae

210 2557 255 2596 ad
279 2557 401 2594 Sidon.
423 2559 458 2594 in
482 2557 639 2606 descript.
662 2557 767 2605 Burg.
790 2559 910 2596 Pontii
946 2558 1092 2594 Leontii
1114 2584 1124 2600 ,
1153 2563 1222 2593 Tu·
1252 2559 1257 2615 ί
1289 2555 1436 2593 bitoitus.
1464 2556 1548 2593 Vet.
1575 2553 1740 2593 Gioffae:
1770 2554 1915 2595 οἴκῃ-ις.
1954 2554 2140 2593 Habitatio
2165 2584 2175 2600 ‚
2205 2555 2307 2596 habi-

211 2606 376 2645 hulamm
411 2609 479 2656 legi
506 2609 592 2646 vult.
639 2608 706 2644 Per
739 2607 874 2644 tubulos
910 2609 1008 2645 enirn
1032 2607 1221 2655 parietibus
1253 2617 1257 2673 1
1289 2618 1385 2644 totus
1408 2634 1417 2650 ,
1460 2603 1714 2642 habitaculum.
1768 2605 1815 2643 Et
1848 2604 1958 2654 paulo
1989 2614 2072 2642 ante
2105 2607 2307 2655 perstrinxi-

213 2656 422 2705 irnpreffos,
449 2666 489 2696 ut
511 2659 669 2708 loquitur
692 2659 828 2696 Seneca
852 2657 958 2707 Epist.
992 2657 1075 2694 XC.
1110 2668 1222 2704 vapor
1254 2682 1257 2688 .
1291 2669 1370 2693 mus
1396 2686 1404 2700 ,
1453 2655 1540 2704 quid
1573 2669 1712 2694 manere
1742 2657 1779 2693 &
1818 2655 1948 2704 mansio
1983 2655 2121 2693 Latius
2159 2656 2308 2697 dicatur.

215 2709 398 2747 emittitur.
450 2708 604 2746 Tubulus
627 2709 741 2746 etiam-
759 2719 872 2746 canna
897 2708 943 2745 est
968 2736 979 2752 ‚
1025 2719 1096 2756 qua
1128 2719 1223 2754 aqua
1254 2704 1258 2758 ᾗ
1293 2712 1416 2753 Quare
1438 2706 1463 2744 fi
1485 2706 1618 2744 horum
1640 2709 1852 2744 alterutrum
1885 2706 2111 2743 admittimus
2135 2735 2146 2752 ,
2181 2710 2307 2747 omnia

220 2756 420 2803 deducitur,
446 2759 549 2796 Varr.
571 2760 615 2797 de
641 2760 694 2796 Re
717 2758 795 2795 rust.
820 2770 848 2796 c.
869 2759 902 2796 8.
932 2759 977 2795 Et
991 2757 1099 2795 Tubos
1111 2758 1221 2806 visce-
1255 2763 1258 2812 l
1292 2758 1456 2807 expedita
1492 2766 1597 2795 erunt
1629 2760 1666 2795 &
1700 2758 1813 2805 plana.
1864 2756 1976 2793 Possis
2006 2763 2131 2793 tamen
2165 2760 2201 2796 ὃ(
2236 2759 2354 2797 itast-

212 2817 298 2855 *tum
317 2806 404 2846 dixit
427 2809 577 2847 Martial.
602 2809 681 2846 Lib.
705 2808 751 2846 ΙΙ.
789 2809 824 2844 V
840 2822 860 2847 E
875 2822 895 2846 ε
910 2821 933 2845 u
951 2821 984 2846 Η.
1029 2807 1223 2845 Adsentior
1255 2813 1258 2824 ·

212 2853 288 2899 jis,
312 2859 372 2906 qui
399 2859 457 2896 hic
486 2859 668 2896 tubulatus
706 2861 839 2907 legunt.
869 2861 1082 2897 Scufirfeit.
1117 2859 1223 2895 {ubu-
1291 2858 1394 2902 oecis,
1424 2858 1505 2905 „vel
1540 2858 1728 2898 membris>
1762 2868 1840 2895 tam
1872 2857 2016 2894 mundis
2043 2885 2054 2901 ‚
2090 2869 2131 2894 ut
2163 2867 2308 2906 accipere

226 2899 315 2942 latus
333 2907 487 2954 placebat
507 2911 645 2956 J'acobo
667 2910 812 2947 Bonon.
835 2910 974 2947 Aonot.
997 2921 1071 2956 cap.
1102 2909 1224 2946 XVII.
1292 2910 1436 2958 hospites
1450 2906 1578 2958 poffim.
1634 2907 1797 2946 Membra
1822 2907 2030 2959 frequenter
2051 2906 2219 2946 dicuntur
2241 2908 2308 2946 do-

230 2959 314 2988 extr.
328 2963 370 3009 ut
389 2966 532 2997 notetur
551 2961 651 2997 locus
675 2989 685 3006 ,
736 2962 797 3009 qui
820 2972 883 3009 per
904 2960 1010 2997 tubos
1033 2971 1072 2996 ,ic
1096 2958 1222 2997 fistulis
1255 2957 1261 3028 ί
1294 2972 1373 2997 mus
1412 2966 1526 3007 partes
1551 2972 1559 2996 :
1602 2958 1874 3008 suppeditatque
1913 2960 2002 2997 haec
2039 2957 2109 3006 ipsa
2148 2959 2308 3008 Epistola

229 3000 338 3039 veluti
355 3005 480 3044 tibicen
500 3009 657 3047 sufflabat
672 3039 682 3054 ‚
711 3011 749 3048 &
769 3012 815 3048 ita
838 3022 1017 3052 vaporem
1042 3009 1221 3047 diffunde·
1255 3032 1258 3065 ὲ
1294 3009 1469 3058 exempla.
1525 3014 1622 3046 Oecos
1644 3009 1739 3059 apud
1763 3010 1980 3047 Vitruvium
2011 3009 2176 3056 legimus.
2229 3010 2306 3054 Qui

233 3046 299 3088 0²5·
348 3051 528 3112 Subulosug
546 3062 644 3101 enim
679 3059 777 3111 quasi
816 3060 1045 3118 sufflatoriuS.
1098 3059 1222 3100 §ubido
1254 3070 1260 3131 ι
1292 3069 1418 3114 tamen
1437 3061 1510 3113 bue
1527 3060 1615 3102 nihil
1638 3060 1811 3149 faciunt&
1839 3059 1954 3109 Apud
1976 3059 2187 3098 Lucianuin
2207 3069 2304 3114 nune

1807 3141 1810 3144 .
1841 3120 1858 3159 3
2213 3121 2318 3143 otu-01v

1292 2815 1479 2845 Servorum
1506 2807 1774 2857 libertorumque
1795 2805 1909 2855 ufibus
1932 2807 2108 2844 detinetur
2137 2808 2307 2859 plerisque
