2616 3686
650 192 1033 265 PRAEFArg
1082 208 1134 260 &
1181 206 1559 260 DEDICAT.
1605 211 1940 265 VARIAE.

247 400 346 454 jam
381 385 593 435 omnibus
623 381 783 429 studiis
824 376 1129 427 ornatissimus
1163 377 1463 440 antiquorum
1505 377 1716 441 inprimis
1750 393 1914 429 vatum
1966 382 2256 447 maJestatem
2291 386 2433 435 unde-

249 469 451 516 cumque
473 447 844 511 repraesentanS,
882 443 1221 491 recentioribus
1259 443 1398 508 longe
1432 444 1650 508 praestat.
1722 446 1853 494 Hinc
1885 448 2078 495 Praetor
2115 449 2350 499 lefflffime

249 522 308 568 ab
333 514 544 566 universa
580 511 775 560 civitate
809 508 965 557 nostra
997 508 1150 556 multis
1184 508 1309 556 votis
1347 509 1689 572 exoptatissime
1721 511 1904 573 optimo
1937 513 2046 559 Deo
2083 515 2253 577 gratias
2293 517 2433 564 habe-

247 600 374 641 mus,
413 578 721 640 eumdemque
744 575 970 637 supplices
997 575 1322 636 imploramus,
1363 589 1414 622 ut
1446 573 1736 622 Sanffisfimo
1770 577 2068 625 Venetorum
2099 580 2292 627 Senatui
2324 597 2432 628 eve-

246 650 378 698 niant
403 650 524 695 bene
548 655 735 706 optata,
777 642 906 703 cujus
931 639 1127 702 sapienti
1158 639 1349 686 consilio
1382 641 1457 688 Te
1487 640 1696 703 praefide
1730 641 2058 690 consultiffimo
2090 643 2432 706 spefftatisfimo-

247 730 337 778 que
361 711 451 759 frui
483 709 655 758 licebit.
728 707 829 769 Ego
863 705 1034 752 deinde
1057 718 1208 752 tantas
1241 718 1432 769 tamque
1462 707 1721 768 praeclaras
1754 707 1900 755 Patris
1938 723 1992 755 ac
2022 708 2126 756 Filii
2161 710 2294 757 dotes
2330 726 2432 772 per-

245 779 440 843 spiciens
464 774 800 837 suspiciensque
813 771 1000 833 utrique
1019 786 1093 817 me
1113 771 1449 832 mancipiolum
1472 772 1665 829 addico,
1703 771 1947 836 indignum
1969 773 2185 836 equidem
2200 811 2212 833 ,
2249 790 2434 822 verum-

243 858 404 893 tamen
436 837 913 902 obsequentissimum,
950 835 1220 883 fidiffimum
1258 835 1309 883 <Sc
1340 836 1555 899 singulari
1582 854 1687 886 mea
1717 838 1766 885 in
1799 840 2025 885 Bembam
2062 839 2252 887 domum
2285 840 2433 888 obser-

241 909 405 959 vantia
429 922 522 954 non
550 902 927 965 adspernabilcm.
998 902 1204 948 Demum
1228 915 1279 949 ut
1304 903 1360 948 ad
1389 902 1656 950 Secundum
1688 903 1908 961 redeam,
1947 918 2054 950 cum
2083 905 2269 953 vacabit
2290 943 2303 963 ,
2353 904 2429 952 vel

242 987 296 1021 ut
322 985 481 1028 vacet,
520 971 643 1033 legas
669 1006 681 1026 ,
719 968 861 1014 velim
885 1004 896 1024 ‚
943 967 1080 1030 hujus
1108 965 1334 1028 epistolia.
1384 967 1552 1014 Catulli
1584 971 1782 1016 verbum
1822 967 2060 1028 occurrit,
2109 984 2204 1017 non
2233 982 2285 1017 ut
2323 986 2432 1019 eum

239 1039 391 1090 obiter
423 1035 629 1082 molliam
650 1035 749 1096 jam
783 1032 1155 1081 cantatifiimum.
1207 1032 1332 1081 Vale
1356 1031 1693 1083 Dostrinarum
1714 1035 1889 1081 Decus,

301 1199 693 1282 ALDUS
748 1199 1016 1278 PIUS
1067 1196 1709 1278 MANUTIUS
1772 1200 2366 1281 ROMANUS

235 1412 674 1482 ALOISIO
748 1408 1120 1499 EQUITI
1189 1409 1327 1478 ET
1391 1409 1934 1479 SENATORI
1994 1410 2436 1494 VERETO

1198 1604 1250 1660 S.
1291 1601 1349 1659 P.
1388 1602 1455 1662 D.

335 1789 532 1840 Olebam
565 1791 871 1854 superioribus
895 1790 1025 1838 annis
1052 1790 1225 1851 Aloifi‚
1263 1789 1355 1837 Vir
1379 1788 1654 1850 Clarfflime,
1695 1806 1802 1840 cum
1826 1804 1904 1840 aut
1927 1792 1986 1839 T.
2025 1790 2152 1839 Livii
2178 1790 2419 1849 Decades,

334 1874 450 1920 quae
471 1872 566 1905 non
589 1857 765 1905 exstare
788 1857 1069 1916 creduntur,
1107 1872 1184 1904 aut
1211 1854 1445 1913 Sallustii,
1494 1872 1570 1906 aut
1604 1858 1752 1921 ‘I‘rogi
1790 1857 2002 1905 historias
2026 1896 2038 1916 ,
2090 1871 2168 1904 aut
2208 1858 2421 1920 quemvis

335 1923 475 1970 alium
499 1938 558 1971 ex
582 1923 782 1985 antiquis
818 1921 1080 1970 austoribus
1111 1923 1358 1970 inventum
1390 1921 1478 1968 effe
1513 1923 1759 1971 audiebam
1785 1961 1796 1981 ,
1843 1939 1987 1986 nugas
2020 1923 2176 1969 dicere
2209 1938 2261 1968 ac
2293 1922 2422 1969 fabu-

228 1990 310 2038 las.
382 1987 473 2035 Sed
495 2004 554 2035 ex
578 2005 669 2051 quo
695 1989 772 2035 Tu
797 2004 822 2034 e
849 1987 1000 2035 Gallia
1019 2024 1031 2046 ,
1069 1989 1148 2036 ubi
1177 2003 1262 2050 pro
1299 1988 1478 2034 ‘Senatu
1510 1989 1618 2035 Tuo
1658 1989 1959 2050 integerrime
1992 1987 2422 2048 accur-atillimeque

228 2057 436 2118 legatum
463 2069 630 2118 agens,
668 2069 886 2116 magnam
919 2054 964 2099 T
968 2053 1032 2101 ibi
1056 2053 1240 2102 laudem
1280 2050 1330 2099 ἃ
1362 2053 1557 2115 gloriam
1591 2054 1811 2116 peperisti
1833 2091 1844 2111 ,
1885 2069 1990 2099 cum
2020 2052 2251 2114 plurimis,
2304 2065 2421 2113 quae

228 2119 370 2168 ineffe
406 2120 584 2181 optimo
615 2118 806 2166 Oratori
831 2131 1046 2180 oportet,
1086 2133 1185 2166 tum
1220 2118 1491 2180 eloquentia
1522 2118 1597 2166 illa
1620 2121 1724 2167 lua
1754 2118 1966 2182 singulari
2000 2155 2012 2175 ,
2070 2133 2157 2179 qua
2195 2116 2307 2163 Tibi
2343 2133 2422 2163 an-

230 2197 279 2233 te
306 2184 358 2233 &
381 2184 568 2232 divitias
593 2184 643 2232 &
663 2183 860 2247 gratiam
882 2184 928 2231 in
954 2185 1042 2231 hac
1072 2184 1336 2247 Republica
1361 2184 1738 2231 excellentiffima
1771 2199 2125 2246 comparaveras
2151 2219 2163 2240 ,
2220 2182 2298 2228 has
2334 2181 2420 2228 Pli-

229 2251 297 2300 nii
333 2248 547 2312 epistolas
572 2250 618 2295 in
640 2249 825 2296 Italiam
850 2247 1129 2311 reportasti,
1184 2249 1234 2297 in
1268 2251 1538 2296 membrana
1572 2249 1761 2312 scriptas
1784 2287 1795 2307 ,
1835 2262 1973 2311 atque
2009 2248 2125 2294 adeo
2170 2246 2358 2294 diversis
2394 2262 2420 2295 a

229 2315 394 2364 nostris
420 2313 758 2362 characteribus
781 2351 792 2372 ,
831 2328 883 2361 ut
905 2315 988 2362 nisi
1014 2315 1113 2378 quis
1145 2315 1225 2362 diu
1265 2314 1525 2362 adsueverit
1555 2351 1567 2372 ‚
1617 2330 1711 2361 non
1746 2328 1885 2377 queat
1920 2314 2072 2377 legere
2098 2329 2107 2359 :
2158 2313 2294 2374 coepi
2327 2311 2421 2374 spe-

230 2397 332 2429 rare
356 2381 523 2428 mirum
546 2379 593 2426 in
625 2380 840 2438 modum,
879 2379 980 2426 fore
1006 2393 1158 2427 aetate
1183 2379 1364 2438 nostra,
1406 2393 1454 2426 ut
1485 2379 1669 2441 plurimi
1701 2396 1758 2427 ex
1794 2379 1924 2426 bonis
1961 2376 2226 2425 arfioribm
2252 2416 2263 2436 ,
2304 2393 2417 2440 quos

231 2462 325 2493 non
350 2445 530 2494 exstare
554 2446 811 2504 credimus,
851 2445 1168 2492 inveniantur.
1239 2444 1320 2492 Est
1351 2444 1479 2492 enim
1522 2444 1748 2492 volumen
1780 2445 1927 2507 ipsum
1958 2459 2050 2490 non
2084 2443 2227 2490 solum
2265 2458 2414 2489 corre-

233 2510 499 2569 &iffimum,
537 2510 613 2557 sed
634 2511 777 2557 etiam
806 2511 872 2559 ita
898 2510 1142 2573 antiquum
1166 2547 1179 2569 ,
1217 2523 1267 2558 ut
1290 2523 1454 2572 putem
1475 2510 1697 2572 scriptum
1718 2510 1855 2557 Plinii
1891 2509 2186 2570 temporibus.
2260 2507 2414 2572 Quam

231 2577 293 2623 ob
318 2593 413 2623 rem
438 2575 494 2633 s1,
533 2589 584 2622 ut
604 2575 817 2632 videtur,
856 2592 881 2622 a
905 2576 1043 2622 Plinii
1070 2589 1224 2623 aetate
1257 2576 1313 2622 ad
1336 2577 1453 2622 haee
1479 2592 1623 2637 usque
1649 2589 1860 2635 tempora
1880 2575 1970 2619 hoc
2002 2571 2298 2633 epistolarum
2329 2587 2413 2617 vo-

233 2641 390 2687 lumen
411 2641 642 2689 servatum
665 2639 733 2688 est
752 2672 768 2698 ‚
805 2640 886 2698 fit,
924 2653 976 2686 ut
1002 2640 1139 2687 facile
1163 2641 1350 2688 credam
1377 2638 1427 2686 ὃ(
1456 2640 1515 2686 Τ.
1554 2637 1743 2685 Livium
1766 2677 1777 2695 ,
1818 2637 1865 2685 6.-
1889 2638 2025 2695 alios,
2066 2652 2179 2698 quos
2211 2649 2309 2682 tum
2334 2651 2413 2682 ve-

234 2704 428 2763 tustate,
466 2719 564 2752 tum
597 2706 840 2754 hominum
870 2704 1156 2768 negligentia
1183 2743 1195 2764 ,
1242 2717 1342 2752 tum
1375 2704 1424 2751 vi
1463 2704 1613 2767 aliqua
1646 2704 1969 2751 incursioneve
2009 2715 2272 2750 exterarum
2304 2716 2414 2763 gen·

234 2771 353 2816 tium
383 2771 560 2831 periisse
587 2771 839 2829 credimus,
878 2770 1071 2829 alicubi,
1111 2784 1347 2835 tamquam
1381 2769 1430 2816 in
1462 2770 1608 2833 impio
1641 2769 1876 2817 conclusos
1912 2784 2094 2816 carcere
2127 2805 2140 2825 ,
2187 2766 2411 2829 squalidos

234 2835 524 2883 delitescere:
562 2836 829 2898 speremque
849 2836 1054 2883 exituros
1070 2835 1117 2883 in
1145 2837 1321 2895 lucem,
1359 2835 1500 2899 idque
1516 2837 1798 2898 temporibus
1825 2834 2012 2891 nostris,
2054 2849 2246 2889 acmea,
2286 2831 2317 2877 fi
2332 2831 2414 2877 diu

234 2900 426 2958 vixero,
464 2900 714 2962 praecipue
729 2917 894 2962 opera,
934 2900 1115 2949 Christo
1139 2902 1245 2964 Jesu
1271 2903 1504 2951 adnuente
1526 2902 1680 2951 δοτῆροε
1709 2901 1819 2947 ἐάων.
1869 2901 1920 2946 N
1925 2915 2016 2946 une
2037 2911 2188 2945 autem
2207 2935 2218 2955 ,
2258 2896 2411 2959 quoad

235 2963 496 3027 possumus,
535 2965 671 3010 hasce
698 2966 901 3011 Secundi
926 2964 1139 3025 epistolas
1174 2969 1333 3014 damus
1372 2982 1511 3030 quam
1548 2965 1895 3014 correffiffimas
1921 2998 1936 3024 ‚
1986 2965 2032 3010 in
2073 2965 2237 3026 quibus
2268 2965 2410 3009 etiam

236 3030 409 3076 multae
430 3029 561 3085 sunt,
601 3044 716 3090 quae
749 3030 947 3075 antehac
973 3044 1066 3075 non
1102 3032 1400 3080 habebantur.
1473 3033 1564 3080 Sed
1592 3031 1702 3076 Tibi
1740 3031 1946 3092 inprimis
1974 3029 2187 3076 habenda
2228 3026 2294 3074 est
2314 3029 2412 3089 plu-

238 3095 355 3141 rima
375 3094 548 3157 gratia,
588 3093 765 3139 inclute
797 3093 966 3149 Aloisi,
1006 3095 1083 3154 qui
1107 3098 1340 3158 exemplar
1364 3097 1510 3159 ipsum
1534 3094 1830 3156 epistolarum
1862 3093 2104 3157 reportasti
2129 3094 2176 3140 in
2204 3093 2408 3152 Italiam,

238 3159 446 3224 mihique
472 3157 663 3218 dedisti,
704 3172 754 3206 ut
778 3156 994 3207 excusum
1019 3159 1334 3220 plublicarem.
1404 3163 1593 3213 Deinde
1616 3160 1832 3224 jucundo
1858 3159 2151 3219 Vermiculi,
2186 3159 2289 3206 viro
2326 3158 2410 3204 sm-

2327 3236 2407 3281 gu·
