2616 3686
330 199 431 258 564
576 187 1091 242 c.1>L1N11
1160 178 1669 244 CAECILII
1740 154 2259 227 SAECUNDI

334 268 507 342 ipsum
536 266 586 322 S.
616 267 682 322 C.
704 285 978 339 quaerere.
1021 267 1206 322 inveni
1233 279 1341 321 tam
1366 262 1649 334 copiosum
1680 259 1733 313 &
1757 256 1983 314 effusum
2002 294 2018 321 ,
2059 270 2122 312 ut.
2149 264 2163 288 ¹
2184 257 2272 313 ille
2293 254 2481 330 super-3

341 343 582 400 biffimus
606 345 816 406 tituluS,
856 342 1103 398 modicus
1128 355 1289 413 atque
1315 341 1476 393 etiam
1500 333 1751 391 derniffus
1782 334 2075 388 videretur.
2127 338 2144 362 ²
2170 331 2475 390 Conferant

345 419 400 475 se
419 460 434 485 ‚
458 419 849 490 misceantque‚
887 436 998 472 non
1028 418 1155 472 dico
1183 418 1254 471 illi
1281 428 1488 469 veteres
1516 419 1531 447 ³
1555 410 1792 478 Africani
1811 449 1824 473 ‚
1856 415 1874 443 ⁴
1903 408 2154 471 Achaici,
2192 413 2207 442 ⁵
2232 408 2479 464 Numan.

348 496 485 559 tini,
535 494 624 549 sed
653 495 702 548 lii
732 494 1014 564 proximi,
1054 494 1072 522 ⁶
1095 490 1255 546 Mai-ii
1277 527 1293 553 ,
1340 496 1357 527 ⁷
1390 487 1565 543 Sullae
1588 526 1602 550 ‚
1645 489 1659 514 ⁸
1697 484 1936 556 Pompeji
1967 521 1982 545 ‚
2014 483 2179 549 (nolo
2215 486 2479 556 progredi

305 569 608 644 3longius)
637 569 772 624 infra
796 569 1042 622 Pallantis
1071 563 1545 636 laudesjacebunt.
1585 560 1997 633 ⁹Uibanos2qui
2020 558 2104 611 illa
2129 557 2480 624 censuerunt,

2258 638 2477 705 putem?

348 728 440 777 perit
458 736 574 778 operae
592 725 742 776 precium
756 738 767 767 ;
795 723 839 761 In
863 721 1038 760 Mediceo
1056 718 1205 767 legitur:
1231 719 1383 767 precium
1404 743 1411 775 t

347 788 462 826 operae
486 807 497 824 ,
535 789 581 815 ex
611 787 686 826 quo
715 785 850 823 nempe
891 772 1033 821 vulgata
1063 769 1172 808 lectio
1200 769 1381 818 profluxit.
1407 782 1410 803 ι

349 829 483 867 Sallust,
520 828 601 865 Cat.
637 837 714 874 cap.
741 825 824 864 Xll.
860 835 896 862 n.
919 835 955 873 3.
981 823 1127 871 Operae
1152 823 1307 869 pretium
1334 820 1379 866 est
1408 810 1413 862 l

348 879 456 929 visere
483 878 610 928 templa
632 877 785 914 deorum.
811 875 871 914 ubi
889 873 1066 912 nonnihil.
1094 872 1219 909 Dictio
1244 872 1290 910 est
1313 871 1381 908 usi-
1411 870 1414 920 ᾖ
1450 870 1523 915 Et,
1552 878 1592 909 ut
1614 870 1663 908 est
1687 871 1839 908 verbum
1867 882 1998 908 arenae
2023 899 2034 916 ,
2073 870 2204 912 ibidem
2242 884 2292 910 vs.
2315 879 2400 924 803.
2426 874 2486 914 ubi

350 930 514 968 tatissima
540 956 552 973 ,
581 931 618 966 &
639 929 676 966 in
697 927 823 965 talibus
845 918 1052 964 Secundum
1076 933 1151 960 non
1176 934 1379 972 numquam
1412 933 1414 942 ’
1451 922 1516 959 alia
1539 921 1671 959 videas.
1697 926 1906 969 Comparare
1926 921 2061 959 eodeni
2086 923 2183 961 sensu
2206 925 2328 961 maluit
2344 925 2486 974 Crispus

345 981 453 1018 verba
471 979 725 1028 transponere,
753 977 854 1027 supra
869 979 947 1028 jain
970 975 1138 1013 vidimus.
1165 973 1357 1011 CoizTr..
1414 990 1416 995 ·
1451 973 1536 1020 Jug.
1557 983 1634 1021 cap.
1659 971 1854 1008 LXXXV.
1879 983 1914 1008 n.
1939 983 1995 1021 13.
2024 972 2108 1011 licet
2135 973 2286 1012 alterum
2312 975 2396 1014 illud
2422 988 2485 1014 ae-

1501 770 1590 819 Qis
1611 769 1777 809 conferre
1796 769 1897 808 duces
1906 768 2060 807 meminit
2074 796 2084 813 ,
2096 769 2170 820 quis
2174 770 2315 820 pendere
2326 771 2454 823 caussas
2467 783 2482 813 ,Ρ

401 1043 433 1070 1.
463 1027 776 1080 lllesuperbiffimus
806 1026 967 1076 titulun]
1014 1026 1071 1062 illa
1093 1026 1239 1072 lepulcn
1269 1023 1388 1079 inseris
1415 1068 1417 1079 Ι

346 1082 426 1131 ptio
449 1083 604 1120 nimium
625 1090 791 1128 arrogans
811 1107 822 1124 ,
851 1077 875 1117 fi
897 1078 1092 1115 Pallantem
1132 1075 1289 1123 respicias
1315 1102 1326 1118 ‚
1359 1077 1383 1111 14

346 1144 437 1171 vero
460 1131 832 1175 Senatusconsultum‚
859 1127 1022 1167 modesta
1044 1128 1082 1165 ὃ(
1100 1125 1258 1165 humilis.
1297 1126 1328 1162 C
1345 1139 1366 1162 A

350 1196 371 1222 ἰ
389 1199 411 1221 a
424 1197 462 1222 n.

400 1247 435 1272 2.
463 1235 655 1281 Conferant
682 1233 781 1284 eya]
820 1231 856 1269 Si
885 1237 1183 1280 compararentur
1216 1226 1383 1265 Senatus·
1413 1218 1417 1260 ἓ

348 1285 508 1324 consulta
535 1287 734 1324 Mariorum
750 1312 760 1329 ,
789 1284 965 1333 Syllarum
979 1310 989 1327 ,
1004 1282 1096 1319 Pom
1104 1283 1270 1330 pejorum
1284 1305 1293 1322 ‚
1306 1277 1384 1315 vin-

345 1334 842 1375 cereiiturlionorefflaude.
868 1334 922 1371 ln
939 1345 960 1371 Β
975 1344 1016 1371 Μ.
1043 1334 1236 1378 Conferant
1240 1328 1382 1379 sexam]

350 1390 540 1426 Revocavi
561 1388 647 1426 illud
684 1387 911 1436 misceantque
948 1395 994 1421 ex
1028 1382 1200 1420 Editione
1226 1380 1382 1423 Aldina;

346 1437 468 1495 ficque
506 1439 606 1487 supra
648 1437 753 1486 Epist.
775 1437 823 1474 V.
859 1435 1008 1484 inquit:
1049 1444 1130 1483 quot
1165 1442 1414 1490 qaantasqae.

347 1499 500 1526 virtutes
516 1503 558 1526 ex
579 1488 721 1538 diversis
739 1486 916 1525 aetatibus
929 1486 1069 1535 sumtus
1091 1483 1219 1533 collegit
1247 1493 1288 1521 &⁸
1314 1484 1364 1519 mi

345 1539 442 1578 scuit.
475 1539 508 1577 G
524 1553 546 1576 iz
562 1552 585 1576 u
605 1552 626 1577 ‘r
639 1551 660 1577 ε
675 1554 711 1578 2⁷..
762 1539 797 1576 Si
822 1537 970 1574 verbum
990 1535 1156 1585 misceant
1180 1533 1381 1583 genuinum

345 1589 464 1635 foret,
492 1591 729 1639 opportunius
748 1590 922 1627 Gruterus
942 1586 1080 1626 adferre
1112 1584 1282 1636 potuiss'et
1305 1584 1381 1621 Lu-

343 1653 476 1680 canum
504 1641 588 1680 Lib.
607 1641 654 1680 11.
680 1652 733 1680 vs.
753 1653 837 1690 544.

678 1754 756 1781 cum
773 1742 860 1787 fata
881 1740 1054 1778 Camillis.

391 1799 440 1832 Te
452 1824 462 1838 ,
491 1795 621 1844 Caesar
632 1822 642 1839 ,
670 1794 867 1843 magnisque
879 1792 991 1829 velint
1003 1790 1146 1829 miscere
1157 1787 1307 1826 Metellis
1316 1813 1330 1826 .

392 1846 461 1884 Ad
489 1847 622 1884 Cinnas
651 1846 847 1895 Mariosque
875 1843 990 1880 venis.

338 1946 410 1986 Sei
424 1947 626 1986 Catanaeus
638 1958 715 1984 non
736 1944 853 1983 modo
872 1972 883 1988 ‚
911 1955 1042 1983 verum
1063 1943 1172 1981 etiam
1194 1938 1378 1980 membra-

339 2009 410 2037 nae
447 1999 573 2036 unicae
608 1997 693 2037 illud
727 1996 915 2034 damnant.
943 1994 1184 2032 Membranae
1220 1991 1406 2044 habent-‚s

341 2050 609 2098 Conferantque
634 2047 668 2086 se
705 2061 771 2085 non
806 2047 879 2084 dico
907 2046 960 2084 illi
995 2056 1125 2084 veteres
1147 2073 1159 2090 ,
1187 2046 1307 2092 itaque
1335 2042 1371 2079 in

1405 1685 1408 1724 l

342 2099 440 2138 Cod.
467 2099 531 2137 suo
559 2096 723 2148 reperisse
746 2098 971 2135 Catanaeum
997 2104 1096 2146 patet
1125 2107 1171 2133 ex
1200 2096 1275 2143 ejus
1297 2092 1381 2129 cita-

341 2151 445 2189 tione
464 2149 556 2189 infra
573 2149 617 2187 ad
642 2149 747 2198 Epist.
774 2156 864 2186 extr.
890 2149 1015 2195 Quare
1048 2147 1122 2184 hoc
1151 2143 1291 2194 reliquit
1310 2143 1380 2180 Pli-

342 2201 443 2240 nius:
472 2211 576 2250 atque
595 2200 702 2238 etiam
723 2197 877 2248 demifflts
895 2199 1076 2236 videretur
1089 2213 1099 2233 :
1129 2197 1382 2243 conferantque

341 2252 401 2298 se,
428 2264 495 2288 non
515 2251 588 2288 dico
612 2250 666 2289 illi
688 2261 818 2289 veteres
838 2257 905 2287 cet.
929 2248 1186 2296 Conferantque
1200 2243 1307 2295 se,id
1320 2243 1385 2289 est,

342 2305 392 2341 Et
402 2302 435 2353 fi
454 2301 487 2340 se
507 2301 698 2340 conferant
716 2329 727 2346 ,
767 2302 827 2338 Ac
851 2300 888 2348 Ji
914 2299 948 2337 se
970 2306 1187 2347 comparent
1221 2298 1258 2334 &
1280 2305 1385 2332 com-

342 2361 484 2404 ponant
503 2363 588 2391 curn
611 2352 780 2391 Pallante.
819 2351 961 2389 Lucan.
999 2349 1081 2388 Lib.
1098 2349 1204 2387 Vin.
1231 2358 1283 2386 vs,
1307 2357 1382 2396 417

392 2453 552 2494 Haereat
573 2459 661 2492 ane
680 2454 811 2491 vulnus
829 2450 1019 2503 miserabile
1032 2449 1162 2501 sintin⁴

394 2511 476 2542 Non
496 2505 607 2553 solum
627 2506 800 2543 auxilium
812 2503 946 2551 faneslo
965 2502 1009 2538 ab
1033 2515 1104 2549 rege
1123 2499 1234 2551 petiffe
1246 2527 1258 2544 ,

393 2556 459 2594 Sed
477 2555 597 2606 geffiffe
613 2557 707 2607 prius
729 2555 856 2593 bellum
879 2554 980 2591 civile
996 2552 1151 2601 pudebit.

337 2709 369 2755 ji
386 2708 541 2747 diximus
570 2708 651 2746 Lib.
673 2707 720 2746 X.
750 2719 801 2746 vs.
824 2719 909 2755 191.

667 2808 741 2857 spes
767 2806 806 2844 fit
827 2806 916 2844 mihi
946 2817 1039 2843 certa
1061 2805 1209 2843 videndi

395 2859 546 2896 Niliacos
561 2861 676 2904 sontes
688 2873 699 2902 ;
728 2858 854 2895 bellum
875 2858 975 2896 civite
996 2857 1203 2908 relinquam.

343 2954 485 2991 Auctor
523 2955 603 2993 Lib.
625 2957 654 2994 1.
690 2957 795 3006 Epist.
831 2958 916 2995 XII.
953 2970 987 2995 n.
1020 2957 1056 2994 8.
1096 2955 1265 2995 Dedisses
1311 2954 1389 2992 huic

344 3006 459 3040 animo
487 3014 550 3053 par
581 3017 694 3054 corpus
718 3034 728 3049 ,
758 3007 883 3054 ficisset
919 3009 1008 3055 quod
1042 3007 1198 3055 optabat.
1224 3007 1392 3054 Conferre

344 3066 409 3105 pro
428 3065 639 3105 comparare
663 3055 766 3094 idern
806 3058 979 3095 Lucanus
1021 3056 1104 3097 Lib.
1124 3057 1195 3098 1V.
1222 3068 1274 3097 vs.
1305 3066 1394 3110 ,²07⁸

1454 1035 1527 1073 que
1546 1023 1717 1072 frequens
1737 1021 1787 1075 sit.
1816 1021 1848 1058 C
1862 1033 1886 1057 o
1901 1036 1920 1057 κ
1938 1035 1960 1057 τ
1977 1034 2009 1059 ε.

1480 1124 1486 1130 .
1507 1086 1540 1124 3,
1568 1072 1773 1130 Africani]
1803 1071 1908 1109 Avus
1927 1073 1966 1109 δε
1988 1071 2154 1130 Nepos„
2169 1072 2226 1112 ille
2247 1074 2394 1115 devicto
2408 1077 2487 1116 An-

1452 1125 1566 1162 ni'Jale
1594 1152 1604 1170 ,
1642 1124 1700 1162 hic
1736 1134 1802 1172 pro
1838 1121 1953 1160 deleta
1990 1122 2204 1170 Carthagine
2226 1151 2237 1167 ‚
2274 1137 2485 1175 cognomen

1414 1198 1417 1214 ι
1454 1176 1622 1221 Africani
1641 1185 1818 1213 meruere.
1845 1179 1973 1210 Veteres
1987 1173 2148 1222 ‚inquit‚
2162 1173 2322 1224 respectu
2344 1179 2485 1228 Syllae,

1454 1227 1493 1263 &
1518 1227 1650 1270 Marii,
1679 1236 1722 1263 ac
1744 1223 1951 1263 Caesarum.
1977 1224 2167 1263 CATAN.

1502 1289 1536 1323 4.
1565 1275 1727 1315 Achaici.
1749 1275 1764 1325 ]
1795 1275 1850 1312 Ut
1873 1280 1912 1312 L.
1936 1275 2158 1319 Mummius,
2198 1275 2254 1313 cui
2286 1277 2438 1317 Achaico
2463 1291 2485 1318 a

1451 1327 1602 1367 deviet-{s
1627 1327 1779 1366 Achaeis
1807 1333 2101 1374 cognomentum
2139 1324 2295 1364 inditum
2336 1328 2416 1374 est,
2448 1332 2487 1370 in

1451 1390 1527 1428 quo
1547 1379 1643 1417 bello
1660 1379 1694 1416 se
1715 1373 2047 1415 abstinentiffiinum
2072 1377 2238 1424 praestitit
2259 1391 2268 1415 :
2300 1390 2368 1416 nec
2388 1382 2490 1430 quic.

1450 1441 1559 1479 quarn
1585 1442 1630 1468 ex
1649 1431 1688 1468 iis
1707 1428 1834 1477 opibus
1854 1428 2123 1466 ornamentisve
2145 1454 2156 1471 ‚
2184 1439 2277 1477 quae
2298 1431 2483 1478 praedives

1450 1481 1649 1570 1Corinthus
1697 1479 1820 1518 habuit
1846 1506 1858 1524 ,
1893 1480 1930 1517 in
1983 1478 2141 1516 domum
2186 1480 2262 1529 ejus
2309 1485 2485 1529 pervenit.

1487 1545 1510 1570 n
1524 1544 1544 1570 E
1559 1545 1600 1569 M.

1500 1597 1533 1632 ς.
1563 1580 1817 1631 Numantini]
1856 1579 2095 1619 Numantiam
2132 1581 2169 1619 in
2200 1580 2370 1632 Hispania
2392 1586 2486 1626 civi-

1443 1641 1557 1672 tatem
1572 1662 1582 1678 ,
1611 1635 1714 1684 Scipio
1742 1633 1935 1678 Africanas
1953 1632 2087 1670 delevit
2112 1645 2121 1670 ε
2151 1633 2293 1672 &inde
2317 1641 2482 1675 Numan·-

1440 1685 1535 1723 tinas
1557 1685 1603 1723 est
1623 1685 1828 1734 appellatus,
1853 1683 1868 1721 i
1885 1696 1906 1720 D
1922 1696 1941 1721 E
1955 1695 1998 1722 M.

1495 1737 1531 1775 6,
1562 1737 1708 1786 Marii.]
1737 1734 1920 1782 Quamvis
1939 1735 2060 1782 legam
2085 1734 2219 1773 multos
2240 1735 2396 1777 Marios:
2413 1739 2484 1778 im·'

1443 1787 1565 1836 primis
1582 1794 1708 1826 tamen
1733 1785 1991 1835 respiciendum
2016 1792 2105 1833 puto
2134 1791 2177 1822 C.
2207 1787 2389 1833 Marium,
2419 1792 2481 1840 qui

1443 1840 1568 1928 il'epties
1604 1837 1739 1876 Consul
1776 1838 1844 1876 fuit
1867 1865 1877 1882 ‚
1915 1839 1953 1876 &
1991 1835 2036 1874 de
2061 1836 2214 1875 Cimbris
2239 1840 2480 1888 triumphavit.

1477 1903 1501 1927 D
1517 1902 1535 1927 E
1553 1902 1592 1928 M.

1473 1992 1477 1997 ⁵
1495 1951 1529 1987 7.
1560 1940 1709 1991 Syllae]
1738 1939 1835 1989 Sylla
1855 1947 2108 1989 cognomento
2130 1939 2226 1979 Felix
2246 1968 2258 1985 ‚
2285 1941 2392 1981 Marsi
2411 1942 2476 1981 hod

1440 1990 1497 2029 fiis
1520 2020 1532 2037 ‚
1559 1993 1597 2030 ὅ(
1619 1993 1747 2040 Pomp.
1769 1994 1905 2028 amicus
1925 2019 1935 2035 ,
1963 1993 2082 2028 immo
2105 1990 2266 2040 magister
2290 2005 2297 2029 :
2342 1995 2473 2042 primus

1445 2054 1492 2080 ex
1522 2043 1691 2081 omnibus
1718 2041 1917 2080 secundum
1961 2042 2172 2091 Appianum
2211 2043 2381 2082 inventus
2409 2043 2483 2089 est,

1443 2094 1506 2142 qui
1528 2095 1759 2141 tyrannidem
1782 2091 1981 2141 deponeret
2005 2120 2015 2137 ,
2053 2093 2259 2141 diceretque
2284 2094 2318 2132 se
2349 2106 2470 2133 eorum

1444 2155 1580 2193 poenas
1614 2145 1725 2182 subire
1758 2144 1848 2181 velle
1872 2171 1881 2187 ,
1920 2153 1988 2190 pro
2016 2144 2144 2193 quibus
2167 2144 2472 2184 condemnaretur.

1449 2196 1611 2234 Privatus
1627 2206 1778 2244 quoque
1789 2193 2008 2233 intuentibus
2027 2194 2164 2233 cunetis
2185 2206 2247 2244 per
2268 2196 2468 2234 forumam-

1448 2247 1606 2290 bularet‚
1635 2248 1673 2284 &
1696 2246 1852 2284 domum
1874 2244 2008 2292 absque
2027 2246 2153 2294 injuria
2171 2247 2309 2286 rediret.
2357 2246 2471 2285 Tanta

1445 2297 1709 2347 inspicientibus
1731 2308 1817 2334 euin
1842 2295 2018 2343 dignitatis
2040 2298 2237 2336 reverentia
2260 2325 2269 2341 ‚
2307 2299 2343 2336 &
2359 2304 2478 2334 metus

1447 2349 1562 2386 inerat
1583 2376 1593 2393 ,
1621 2357 1680 2385 aut
1703 2345 1856 2395 depositi
1879 2347 2038 2384 muneris
2059 2347 2179 2396 stupor
2202 2376 2212 2393 ‚
2246 2357 2307 2386 aut
2323 2346 2475 2385 inferen-

1450 2398 1516 2436 dae
1536 2410 1678 2447 poenae
1700 2397 1918 2435 verecundia
1932 2425 1945 2441 ,
1970 2406 2031 2435 aut
2046 2399 2112 2436 alia
2132 2398 2349 2446 benignitatis
2362 2399 2448 2436 ratio
2462 2424 2476 2442 ,

1449 2449 1547 2500 quafi
1568 2451 1612 2488 ad
1637 2450 1823 2487 utilitatem
1858 2447 2035 2497 publicam
2069 2449 2287 2486 conduceret
2310 2450 2478 2497 tyrannis.

1413 2482 1416 2531 l
1450 2500 1506 2538 10
1521 2513 1541 2538 ε
1556 2513 1596 2538 Μ.
1649 2500 1888 2538 Membranae
1911 2497 2028 2537 Sullae
2049 2499 2199 2538 scribunt
2222 2525 2234 2542 ,
2270 2506 2309 2534 ut
2328 2499 2390 2535 alia
2413 2498 2479 2535 Qe-

1414 2539 1418 2598 l
1452 2553 1598 2590 terrim-a
1624 2559 1866 2589 monumenta
1890 2577 1900 2593 ,
1928 2561 2005 2586 non
2028 2551 2146 2598 Syllae
2165 2576 2174 2591 ,

1416 2605 1418 2638 l
1451 2614 1557 2641 mnes
1582 2601 1673 2642 Edd.
1690 2600 1952 2652 praeferebant.
1976 2599 2048 2637 Adi
2058 2606 2179 2636 notata
2189 2595 2234 2632 ad
2243 2594 2372 2631 Sallust·
2392 2593 2477 2633 Cat.

342 2656 387 2695 ad
404 2668 517 2706 quem
539 2656 729 2695 auctorem
750 2657 850 2705 plura
876 2655 921 2693 de
945 2655 1013 2693 hac
1046 2651 1166 2702 Ellipsi
1190 2650 1386 2692 Particulae
1418 2662 1419 2689 1

2219 2547 2316 2594 quod
2346 2547 2402 2582 hic
2432 2556 2475 2582 o-

1454 2665 1494 2691 ca
1527 2682 1532 2689 .
1561 2653 1609 2691 V.
1638 2666 1674 2691 n.
1697 2656 1733 2690 6.

1497 2666 1540 2742 ἓ.
1570 2703 1758 2754 Pompeia]
1797 2690 2316 2752 Pompeius-Strabonpornpeii
2350 2693 2477 2741 Magni

1454 2763 1554 2803 pater
1575 2755 1640 2793 viri
1660 2754 1803 2793 illustres
1823 2778 1835 2796 ,
1871 2751 1910 2787 &
1928 2746 1985 2784 filii
2005 2750 2150 2799 Pampeyi
2173 2745 2300 2796 Magni
2321 2768 2331 2784 ‚
2365 2755 2477 2792 quem

1455 2806 1512 2843 hic
1534 2806 1652 2854 potius
1671 2799 1939 2849 intelligendum
1971 2794 2176 2847 arbitramur
2199 2818 2208 2832 ‚
2247 2794 2349 2830 tuere
2378 2806 2385 2830 :
2420 2797 2484 2843 qui

1457 2857 1632 2904 quoniam
1655 2853 1750 2903 apud
1775 2846 1998 2888 Plutarchum
2014 2867 2025 2883 ‚
2037 2843 2241 2889 Appianum
2256 2868 2265 2884 ,
2279 2842 2484 2890 Caesarem,

1459 2907 1625 2944 Dionem
1646 2931 1658 2947 ‚
1693 2914 1733 2939 ac
1755 2910 1848 2949 pene
1864 2897 2070 2946 innumeros
2088 2900 2336 2929 memorantur
2360 2907 2368 2930 :
2408 2895 2490 2934 satis

1456 2956 1629 2994 habemus
1649 2952 1823 2990 lectorem
1846 2940 2083 2982 admonuisse.
2110 2941 2214 2978 ΕΔΤ
2227 2954 2245 2978 Α
2261 2955 2299 2981 n.

1506 3016 1543 3051 9.
1570 2999 1756 3048 Urbana]
1785 2997 1836 3034 Ita
1852 2999 1958 3031 vocat
1975 2990 2143 3028 homines
2168 2990 2294 3036 fletos,
2320 2993 2488 3041 blandos,

1459 3055 1498 3093 &
1523 3051 1645 3090 callide
1667 3046 1895 3090 inservientes
1914 3042 2137 3091 temporibus
2150 3069 2160 3088 ,
2172 3045 2295 3092 procul
2313 3047 2491 3094 gravitatis

2350 3098 2387 3137 ὅ(
2405 3108 2494 3135 con-
