2616 3686
283 223 393 285 756

541 212 604 263 c,
666 202 1058 262 PL1N11
1125 195 1641 252 CAECILII
1705 192 2230 273 SECUND1

502 333 721 426 XLVI.
801 360 1132 423 XXXVIII.
1211 360 1659 416 PLINIUS
1734 354 2247 431 TRAJANO.

898 493 988 549 De
1017 484 1356 566 aquaeductu
1383 480 1885 542 Nicomedenfium.
2098 473 2106 478 ’

316 625 496 679 Monet
522 614 1116 692 Mcomedenfisfi·ustra
1140 611 1422 687 impendisse
1437 611 1713 688 plurimam
1720 615 1982 686 pecuniam
1995 615 2047 668 in
2060 608 2455 688 aquaedufium,

373 700 434 772 se
457 708 626 752 autem
653 690 893 766 invemffe
915 709 1011 766 qno
1033 690 1212 746 deduci
1233 689 1477 744 commode
1495 685 1676 763 poffet,
1690 686 1830 743 modo
1851 693 2032 743 mittat
2051 688 2352 764 aquilegem,
2369 688 2453 743 vel

389 772 741 829 architecfi‘um.
1088 795 1090 798 ·

319 932 336 960 ¹
425 926 478 981 N
505 918 920 996 aquaeduftum
933 917 1193 982 Domine,
1214 913 2040 986 Nicomedensesimpenderunt
2068 927 2084 948 ²
2116 913 2231 971 HS.
2257 914 2456 973 XXX.

427 995 801 1056 CCCXXIX.
839 997 934 1070 qui
960 993 1303 1065 imperfectus
1333 1029 1349 1055 ,
1398 990 1576 1045 adhuc
1616 989 1826 1045 relictus
1857 1007 1916 1043 ac
1958 991 2120 1045 etiam
2158 991 2455 1048 destrucius

319 1077 419 1132 est:
460 1075 637 1131 rursus
666 1074 721 1127 in
745 1072 908 1127 alium
931 1069 1154 1126 ductum
1176 1081 1397 1140 erogata
1423 1063 1798 1120 suntCC.hoc
1824 1081 2049 1138 quoque
2071 1064 2289 1129 reficio,
2307 1084 2457 1122 novo

317 1145 595 1225 impendio
635 1146 709 1203 est
747 1164 883 1220 opus
909 1184 925 1209 ‚
981 1157 1039 1201 ut
1077 1161 1272 1219 aquam
1307 1142 1562 1204 habeant,
1617 1143 1711 1214 qui
1749 1154 1951 1195 tantam
1990 1142 2278 1212 pecuniam
2320 1143 2459 1197 male

275 1227 695 1301 zperdiderunt.
771 1222 886 1294 Ipse
915 1223 1137 1292 perveni
1169 1219 1237 1274 ad
1284 1217 1497 1273 fontem
1536 1215 1876 1287 purissimum
1901 1252 1918 1278 ,
1975 1232 2044 1269 ex
2085 1233 2197 1288 quo
2240 1216 2456 1275 videtur

320 1321 457 1376 aqua
479 1300 680 1357 debere
708 1298 966 1371 perduci,
1009 1294 1140 1352 ficut
1168 1294 1324 1350 initio
1358 1305 1628 1352 tentatum
1656 1306 1768 1347 erat
1795 1329 1812 1354 ,
1856 1296 1871 1324 ³
1906 1304 2125 1344 arcuato
2151 1308 2349 1364 opere,
2388 1309 2457 1346 ne

319 1392 530 1433 tantum
555 1375 623 1431 ad
648 1375 800 1448 plana
831 1372 1058 1427 civitatis
1084 1370 1137 1426 &
1161 1369 1383 1425 humilia
1418 1368 1711 1439 perveniat.
1790 1365 2023 1421 Manent
2053 1366 2230 1422 adhuc
2255 1366 2458 1439 paucis-

317 1452 432 1509 fimi
457 1470 640 1514 arcus,
681 1448 898 1520 possunt
925 1446 980 1501 δε
1006 1447 1139 1518 erigi
1162 1443 1385 1518 quidam
1417 1441 1592 1513 lapide
1622 1441 1920 1514 quadram,
1963 1442 2151 1513 quiex
2178 1442 2454 1514 superiore

318 1547 484 1601 opere
509 1524 776 1582 detraaePtus
798 1522 888 1578 est.
931 1523 1104 1595 aliqua
1131 1539 1280 1594 pars,
1320 1532 1378 1573 ut
1406 1517 1539 1574 mihi
1568 1518 1811 1577 videtur,
1841 1515 2074 1570 testaceo
2104 1534 2273 1588 opere
2302 1534 2460 1589 agen-

279 1623 298 1674 3
322 1605 388 1661 da
412 1605 529 1660 erit.

378 1789 409 1817 1.
439 1782 480 1814 1n
491 1763 1089 1825 aquaeduestum..impenderunt]
1117 1766 1171 1805 Ita
1189 1767 1363 1805 recentio-

322 1840 377 1868 res
401 1828 478 1867 libri
501 1838 586 1865 cum
607 1824 793 1861 Catanaeo
826 1821 865 1858 ὅ(
888 1819 1056 1867 Gryphio
1076 1831 1086 1856 z
1126 1818 1267 1856 Contra
1298 1819 1362 1856 Al·

324 1881 390 1918 dus
403 1908 414 1925 ,
441 1879 548 1926 Junta
563 1904 575 1922 ,
600 1873 807 1913 Schurerius
828 1889 848 1917 ,·
869 1869 1126 1913 Casaubonus‚
1154 1868 1212 1906 Cl.
1233 1869 1361 1907 Minos

320 1932 359 1970 in
378 1931 479 1969 sexto
497 1928 576 1967 casu
598 1924 817 1977 aquaeductu
839 1950 850 1967 ,
887 1920 991 1971 quod
1007 1920 1124 1969 piacet
1146 1947 1157 1964 ,
1197 1920 1236 1958 &
1258 1919 1283 1958 fi
1303 1920 1360 1958 illa

320 1982 432 2021 lefflo
449 1980 654 2021 sustineatur
676 1974 784 2024 Epist.
808 1971 912 2011 LIII.
940 1972 1099 2009 duodena
1124 1970 1186 2017 ista
1218 1976 1361 2021 Byzan-

324 2034 404 2077 tiis,
432 2045 518 2083 quae
538 2030 587 2067 ad
601 2024 834 2076 salutandum
855 2038 909 2062 me
930 2025 969 2061 in
986 2023 1149 2071 legatum
1170 2021 1361 2070 impende·

324 2084 466 2123 bantur.
517 2082 644 2120 Solent
671 2086 797 2116 tamen
838 2076 949 2113 etiam
982 2083 1122 2112 veteres
1149 2072 1359 2122 frequenter

324 2135 511 2183 posteriori
541 2131 659 2169 modo
688 2128 823 2177 loqui,
860 2123 1108 2181 quodjnepti
1136 2123 1292 2162 editores
1311 2136 1356 2161 ex

324 2187 475 2234 ingenio
512 2183 576 2221 suo
613 2178 850 2219 refluxerunt.
884 2176 940 2215 Sic
976 2174 1068 2212 infra
1100 2173 1210 2222 Epist,
1234 2175 1358 2213 LXV.

325 2238 438 2285 princ.
497 2233 599 2273 Ouid
631 2232 669 2270 in
697 2228 888 2280 personam
909 2238 1024 2264 earum
1038 2224 1266 2272 statuendum
1284 2226 1360 2275 fit,

324 2295 408 2326 ante
427 2273 692 2333 nos'legebatur
712 2310 723 2326 ,
759 2280 820 2317 ubi
846 2290 893 2316 ex
924 2277 1086 2314 Voffian.
1110 2277 1206 2314 MSt.
1229 2279 1267 2315 δί
1290 2276 1360 2315 Ed.

326 2339 486 2388 principe
509 2335 721 2374 restituimus
740 2331 775 2369 in
792 2329 932 2382 persona
950 2335 1018 2365 cet.
1046 2327 1103 2365 Sic
1123 2328 1233 2375 vulgo
1244 2329 1282 2366 in
1294 2328 1358 2366 Li·

327 2391 392 2429 vio
420 2390 501 2427 Lib.
518 2387 566 2425 11.
587 2397 665 2434 cap.
686 2382 803 2421 XXII.
830 2379 985 2419 Hernicis
1011 2378 1049 2416 in
1066 2378 1277 2417 societatem
1300 2392 1361 2416 ar-

326 2454 462 2479 morum
490 2437 675 2488 adsumtis.
710 2433 807 2471 Cod.
844 2431 1051 2470 Senatorius
1074 2456 1086 2474 ,
1123 2438 1236 2479 quem
1256 2430 1358 2479 supra

320 2493 399 2541 jam
411 2490 635 2529 laudavimus
652 2516 663 2531 ,
680 2487 718 2524 &
730 2481 1207 2525 ConsultiffimiGaertneri,
1219 2491 1330 2529 quem
1347 2509 1358 2526 ,

325 2553 366 2582 ut
385 2543 434 2581 est
450 2540 723 2580 humaniffimus
745 2563 756 2581 ,
795 2534 898 2573 nobis
920 2533 1022 2571 facile
1045 2533 1359 2576 communicavit,

325 2596 362 2635 in
389 2594 550 2632 societate
580 2599 649 2629 cet.
682 2585 879 2637 quomodo
903 2584 1016 2622 statim
1052 2583 1216 2631 sequenti
1243 2584 1359 2632 capite

327 2646 439 2686 iidem
463 2658 471 2682 :
503 2643 540 2693 se
566 2643 602 2680 in
628 2641 713 2678 foro
738 2636 877 2688 projecit
897 2651 908 2681 ;
946 2633 1059 2683 vulgo
1087 2634 1124 2673 in
1145 2636 1267 2680 forum
1291 2643 1360 2673 cet.

329 2699 456 2746 Quam
476 2694 661 2732 obscuram
680 2688 900 2738 diligentiam
928 2686 1133 2724 nostrorum
1161 2685 1357 2724 hominum

328 2750 404 2787 (atis
425 2746 555 2784 refellit
577 2772 588 2789 ‚
623 2755 665 2780 ac
687 2739 889 2790 promiscue
909 2735 1165 2787 praepositioni
1186 2737 1224 2775 in
1243 2736 1358 2786 adpo-

329 2811 415 2838 nere
436 2799 474 2835 ὅ(
494 2803 661 2845 quartum
684 2794 722 2831 δε
742 2791 884 2829 sextum
906 2789 1027 2827 casum
1051 2787 1171 2826 multis
1184 2787 1362 2837 exemplis

331 2853 390 2888 vel
409 2859 524 2896 nuper
552 2846 678 2884 docuit
706 2842 765 2880 Cl.
793 2841 1035 2889 Cannegieter
1059 2839 1098 2877 in
1126 2837 1360 2878 eruditiffimo

332 2899 635 2938 Commentario,
664 2905 778 2944 quem
802 2893 949 2931 Aviano
968 2891 1033 2929 suo
1052 2890 1257 2940 subjunxit,
1282 2900 1361 2938 cap.

335 2951 434 2987 xix.
464 2947 569 2985 Adde
600 2948 651 2984 V.
676 2946 721 2983 C.
745 2944 941 2981 Burmann.
961 2941 1006 2980 ad
1027 2940 1175 2980 Phaedr.
1206 2941 1285 2980 Lib.
1308 2941 1360 2979 V.

331 3001 417 3041 Fab.
437 2997 464 3035 l.
493 3010 545 3035 vs.
569 3010 626 3046 ις.
655 2997 692 3033 &
710 2995 862 3032 Ducker
891 2993 936 3031 de
959 2993 1103 3032 Latinit.
1129 2991 1217 3032 Vet.
1244 2992 1359 3039 JCto-

334 3062 416 3092 mm
437 3058 616 3096 pepi.
645 3047 970 3083 Lousouus.

606 1601 667 1656 Id
697 1601 843 1655 enim
871 1604 891 1634 ⁴
913 1599 965 1653 &
989 1595 1194 1652 facilius
1218 1633 1234 1660 ,
1278 1596 1330 1650 δε
1359 1593 1529 1648 νὶΙίυε.

1608 1591 1681 1648 Et
1707 1592 1945 1663 inprimis
1972 1590 2321 1649 neceffarium
2353 1591 2455 1678 etl,-

2316 1680 2460 1722 m1tt1

1429 1762 1536 1800 millia
1558 1787 1568 1806 ‚
1606 1767 1816 1798 trecentena
1841 1758 1906 1798 IX.
1942 1770 2027 1798 nam
2061 1760 2211 1800 auctore
2239 1759 2386 1807 Probo,
2413 1762 2450 1800 X
2458 1789 2469 1802 0

1428 1813 1604 1862 lignatum
1626 1823 1712 1849 cum
1744 1812 1878 1860 virgula
1907 1812 2062 1860 inperius
2089 1815 2193 1862 plana
2213 1840 2224 1858 ,
2256 1812 2352 1861 apud
2373 1814 2462 1850 anti-

1428 1875 1522 1914 quos
1543 1863 1673 1901 decem
1695 1862 1805 1900 millia
1829 1860 2056 1911 significabat.
2083 1864 2115 1901 C
2129 1876 2152 1901 Α
2166 1876 2190 1901 τ
2205 1875 2278 1901 AN.
2315 1865 2461 1904 Gruteri

1430 1915 1496 1954 Ed.
1517 1914 1709 1965 sestmium
1733 1913 1880 1961 triginta
1898 1912 2012 1951 millia
2029 1923 2223 1953 trecentena
2238 1927 2376 1953 novem.
2392 1915 2462 1953 Pe-

1429 1967 1585 2005 rizonius
1606 1976 1672 2014 pro
1699 1965 1817 2003 XXX.
1847 1964 2060 2011 conjiciebat
2088 1964 2207 2004 tricies.
2230 1964 2357 2005 Postea
2386 1966 2461 2003 Ca-

1427 2018 1576 2055 sauboni
1599 2017 1637 2054 &
1662 2015 1716 2052 Cl.
1735 2015 1873 2054 Minois
1902 2014 1972 2053 Ed.
1998 2016 2037 2054 in
2054 2016 2216 2065 margine
2237 2027 2303 2067 pro
2324 2016 2461 2055 reliam

1426 2066 1671 2118 exprefferunt
1691 2066 1836 2115 divisus.

1479 2131 1513 2167 3.
1543 2124 1702 2155 Arcuato
1724 2116 1852 2167 opere]
1892 2117 2039 2166 Duplici
2060 2117 2201 2156 ratione
2218 2117 2462 2168 perducebam·

1426 2176 1484 2207 tur
1503 2181 1617 2219 aquae
1641 2168 1721 2206 rivis
1741 2167 1950 2206 structilibus
1969 2182 1978 2207 ε
2019 2168 2076 2206 vel
2088 2167 2211 2218 subter
2233 2196 2244 2215 ,
2271 2170 2328 2208 vel
2349 2169 2457 2218 supra

1428 2231 1574 2262 terram.
1625 2219 1749 2258 Subur
1771 2235 1783 2256 .-
1823 2215 1918 2256 foffo
1946 2220 2053 2269 specu
2072 2246 2082 2263 ,
2118 2219 2242 2269 ibique
2262 2220 2321 2259 vel
2339 2217 2453 2257 exciso

1426 2273 1560 2317 canali,
1589 2271 1614 2309 fi
1633 2269 1766 2318 tophus
1789 2269 1875 2308 effet
1896 2283 1906 2312 ;
1935 2271 1996 2308 vel
2015 2270 2202 2318 parietibus
2220 2270 2351 2309 [itucio
2368 2279 2453 2305 cum

1424 2333 1590 2367 camera,
1620 2321 1645 2360 fi
1663 2329 1844 2360 terrenum
1870 2323 1908 2358 ὅ(
1929 2322 2134 2360 arenosum.
2184 2327 2292 2372 Supra
2308 2330 2452 2362 terram„

1427 2374 1485 2412 vel
1496 2373 1764 2424 substrublione,
1793 2372 1851 2409 vel
1870 2373 2067 2410 arcuatione
2089 2399 2101 2417 ,
2127 2372 2202 2411 five
2219 2379 2358 2408 arcuato
2383 2377 2454 2418 ope-

1426 2439 1470 2462 re.
1500 2425 1763 2472 substrueziones
1785 2421 1917 2460 fiebant
1935 2424 2011 2471 pilis
2025 2450 2035 2467 ,
2047 2423 2267 2461 arcuationes
2285 2418 2454 2465 arcubus,

1426 2475 1523 2514 unde
1544 2487 1684 2514 nomen
1705 2502 1716 2518 ,
1744 2474 1869 2512 erectis
1888 2501 1899 2519 ‚
1926 2473 2053 2521 quibus
2071 2472 2348 2521 imponebantur
2372 2471 2454 2509 rivi.

1429 2527 1530 2577 Lege
1548 2528 1565 2574 J
1570 2527 1683 2565 ulium
1696 2525 1909 2564 Frontinum
1924 2524 2170 2567 Praefatione,
2190 2522 2320 2559 &toto
2331 2519 2410 2557 Lib.
2424 2521 2454 2560 I.

1427 2578 1473 2616 de
1509 2576 1790 2626 aquaeductibus
1813 2589 1821 2614 :
1869 2576 1958 2613 item
1996 2573 2201 2611 Vitruvium
2237 2569 2317 2608 Lib.
2345 2569 2453 2610 VIII.

1427 2641 1504 2678 cap.
1538 2629 1627 2666 Vll.
1673 2629 1712 2666 δε
1748 2625 1941 2665 Palladium
1973 2623 2052 2662 Lib.
2081 2621 2147 2660 IX.
2173 2621 2218 2659 de
2253 2631 2291 2658 re
2326 2620 2451 2660 rustica

1427 2681 1504 2718 Tit.
1526 2680 1592 2717 XI.
1618 2679 1879 2717 Euenum.

1481 2744 1516 2778 4.
1545 2734 1592 2769 Et
1604 2728 1771 2777 facilius,
1797 2737 1840 2766 &¹
1858 2723 2000 2772 vilius]
2029 2719 2069 2759 Id
2089 2719 2160 2776 est.
2184 2719 2328 2759 minore
2352 2721 2451 2762 sum-

1427 2788 1500 2830 ptu.
1554 2780 1638 2819 Ald.
1662 2787 1784 2817 tamen
1802 2778 1886 2824 legit
1906 2803 1917 2818 ,
1953 2771 2085 2810 utilius.
2121 2770 2190 2808 Vde
2209 2771 2247 2809 ὅ(
2268 2772 2350 2811 utile
2370 2786 2449 2812 non

1428 2844 1508 2871 raro
1527 2842 1548 2870 a
1567 2830 1705 2870 librariis
1722 2837 1906 2877 perperam
1933 2823 2012 2861 sunt
2040 2822 2132 2860 inter
2160 2821 2193 2859 se
2213 2832 2454 2864 commutata.

1429 2883 1606 2931 Exempla
1632 2881 1729 2930 plura
1756 2875 1852 2926 apud
1882 2874 2031 2911 criticos
2066 2871 2174 2910 nostri
2203 2874 2240 2910 ὅ(
2267 2875 2454 2924 superioris

1426 2935 1506 2972 aevi
1525 2934 1607 2970 iicet
1628 2930 1810 2968 observare
1829 2953 1839 2969 ‚
1878 2925 1917 2962 &
1951 2923 2023 2960 hoc
2050 2933 2201 2973 quoque
2217 2924 2282 2963 illis
2310 2925 2453 2966 addere.

1427 2986 1460 3023 R
1475 2997 1487 3020 x
1501 2995 1528 3020 T
1543 2995 1563 3019 τ
1577 2995 1597 3019 ε
1611 2992 1633 3019 n
1648 2992 1700 3018 sn
1713 2990 1736 3015 u
1752 2992 1781 3015 s.
1809 2974 1989 3024 Equidem
2013 2975 2132 3012 nescio
2146 3002 2155 3019 ‚
2182 2985 2259 3023 quo
2281 2979 2450 3027 exemplo

1427 3033 1640 3072 Aldinarum
1672 3025 1918 3068 Rittershuiius
1949 3025 2027 3063 usus
2056 3023 2108 3062 fit.
2158 3025 2220 3064 Ad
2243 3037 2372 3066 manus
2402 3028 2451 3067 est

381 3115 416 3140 2.
443 3097 520 3136 HS.
556 3097 672 3135 XXX.
706 3094 980 3142 cccxxix]
1017 3093 1177 3134 Sestertia
1213 3092 1355 3140 triginta
1426 3092 1579 3133 utraque
1601 3077 1789 3129 an.1508.
1822 3077 1860 3115 ὃ(
1895 3075 2006 3125 1518.
2042 3087 2164 3126 neque
2194 3085 2320 3118 tamen
2345 3080 2452 3124 vola,

2381 3141 2448 3190 §lec
