2616 3686
336 207 427 262 342
603 176 2296 245 (LPLINIICAECILHSECUNDI

229 298 285 342 16
338 274 485 326 Ante
508 274 779 342 porticum
807 281 818 303 ¹
846 267 1023 340 xystus
1050 265 1291 322 concisus
1316 265 1370 319 in
1395 259 1645 334 plurimas
1669 256 1895 330 species,
1933 260 2318 334 distinstusque
2348 259 2365 283 ⁸
2391 261 2490 320 bu:

339 362 440 400 xo:
483 343 729 399 demissus
765 343 891 397 inde
917 381 931 405 ,
970 355 1283 413 pronusque
1309 339 1323 365 ³
1351 334 1598 409 pulvinus
1631 369 1648 394 ‚
1684 331 1774 385 cui
1800 330 2083 388 bestiarum
2111 333 2325 406 effigies
2353 335 2488 391 invi-

342 434 461 472 cem
499 416 741 471 adversas
780 416 952 471 buxus
995 413 1269 486 inscripsit.
1345 417 1363 442 ⁴
1403 406 1680 463 Acanthus
1717 405 1772 458 in
1810 405 1971 484 plano
2006 407 2177 486 mollis
2209 445 2226 470 ‚
2267 407 2321 462 &
2349 426 2489 479 pene

233 501 292 551 17
347 491 577 544 dixerim
617 489 870 558 liquidus
950 487 1139 542 Ambit
1177 487 1320 539 hunc
1360 496 1373 522 ⁵
1416 479 1710 535 ambulatio
1739 517 1754 540 ,
1804 475 2001 560 ‘pressis
2047 495 2300 549 varieque
2330 484 2491 536 tonsis

342 559 360 615 f’
386 561 642 619 viridibus
674 561 892 618 inclusa:
930 560 995 614 ab
1023 560 1101 612 his
1127 557 1351 628 gestatio
1379 551 1393 578 ⁷
1421 555 1476 608 in
1506 551 1740 608 modum
1767 552 1896 605 circi
1919 588 1935 614 ,
1973 566 2110 623 quae
2139 548 2339 607 buxum
2355 556 2491 608 mul-

345 776 391 815 In
430 774 628 825 exemplari
660 772 805 812 vetusto
836 782 916 808 non
947 769 995 808 est
1026 777 1069 811 ο·
1089 778 1148 818 pro
1173 766 1274 805 modo
1294 766 1377 823 lon-

342 840 453 877 gam,
483 826 540 864 sed
578 837 622 865 ω’
648 822 892 875 prominulam
917 850 927 866 ,
966 831 1007 859 ut
1041 822 1202 872 porticus
1230 818 1287 856 illa
1319 817 1382 855 ali-

347 878 569 926 quantulum
605 878 841 924 promineret.
885 873 1079 911 Cirrata.
1122 871 1247 919 Vulgo
1271 876 1349 907 erat
1373 881 1381 905 ε

346 928 387 965 in
411 928 580 977 porticum
624 926 768 971 latam,
801 936 845 965 (9⁹
885 934 943 972 pro
975 925 1077 961 modo
1111 922 1280 970 longam,
1309 921 1385 958 satis

347 978 549 1017 infeliciter.
588 977 751 1027 Reposui
782 988 826 1015 ex
858 976 947 1014 Vct.
982 974 1079 1012 Cod.
1114 973 1315 1016 Catanaei,
1346 972 1384 1009 ὃς

346 1029 589 1076 integerrimo
600 1029 778 1066 Mediceo
801 1024 1055 1077 prominulam.
1085 1024 1255 1061 Verbum
1267 1022 1385 1071 ipsum

349 1080 464 1118 exstat
494 1079 593 1130 apud
628 1079 909 1127 Hieronymum
936 1105 946 1120 ,
980 1076 1175 1119 Solinum,
1207 1073 1388 1122 Capitoli-

350 1141 442 1169 num
468 1132 505 1168 δί
528 1131 640 1175 alios,
666 1131 716 1168 uti
738 1128 913 1167 eminutus
927 1127 1025 1176 apud
1037 1127 1248 1164 Varronem
1265 1153 1274 1169 ,
1303 1124 1390 1162 Pru-

352 1179 521 1219 dentium
555 1184 592 1220 &
624 1182 837 1231 Apuleium.
880 1177 976 1216 infra
1010 1191 1044 1216 n.
1073 1179 1128 1216 26.
1164 1175 1220 1226 sol
1259 1174 1411 1226 praesta

352 1230 414 1279 est:
449 1235 637 1281 prominet
657 1233 763 1270 enim.
796 1232 950 1269 Conni.

410 1307 425 1332 1
459 1294 597 1343 Xystus.
618 1292 633 1342 l
674 1294 800 1331 Locus
823 1289 984 1329 consitus
1005 1288 1191 1326 arboribus
1216 1288 1254 1325 in
1278 1287 1390 1335 pluri-

352 1356 432 1384 mas
454 1346 609 1395 species,
637 1357 716 1382 non
739 1343 953 1382 animalium
983 1339 1103 1377 modo
1118 1369 1127 1384 ‚
1155 1339 1217 1377 sed
1235 1340 1389 1377 navium

353 1397 394 1434 ὃ(
417 1397 567 1434 aliarum
590 1407 712 1433 rerum
737 1393 919 1434 distindtus
950 1390 1199 1441 concisusque.
1230 1389 1390 1427 Carnu.

354 1446 469 1484 Conf.
504 1448 675 1484 Gronov.
711 1446 757 1484 ad
781 1447 907 1484 Senec.
946 1443 1024 1480 Lib.
1059 1441 1125 1478 III.
1160 1441 1204 1479 de
1227 1439 1284 1477 Ira
1310 1453 1388 1490 cap.

355 1496 460 1535 XIX.
481 1500 519 1536 &
541 1511 636 1548 quae
658 1499 759 1548 supra
783 1497 942 1535 diximus
964 1493 1011 1532 ad
1034 1492 1144 1544 Epist.
1166 1491 1291 1530 XVII.
1307 1492 1390 1530 Lib.

357 1547 406 1588 II.
430 1561 464 1586 n.
492 1561 547 1597 17.
580 1550 738 1588 VEENH.

405 1621 427 1645 2
459 1607 604 1657 Buxo.]
644 1612 767 1646 Buxus
802 1605 1058 1655 magnitudine
1099 1616 1179 1643 non
1224 1605 1391 1652 excellit,

357 1659 451 1697 folio
484 1668 611 1707 myrto
646 1659 802 1697 furulis:
851 1658 1006 1696 nascitur
1047 1656 1247 1695 secundum
1287 1656 1393 1695 The-

358 1710 568 1759 ophrastum
585 1738 595 1754 ,
620 1710 709 1748 Iocis
730 1709 930 1757 algentibus
945 1737 954 1754 ‚
983 1717 1094 1757 atque
1106 1708 1246 1757 asperis.
1272 1708 1393 1746 Plinio

360 1762 512 1800 auetore
535 1770 636 1800 amat
661 1760 787 1809 frigida
812 1761 849 1797 ὃ(
873 1761 1018 1808 aprica:
1047 1761 1183 1807 quippe
1207 1759 1394 1808 Olympus

361 1812 629 1851 Macedonicus
660 1812 807 1860 frigidus
843 1809 891 1848 est
915 1839 925 1855 ,
975 1811 1013 1846 ὃ(
1045 1810 1083 1846 in
1126 1821 1172 1847 eo
1215 1811 1394 1858 gignitur:

361 1866 526 1902 maxima
562 1872 687 1902 autem
726 1862 1041 1912 pulcherrimaque
1080 1861 1117 1898 in
1147 1859 1295 1897 Corsica
1324 1861 1395 1907 est,

360 1925 515 1963 procera
545 1918 644 1953 enim
675 1914 746 1958 est,
786 1911 1092 1960 craffitudineque
1125 1913 1252 1949 cerens
1285 1912 1397 1961 longe

363 1965 610 2014 praestantior.
641 1966 796 2003 Cina.
826 1963 1016 2001 Mcdiceus
1042 1975 1050 1999 :
1079 1959 1208 2010 Xystus
1230 1962 1268 1999 in
1281 1963 1399 2012 pluri-

365 2029 444 2053 mas
462 2018 583 2067 species
607 2015 790 2063 distimflus
806 2015 1025 2064 concisusque
1046 2011 1138 2050 buxo
1157 2041 1167 2057 ,
1187 2013 1291 2062 quod
1306 2014 1399 2052 forte

366 2067 513 2106 mollius
543 2067 590 2105 est
621 2068 785 2116 vulgato.
817 2066 946 2103 Oxon.
980 2066 1018 2103 ὃ(
1052 2062 1157 2101 Voss.
1181 2064 1329 2115 concisus
1360 2066 1399 2103 in

362 2117 537 2183 plurimas
553 2118 701 2168 species,
730 2117 910 2162 distinfflus
935 2116 1039 2154 buxo.
1282 2126 1285 2129 ’

423 2197 442 2234 3
473 2184 695 2234 Pulvinus.]
727 2184 796 2222 Sed
816 2183 948 2222 mollis.
988 2181 1113 2220 Fiebat
1134 2189 1260 2219 autem
1279 2182 1402 2232 pulvi—

367 2248 437 2272 nus
461 2247 506 2272 ex
528 2244 621 2273 terra
647 2237 809 2273 tumulus
831 2264 840 2280 ,
879 2233 953 2271 five
973 2233 1060 2271 saxo
1083 2262 1094 2278 ‚
1124 2233 1182 2271 vel
1206 2242 1399 2280 ramento,

369 2286 430 2323 vel
454 2287 600 2336 pluma,
629 2294 690 2324 aut
713 2295 887 2324 tomento
902 2314 912 2330 ,
939 2284 1128 2333 postremis
1141 2284 1210 2321 tela
1224 2284 1284 2321 vel
1295 2286 1398 2323 corio

369 2336 592 2376 circumsitis.
622 2338 723 2376 Nam
757 2337 878 2373 Varro
901 2338 939 2374 in
963 2347 1000 2373 re
1021 2335 1149 2372 rustica
1172 2334 1312 2379 scribit,
1336 2347 1400 2373 ne-

369 2386 464 2427 cesse
496 2388 573 2427 fieri
601 2389 767 2439 pulvinos
799 2389 838 2426 in
867 2387 1056 2424 violariis:
1087 2388 1126 2425 ὅ(
1148 2385 1325 2423 Palladius
1345 2387 1401 2424 in-

371 2441 452 2490 quit
478 2468 488 2484 ‚
517 2441 624 2479 caulis
653 2441 753 2478 clivis
775 2437 974 2476 delcetatur
999 2466 1009 2482 ,
1038 2439 1076 2476 ὅ(
1098 2436 1183 2475 ideo
1204 2437 1402 2485 ponendae

374 2493 455 2528 sunt
479 2491 620 2541 plantae
643 2503 705 2541 per
733 2490 898 2539 pulvinos
923 2520 932 2535 ,
960 2489 995 2527 id
1019 2488 1067 2526 est
1101 2489 1306 2526 eminentes
1344 2496 1403 2527 tu-

375 2543 495 2579 mulos
515 2554 690 2580 arearum.
717 2542 924 2579 Columella
948 2541 1028 2577 Lib.
1051 2539 1136 2576 XII.
1152 2539 1312 2581 pulvinis
1334 2551 1403 2588 po-

377 2590 465 2630 sitae
486 2593 553 2630 allii
578 2593 691 2642 spicae
714 2594 836 2630 minus
861 2591 1348 2640 infestanturhiemisaquis:
1364 2593 1402 2629 &

376 2642 445 2681 VI.
468 2655 535 2693 pro
557 2645 801 2682 eminentiore
824 2654 922 2693 parte
943 2653 1111 2680 arearum
1136 2655 1144 2679 :
1175 2642 1210 2679 in
1235 2641 1263 2678 I.
1286 2653 1377 2679 vero
1392 2672 1403 2688 ,

375 2706 445 2743 pro
468 2695 706 2732 instrumento
722 2723 732 2739 ,
762 2705 838 2743 quo
862 2696 1041 2743 parietum
1066 2694 1103 2730 ὅ(
1128 2692 1191 2730 soli
1209 2692 1404 2742 june'turae

376 2744 582 2784 fibulantur.
620 2746 855 2795 Tranquillus
877 2745 991 2783 scribit
1005 2744 1154 2793 pulvino
1179 2744 1317 2792 injeeto
1339 2744 1405 2792 spi-

380 2799 487 2833 ritum
531 2798 686 2834 Tiberio
721 2796 962 2834 interclusum.
1020 2796 1142 2843 Hujus
1179 2794 1404 2833 diminutivo

379 2847 528 2894 pulvillo
561 2860 627 2894 pro
659 2848 757 2885 lecto
791 2850 829 2885 &
863 2847 1029 2885 cervicali
1073 2850 1183 2883 utitur
1217 2847 1405 2896 ApulejuS.

387 2896 538 2949 Canu.
568 2898 664 2933 infra
684 2910 751 2945 pro
774 2897 892 2947 effigies
913 2899 1063 2935 invicem
1084 2898 1257 2948 adversas
1282 2926 1293 2942 ,
1322 2898 1406 2936 Mc-

389 2949 509 2986 dlccus
525 2972 534 2987 ‚
561 2946 703 2983 adversa
723 2948 835 2984 buxus
858 2948 1038 2998 inscripsit.

2338 624 2494 681 tisor-

1442 765 1536 802 Duo
1565 772 1699 809 genera
1732 764 1810 813 ejus
1842 762 1922 800 sunt
1944 791 1953 807 ‚
1993 763 2200 802 aculeatum
2237 763 2275 802 ὃ(
2300 762 2487 813 crispum.

1450 812 1553 864 quod
1576 813 1721 851 brevius
1745 827 1752 851 :
1794 814 1947 851 alterum
1966 813 2049 851 lene
2074 843 2084 858 ‚
2113 813 2217 864 quod
2241 815 2352 863 aliqui
2367 816 2493 864 pedae-

1456 876 1536 953 rxi'm
1570 872 1708 901 vocant
1735 891 1747 909 ‚
1774 864 1831 903 alii
1861 864 2171 915 melamphyllum.
2198 865 2334 904 Plinius
2355 866 2490 904 senior.

1503 924 1620 953 uun.

1510 992 1527 1029 5
1559 978 1815 1028 Ambulatio]
1848 982 1972 1018 Locus
2004 982 2051 1020 ad
2082 983 2310 1032 spatiandum
2335 964 2498 1022 consti-*u-

1461 1029 1539 1069 &us
1555 1061 1566 1076 ‚
1595 1031 1658 1081 qui
1683 1059 1694 1075 ,
1721 1031 1866 1077 Juliano
1886 1031 2054 1069 tradente
2070 1060 2080 1076 ‚
2106 1034 2291 1072 arboribus
2314 1034 2499 1072 infoecun-

1460 1080 1512 1120 dis
1538 1081 1614 1120 fere
1642 1081 1871 1120 vestiebatur.
1901 1082 2000 1119 Nam
2023 1082 2059 1119 ff.
2082 1082 2327 1133 VII.inquit·.
2356 1086 2499 1132 siforte

1461 1131 1728 1184 voluptuarium
1743 1135 1861 1181 fuerit
1881 1133 2067 1179 praedium
2082 1161 2092 1176 ,
2124 1134 2257 1170 viridia
2273 1163 2284 1179 ,
2314 1136 2371 1172 vel
2389 1135 2500 1184 gesta-

1462 1184 1571 1222 tiones
1588 1213 1599 1230 ,
1626 1182 1684 1221 vel
1711 1183 2014 1221 deambulationes
2039 1212 2049 1226 ‚
2067 1183 2254 1221 arboribus
2276 1186 2500 1235 infrul‘buosis

1461 1244 1607 1284 opacas,
1634 1246 1741 1284 atque
1764 1248 1930 1273 amoenas
1955 1234 2086 1272 habens
2102 1264 2112 1279 ,
2137 1248 2205 1271 non
2229 1235 2327 1272 debet
2348 1235 2501 1282 dejicere.

1466 1286 1674 1325 Columella
1698 1287 1789 1324 libro
1811 1288 1957 1337 primo:
1988 1285 2263 1324 Ambulationes
2278 1287 2501 1326 meridionali

1463 1336 1711 1387 aequinoc'liali
1729 1337 1901 1386 subiecl‘ae
1917 1335 1994 1386 fint
2010 1365 2019 1381 ,
2048 1347 2086 1373 ut
2111 1347 2156 1375 <y
2175 1336 2286 1374 hieme
2305 1337 2503 1386 plurimum

1451 1388 1539 1437 solis
1555 1418 1565 1432 ,
1593 1399 1637 1428 v·
1657 1387 1787 1435 aestate
1812 1390 2004 1426 minimum
2027 1387 2206 1437 recipiant.
2251 1388 2504 1438 Ampliffimas

1465 1440 1503 1478 ὅ(
1528 1439 1766 1478 ornatissimas
1785 1439 2048 1477 ambulationes
2067 1439 2128 1476 sub
2142 1437 2205 1476 dio
2218 1439 2388 1477 collocari
2401 1451 2505 1487 prae-

1465 1492 1550 1539 cipit
1579 1490 1772 1529 Vitruvius
1798 1519 1808 1536 ,
1859 1494 1897 1529 &
1934 1488 2092 1527 modum
2131 1490 2209 1526 Lib.
2249 1490 2298 1527 V.
2339 1492 2508 1541 explicat.

1465 1543 1600 1580 Didiae
1622 1541 1701 1579 sunt
1724 1540 1825 1592 quasi
1848 1541 2076 1579 circuitiones.
2115 1540 2274 1578 Canu.

1515 1593 1539 1629 6
1571 1591 1786 1642 viridibus]
1821 1592 2020 1630 Arboribus
2047 1592 2188 1640 semper
2211 1592 2421 1630 virentibus.
2450 1595 2506 1632 vi.

1464 1644 1559 1682 ridia
1584 1655 1669 1681 cum
1695 1655 1763 1693 pro
1786 1643 1973 1692 adjectivo
1995 1644 2223 1692 acc³pmntur
2248 1672 2258 1688 ,
2296 1645 2502 1692 genitivum

1466 1697 1504 1733 in
1527 1696 1602 1733 ium
1628 1694 1792 1740 faciunt,
1821 1704 1860 1732 ut
1884 1694 2059 1732 viridium
2069 1704 2280 1743 pratorum.-
2311 1704 2398 1733 cum
2416 1708 2504 1735 vero
2528 1722 2530 1724 v

1466 1746 1577 1795 ipsam
1600 1747 1672 1784 Ioci
1696 1746 1917 1785 viriditatem
1943 1744 2141 1794 significare
2163 1747 2339 1783 volumus
2364 1774 2374 1790 ,
2412 1747 2504 1784 viri-

1467 1799 1606 1835 diorum
1652 1797 1806 1836 dicimus
1829 1826 1841 1844 ,
1887 1805 1927 1834 ut
1949 1797 2109 1843 formosa
2135 1796 2246 1843 facies
2279 1795 2503 1837 viridiorum.

1467 1848 1681 1886 Macrobius
1706 1849 1788 1886 Lib.
1814 1849 1842 1886 1.
1879 1847 1934 1886 In
1952 1860 2024 1885 EM.
2067 1847 2243 1885 Viridibus
2266 1847 2287 1884 i.
2318 1848 2502 1889 viridariis.

1468 1900 1621 1938 Banu.
1663 1901 1719 1938 Sic
1754 1899 1846 1937 infra
1870 1911 1905 1936 n.
1932 1899 1990 1949 38.
2015 1900 2052 1937 &
2072 1895 2131 1944 ao.
2162 1898 2260 1936 Vide
2285 1897 2504 1948 Interpretes

1470 1952 1508 1989 &
1544 1951 1708 1988 maxime
1742 1951 1796 1989 CI.
1832 1951 2033 1988 Burmann.
2054 1961 2197 1998 nupero
2219 1949 2501 1990 Commentario

1469 2001 1515 2041 ad
1535 1999 1689 2041 Phaedr.
1715 2002 1798 2040 Lib.
1823 2001 1872 2040 II.
1894 2000 1981 2038 Fab.
2003 2001 2052 2039 V.
2075 2010 2127 2038 vs.
2149 2012 2203 2048 14.

1526 2128 1805 2169 Perambulante
1828 2127 1924 2166 laeta
1949 2127 2090 2166 domino
2112 2127 2250 2167 viridia.

1473 2251 1585 2293 atque
1620 2242 1818 2282 Heinsium
1852 2241 1963 2293 Epist.
2000 2240 2101 2280 XIX.
2124 2242 2170 2280 ad
2195 2239 2366 2280 Scheffer.
2386 2236 2503 2276 Tom.

1475 2296 1525 2332 V.
1550 2295 1688 2344 Syuog.
1711 2295 1836 2332 Burm.

1528 2357 1545 2392 7
1581 2352 1622 2382 In
1635 2346 1778 2383 modum
1794 2345 1917 2395 circi]
1935 2344 1996 2382 Ad
2007 2342 2282 2382 similitudmem
2296 2343 2333 2380 &
2344 2340 2501 2377 formam

1476 2396 1592 2442 Circi,
1622 2399 1684 2447 qui
1713 2405 1788 2435 erat
1821 2398 1923 2434 locus
1951 2396 2051 2445 spatii
2084 2395 2235 2444 oblongi
2256 2391 2373 2444 muris.
2386 2388 2502 2442 septus

1478 2446 1565 2485 hinc
1600 2447 1685 2486 inde
1722 2448 1908 2487 exstructis
1930 2446 2096 2494 gradibus
2121 2460 2130 2484 ·.
2170 2448 2207 2484 in
2229 2444 2497 2496 ejus-PrfflCJPIO

1479 2509 1640 2537 carceres
1664 2501 1703 2538 ὃς
1725 2509 1824 2538 meta
1848 2528 1859 2545 ‚
1886 2497 1986 2536 unde
2011 2496 2113 2546 signo
2134 2497 2218 2534 dato
2243 2485 2494 2545 emittebantur

1479 2552 1563 2599 equi
1588 2578 1598 2594 ,
1628 2553 1691 2600 qui
1714 2579 1723 2595 ‚
1751 2563 1839 2589 cum
1861 2548 1909 2587 ad
1930 2549 2114 2586 summum
2136 2535 2369 2594 pervenissent
2391 2561 2401 2577 »
2430 2543 2500 2589 Cll-

1479 2600 1638 2638 cumaeti
1670 2610 1809 2640 metam
1834 2631 1845 2647 ,
1882 2599 2124 2639 ,recurrebant
2150 2591 2193 2628 ad
2224 2595 2409 2639 PUOYCmp
2437 2584 2497 2621 th

1479 2659 1553 2689 erat
1583 2651 1666 2690 finis
1695 2652 1824 2690 cursus.
1877 2651 2021 2687 Circum
2051 2644 2247 2683 maximum
2271 2634 2496 2691 Tarquinaus

1477 2703 1569 2741 inter
1594 2704 1825 2741 Aventinum
1847 2703 1885 2739 ὃ(
1907 2698 2115 2737 Pallantium
2138 2687 2305 2744 exstruxit
2321 2713 2331 2728 ‚
2359 2697 2393 2722 1¹1
2420 2685 2499 2722 lon-

1478 2754 1682 2801 gitudinem
1705 2756 1817 2792 trium
1839 2748 2031 2788 stadiorum
2054 2770 2066 2786 ,
2091 2742 2126 2777 in
2149 2735 2376 2792 latitudinem
2408 2747 2497 2774 vero

1479 2815 1638 2852 quatuor
1657 2806 1827 2854 jugerum
1842 2829 1852 2845 ,
1875 2792 2055 2841 Dionyt‘lo
2081 2790 2159 2846 Lib.
2185 2787 2250 2825 ΙΙΙ.
2272 2794 2412 2844 iturum
2438 2798 2500 2823 an-

1480 2857 1690 2905 tiquitatum
1720 2853 1922 2890 referente,
1951 2844 2007 2881 ubi
2028 2842 2130 2879 latfflS
2155 2842 2191 2878 ὃ(
2206 2840 2336 2895 ὶΠζῖὶῑΙΞ
2352 2866 2362 2882 ,
2391 2848 2503 2894 §Nam

1481 2907 1630 2956 usquam
1657 2904 1808 2942 videi-im
1824 2928 1833 2944 ,
1859 2894 1949 2933 Circi
1971 2892 2087 2930 forma
2112 2890 2327 2929 describitur.
2381 2889 2502 2928 l‘riora

1481 2955 1697 3004 sumpsimus
1719 2962 1763 2989 ex
1791 2950 1923 2988 Livio,
1952 2943 2122 2981 Varrone
2147 2944 2183 2981 ὅ(
2210 2942 2396 2988 juvenale.
2428 2940 2502 2977 CA·

441 3016 463 3048 4
496 3003 720 3050 Acantion]
755 3006 939 3041 Acanthus
963 3008 1009 3044 cst
1035 3010 1187 3057 topiaria
1211 3009 1249 3046 ὃ(
1269 3008 1404 3046 urbana
1441 3023 1444 3050 l
1485 3015 1578 3043 τΑΝ.
1619 3004 1678 3040 De
1711 2997 1901 3045 Gestariane
1940 2995 2024 3033 vide
2052 2995 2132 3034 Lib.
2160 2994 2184 3031 l.
2213 2995 2242 3031 L
2274 2992 2320 3030 ist.
2348 2991 2412 3032 III.
2436 2988 2503 3048 Lib

389 3053 522 3097 herba,
551 3055 644 3090 elam
677 3054 865 3101 longoque
897 3055 986 3091 folio
1012 3085 1021 3099 ‚
1049 3059 1250 3107 crepidines
1274 3058 1406 3105 margi·
1441 3057 1445 3088 l
1481 3054 1527 3091 ΙΙ.
1552 3052 1657 3101 Epist.
1682 3049 1801 3086 xvll.
1834 3050 1987 3087 BAn’rH.
2017 3047 2190 3085 Gronov.
2213 3056 2232 3082 a
2283 3039 2501 3084 Senec.le·

390 3115 484 3144 num
506 3103 848 3153 adsurgentiumque
870 3105 1105 3153 pulvinorum
1127 3118 1229 3148 toros
1243 3108 1404 3148 vestiens.

1481 3103 1547 3142 111.
1571 3102 1615 3142 de
1637 3099 1767 3141 Benef.
1792 3111 1870 3151 cap.
1893 3097 1999 3137 XVI.
2406 3154 2423 3186 ι
2450 3143 2498 3180 ε’
