2616 3686
819 191 1689 250 FABRICIUS

152 322 470 385 Tertullianus,
506 321 742 386 Eusebius,
778 322 953 382 Orosius
976 319 1030 371 δέ’
1067 319 1234 379 reliqui.
1307 314 1471 361 Verum
1505 322 1554 358 ut
1583 313 1697 373 longe
1728 312 1887 377 diversi
1924 321 2167 382 argumenti
2199 318 2354 367 librum

141 395 403 457 singularem
422 391 594 451 reliquis
626 390 906 435 adnumerare
919 382 1092 445 frustra
1122 383 1265 428 duxit.
1334 380 1463 424 Nam
1491 378 1602 438 quod
1624 381 1691 424 ait
1721 380 1969 427 Catanaeus
1991 421 2003 441 ‚
2043 386 2263 433 Sidonium
2284 386 2356 445 fui

143 460 278 519 fieculi
299 458 532 505 eruditione
555 463 794 501 contentum
815 449 985 512 faiffe,
1019 461 1091 494 nec
1118 447 1258 493 Plinii
1278 445 1435 492 librum
1464 443 1653 504 habuiffi.⁷
1675 455 1795 490 intra
1827 450 2022 492 armaria
2066 443 2357 498 Bibliothecae

144 525 255 587 suae
275 564 288 584 ,
325 524 398 570 hoc
425 519 720 582 ineptiffimum
750 516 839 578 est;
868 515 1021 577 pafflrn
1043 514 1153 559 enim
1181 513 1374 573 Plinium
1394 511 1626 568 imitatur,
1661 520 1711 555 ut
1735 520 1932 558 notatum
1961 511 2018 573 est
2046 512 2134 572 fitis
2160 518 2260 564 locis
2282 532 2357 564 ac-

156 601 323 638 curate.
396 586 648 651 Vignolius
684 583 951 631 Marvillius
989 578 1124 627 Misc.
1164 577 1288 626 Hist.
1330 576 1547 623 Litterar.
1588 576 1728 622 Tom.
1764 579 1847 624 III.
1886 595 1931 640 p.
1973 594 2077 640 197.
2124 581 2189 626 Le
2217 582 2356 630 dixie-

159 671 224 703 me
249 658 359 703 livre
382 654 452 700 des
479 653 652 712 Epitres
671 651 728 696 du
751 651 890 711 Jeune
916 647 1043 694 Pline
1073 643 1130 703 est
1159 646 1195 691 le
1215 641 1316 703 chef
1339 641 1529 688 d'oeuvre
1550 640 1599 686 de
1617 656 1659 687 ce
1679 643 1820 704 grand
1849 641 2023 690 homme.
2095 645 2169 693 Ses
2211 657 2358 694 autres

159 725 307 770 lettres
328 731 400 766 ont
424 719 472 766 de
496 716 678 781 grand-es
710 716 920 771 bemtez,
956 710 1011 764 ἐξ
1033 711 1104 756 des
1136 723 1349 773 agremens
1369 709 1597 769 stnguliers
1617 720 1724 767 pour
1756 708 1813 753 les
1838 722 1964 769 gens,
2002 712 2074 772 qui
2109 714 2269 758 aiment
2303 716 2360 759 les

160 789 286 834 belles
310 788 486 844 lettres,
520 784 629 830 mais
650 782 830 827 celles-ci
853 779 926 842 qai
956 776 1182 839 regardent
1210 776 1246 821 le
1280 772 1489 833 ministere
1511 811 1524 832 ‚
1561 773 1664 836 sont
1700 775 2027 834 incomparables
2051 808 2066 835 ‚
2098 777 2356 838 principale-

162 864 279 900 ment
301 851 446 915 quand
464 852 558 895 elles
589 847 633 903 se
663 855 870 893 trouvent
905 844 1224 906 accompagne'es
1276 841 1346 886 des
1387 838 1575 901 repenses
1594 840 1643 884 cle
1677 837 1843 893 Trajan
1867 877 1878 897 ‚
1919 844 1992 901 qui
2012 844 2105 888 leur
2137 855 2361 903 apportent

164 934 224 964 un
244 918 390 982 grand
413 914 555 975 lustro.
625 912 807 974 Jamais
835 914 927 958 rien
952 926 1001 956 ne
1024 911 1108 954 m'a
1127 907 1225 970 fait
1249 909 1390 952 mieux
1404 907 1618 952 concevoir
1637 921 1678 952 ce
1707 921 1783 967 que
1805 905 1861 951 les
1883 905 2092 953 Romaim
2112 911 2361 969 appelloient

167 984 456 1045 Imperatoria
478 980 699 1038 brevitas,
734 993 812 1040 que
835 993 896 1023 ces
916 974 1105 1038 repenses
1113 978 1156 1035 st
1183 974 1333 1019 breves
1367 971 1421 1023 &
1441 974 1483 1032 st
1495 971 1636 1033 sages.
1705 972 1755 1018 Si
1787 973 1844 1017 les
1873 987 2003 1034 ponrs
2030 971 2183 1035 esprits
2201 976 2252 1034 se
2278 991 2361 1022 me.

165 1052 272 1096 loint
301 1049 478 1094 d'e'crire
492 1079 507 1105 ,
542 1047 597 1093 ils
616 1044 881 1091 n’e'criroient
905 1055 988 1102 pas
1013 1048 1270 1087 antremeiit.
1343 1035 1448 1097 C'est
1470 1038 1514 1082 la
1535 1038 1570 1082 le
1584 1038 1685 1096 plus
1705 1035 1815 1082 haut
1832 1041 1952 1098 point
1972 1038 2021 1083 de
2041 1039 2084 1084 la
2109 1039 2362 1101 perfefflon.

169 1114 308 1162 Plinii
332 1113 602 1161 imitatione
625 1109 933 1174 Symmachus
967 1123 1153 1170 quoque
1179 1105 1294 1153 libro
1322 1103 1508 1150 decimo
1544 1101 1858 1164 Epistolarum
1888 1103 1986 1151 suas
2018 1104 2075 1151 ad
2106 1107 2362 1168 Imperato-

168 1196 241 1228 res
277 1178 598 1226 Theodosium
624 1214 636 1234 ‚
689 1175 968 1222 Gratianum
1003 1170 1054 1219 <Se
1089 1169 1484 1219 Valentinianum
1517 1167 1746 1230 Epistolas
1782 1167 1872 1215 fuit
1916 1170 2200 1232 complexus.
2271 1172 2362 1219 Pli-

168 1245 236 1292 nii
272 1243 468 1307 epistola
507 1243 564 1290 de
608 1239 878 1288 Christianis
917 1239 975 1286 ad
1013 1238 1274 1301 'I'rajanum
1316 1237 1652 1295 Imperatorem
1682 1232 1852 1295 scripta
1891 1249 2014 1281 anno
2051 1235 2247 1299 Trajani
2281 1251 2363 1285 no-

171 1326 259 1369 no,
297 1322 413 1358 vota
436 1307 707 1356 decennalia
733 1304 1076 1368 praecedente,
1115 1318 1224 1349 cum
1250 1299 1422 1347 Plinius
1454 1297 1709 1361 Bithyniae
1746 1314 1831 1360 pro
1874 1300 2098 1347 Praetore
2138 1300 2363 1363 praeesset

173 1392 198 1423 a
223 1375 331 1424 XV.
373 1374 468 1421 Cal.
508 1372 701 1421 Octobr.
735 1370 843 1418 anni
867 1368 1022 1416 oetavi
1055 1366 1264 1431 Trajani.
1334 1364 1463 1412 Vide
1497 1365 1621 1410 Sam.
1664 1363 1810 1411 Petiti
1842 1363 2112 1412 Diatribam
2145 1366 2204 1414 de
2242 1369 2362 1430 Jure

171 1440 443 1503 Principum
476 1437 638 1487 editus
675 1435 910 1484 Ecclesiae
937 1433 1144 1497 quaesito
1167 1449 1210 1494 p.
1248 1446 1325 1490 40.
1365 1431 1496 1477 Idem
1528 1444 1572 1491 p.
1615 1443 1690 1490 37.
1725 1429 1940 1477 observat
1969 1430 2184 1492 epistolas
2209 1448 2364 1480 amoe-

174 1508 312 1554 baeas
337 1503 553 1552 Plinii&
586 1502 783 1566 Trajani
820 1501 1061 1548 collotatas
1100 1497 1188 1546 esse
1227 1495 1476 1558 temporiS‚
1516 1510 1609 1556 quo
1625 1508 1842 1542 exaratae
1876 1494 2004 1554 sunt,
2043 1497 2221 1544 ordine.
2271 1497 2367 1546 Sed

175 1572 301 1620 illam
325 1571 382 1618 de
417 1568 687 1618 Christianis
714 1566 956 1629 estipolam
979 1564 1221 1612 noviffime
1246 1560 1563 1609 illustrandam
1587 1560 1635 1607 in
1656 1559 1699 1607 se
1734 1559 1929 1623 suscepit
1958 1560 2110 1624 Justus
2145 1562 2365 1610 Hennin-

177 1655 261 1703 gus
292 1636 575 1692 Bo'hmerus,
614 1635 758 1697 JCtus
781 1630 1038 1689 Hallenlis,
1077 1629 1125 1676 in
1158 1625 1571 1675 Differtationibus
1597 1625 1718 1688 Juris
1745 1624 2058 1672 Ecclefiastiei
2089 1627 2271 1689 antiqui
2309 1628 2367 1675 ad

177 1703 381 1751 Plinium
405 1700 675 1748 Secundum
698 1697 749 1746 δε
772 1698 1034 1760 'Trajanum
1059 1694 1244 1757 Lipsiae
1274 1708 1356 1754 171
1373 1708 1411 1739 1.
1454 1700 1494 1745 8.
1543 1692 1621 1738 De
1645 1690 1721 1737 illa
1748 1690 1962 1738 conferes
1989 1691 2153 1749 etiam,
2194 1693 2273 1740 ubi
2298 1694 2368 1740 lu-

180 1770 347 1827 bebit‚
394 1765 708 1815 Vilicentium
738 1760 1120 1811 Bellovacensem
1158 1758 1345 1822 Speculi
1377 1757 1617 1804 Historial.
1657 1755 1712 1802 X.
1753 1758 1826 1802 66.
1866 1754 1917 1803 &
1957 1757 2053 1818 Jac.
2100 1758 2367 1806 Pontanum

178 1835 318 1884 VIII.
361 1836 435 1880 16.
473 1830 756 1879 Philocaliae
791 1845 835 1891 p.
877 1835 987 1886 298.
1024 1826 1113 1888 seq.
1154 1823 1380 1871 'I'imanni
1423 1821 1614 1870 Geffelii
1652 1819 1775 1868 Hist.
1822 1819 2132 1869 Ecclesiastic.
2171 1839 2216 1884 p.
2247 1838 2364 1885 -137,

180 1901 274 1964 seq.
313 1897 363 1947 &
385 1898 515 1947 binas
539 1899 612 1961 JO·
648 1895 851 1942 Heni-ici
877 1891 1038 1940 Albini
1063 1889 1425 1939 Dissertationes
1451 1926 1463 1947 ‚
1500 1887 1647 1935 editas
1679 1886 2009 1949 Wittebergae
2046 1891 2184 1948 1693.
2233 1889 2368 1936 Simi-

183 1968 235 2015 lis
262 1964 524 2029 argumenti
549 1960 805 2024 Epistolam
833 1957 1106 2014 Tiberiani,
1144 1953 1431 2003 Palaestinae
1461 1953 1639 2015 primae
1663 1950 1893 2014 praefeffi
1916 1952 1974 1999 ad
2003 1953 2222 2000 eumdem
2255 1954 2372 2002 Tra-

179 2033 343 2097 janum
364 2028 507 2076 refert
535 2030 606 2092 Jo.
647 2026 822 2073 Malala
851 2024 1067 2071 Chronic.
1107 2018 1297 2070 Histor.⁴
1325 2036 1368 2083 p.
1411 2022 1518 2081 356.
1557 2017 1786 2065 Meminit
1811 2015 1860 2064 &
1884 2019 2086 2080 Joannes
2112 2019 2372 2067 Antioche-

187 2114 272 2145 nus
310 2096 357 2142 in
394 2093 643 2156 Excerptis
685 2091 878 2139 Peiresc.
917 2106 960 2152 p.
1002 2097 1108 2143 818.
1147 2087 1434 2150 Apologiam
1467 2084 1695 2146 Alphonfi
1737 2082 1977 2130 Ciacconii
2008 2099 2094 2145 pro
2129 2083 2283 2131 fabula
2314 2085 2373 2132 de

187 2163 399 2225 Trajano
425 2176 505 2222 per
528 2174 690 2221 preces
720 2156 937 2220 Gregorii
965 2156 998 2201 I.
1037 2155 1189 2217 Papae
1225 2153 1273 2199 in
1309 2152 1459 2200 vitam
1490 2161 1716 2197 revocato
1751 2149 1872 2195 ridet
1901 2147 1955 2194 Is.
1993 2148 2290 2196 Casaubonus
2325 2151 2376 2198 in

189 2226 550 2275 Casaubonianis
594 2225 638 2270 P.
680 2224 738 2270 II.
778 2220 939 2268 Exstat
973 2221 1088 2268 haec
1121 2219 1276 2266 sabula
1312 2217 1455 2265 etiam
1492 2214 1614 2283 apud
1648 2216 1719 2276 Jo.
1749 2212 2144 2260 Sarisberiensem
2177 2215 2377 2264 Policra-

192 2292 276 2342 tici
298 2292 362 2339 V.
405 2300 445 2346 8.
495 2288 544 2337 ἃ
570 2288 886 2337 Vincentium
910 2286 1085 2333 Bellov.
1123 2283 1311 2346 Speculi
1350 2279 1476 2329 Hist.
1522 2280 1576 2326 X.
1619 2284 1692 2333 68.
1730 2278 1997 2340 exploditur
2035 2296 2060 2326 a
2094 2278 2293 2328 Tostato
2328 2282 2378 2329 in

191 2375 235 2418 4.
277 2359 396 2420 Reg.
432 2371 475 2416 4.
516 2355 607 2423 Qu.
646 2369 722 2414 57.
760 2352 976 2413 Theoph.
1017 2350 1286 2414 Raynaudo
1304 2349 1445 2395 Tom.
1484 2345 1592 2392 XV.
1633 2345 1756 2406 Opp.
1793 2360 1837 2406 p.
1875 2359 1985 2403 429.
2023 2345 2250 2409 Pompejo
2275 2348 2382 2394 Sar-.

193 2423 302 2470 nelli
334 2423 381 2468 in
407 2420 624 2483 Epistoiis
650 2416 982 2465 Eccleliasticis
1016 2416 1180 2463 Italicc
1213 2413 1349 2461 editis
1376 2410 1583 2473 Neapoli
1609 2413 1749 2463 1680.
1787 2425 1831 2468 4.
1871 2408 2079 2471 Epistola
2104 2411 2373 2459 XXXVIII.

194 2487 462 2536 Raimundo
499 2485 771 2548 Capisuchio
807 2484 1022 2530 Romano
1057 2481 1105 2528 in
1142 2478 1478 2527 Controverliis
1512 2475 1819 2536 Theologicis
1854 2491 1900 2536 p.
1938 2489 2047 2534 244.
2098 2475 2189 2538 seq.
2237 2478 2374 2523 Rom.

206 2558 340 2613 1670.
381 2552 458 2599 fol.
497 2552 894 2611 Nic-„Commio
934 2545 1219 2609 Papadopoli
1257 2545 1305 2590 in
1337 2545 1551 2590 Praenot.
1590 2539 1934 2604 Mystagogicis
1966 2556 2012 2601 p.
2054 2544 2127 2600 36.
2168 2541 2259 2603 seq.
2295 2543 2376 2588 Pa—

202 2632 294 2665 tsv.
341 2623 475 2678 1679.
515 2616 594 2663 fol.
623 2613 888 2662 &apaullo
914 2611 1133 2659 Preusero
1166 2609 1279 2657 Diss'.
1316 2610 1374 2655 cle
1409 2608 1616 2670 Trajano
1650 2607 1766 2666 Imp.
1801 2605 2013 2665 precibus
2048 2605 2266 2667 Gregorii
2304 2605 2378 2652 M.

201 2699 258 2730 cx
285 2683 467 2729 inferno
502 2683 694 2729 liberato
719 2678 899 2741 Lipsiae
930 2692 1067 2737 1710.
1103 2691 1149 2734 4.
1187 2675 1413 2721 Codicem
1447 2671 1725 2719 Mediceum
1761 2668 2075 2731 Epistolarum
2109 2671 2246 2716 Plinii
2280 2671 2378 2716 lau*

203 2748 283 2794 dat
309 2747 533 2794 Nicolaus
559 2744 776 2793 Heinsius
809 2743 856 2790 in
885 2742 1029 2789 Notis
1063 2741 1117 2788 ad
1154 2740 1402 2787 Valerium
1437 2739 1652 2784 Flaccum
1687 2751 1730 2797 p.
1773 2739 1879 2796 316.
1918 2732 1968 2781 ἃ
2007 2750 2068 2781 ex
2102 2734 2378 2782 membranis

205 2812 486 2859 Florentinis
522 2812 578 2858 ad
611 2810 869 2858 editionem
906 2808 1126 2855 Aldinam
1167 2806 1405 2866 complura
1450 2819 1546 2850 non
1587 2800 1772 2862 insuper
1808 2800 2022 2847 habenda
2067 2798 2299 2846 adnotaffe
2336 2800 2379 2847 se

205 2875 397 2924 testatur
431 2877 476 2922 in
501 2875 703 2937 EpIstola
741 2875 797 2921 ad
828 2876 897 2936 Jo.
939 2873 1058 2920 Frid.
1100 2871 1397 2918 Gronovium
1431 2869 1538 2915 data
1564 2882 1634 2913 an.
1681 2870 1817 2923 1669.
1857 2865 1905 2911 in
1940 2863 2128 2925 Sylloge
2158 2865 2381 2911 Burman-

207 2943 344 2989 nimi
377 2942 512 2987 Tum.
554 2942 631 2987 [ll.
673 2958 713 3002 p.
753 2946 859 2999 538.
900 2937 949 2986 &
974 2937 1233 2999 manipular
1266 2934 1647 2983 observmonum
1687 2931 1742 2977 acl
1776 2928 1912 2975 Plinii
1950 2926 2178 2988 Epistol-as
2212 2929 2383 2978 habere

166 3010 168 3013 ’
204 3007 249 3055 se
278 3006 430 3055 scribit
469 3022 510 3066 p.
551 3009 659 3064 535.
701 3003 892 3064 insignis
919 3020 1106 3064 quoque
1139 3001 1313 3048 codicis
1343 3000 1446 3045 MS.
1487 2996 1668 3043 mentio
1705 2993 1835 3043 obvii
1865 2993 1915 3040 in
1954 2992 2246 3042 Bibliotheca
2283 2996 2386 3043 Ho-

208 3074 511 3123 hendorriana
544 3070 592 3117 in
628 3071 711 3115 III.
758 3067 971 3130 Catalogi
1001 3070 1099 3129 ejus
1130 3065 1450 3114 Bibliothecae
1473 3079 1518 3126 p.
1559 3074 1667 3120 235.
