2616 3686
776 59 803 73 X

529 151 1653 232 LlssERV1.EPISTOLA
1721 170 1806 232 vg
2143 209 2239 262 405

129 266 421 345 per-afluat,
457 259 543 314 cui
571 252 816 327 potuisset
843 268 1143 307 occurrere.
1185 253 1491 333 ¹juventius
1522 253 1742 322 quidem
1772 256 1959 311 Celsus
1988 257 2238 330 Praetor,
2285 288 2321 338 4

128 354 374 412 tanquam
407 330 807 389 emendatorem
836 324 1088 386 Senatus,
1132 324 1186 376 δε
1213 324 1424 385 mult1s,
1463 323 1479 341 ²
1506 323 1559 376 &
1588 325 1930 380 vehementer
1955 330 2237 401 increpuit.

126 407 426 480 Respondit
465 405 645 473 Nepos
670 437 685 461 ‚
732 395 1016 466 rursusque
1058 395 1242 449 Celsus
1269 412 1280 447 :
1323 409 1513 449 neuter
1540 397 1876 451 contumeliis
1905 406 2239 471 temperavit.

123 464 267 539 Nolo
292 478 520 538 referre,
557 462 691 546 qua'e
714 468 820 522 dici
846 467 908 520 ab
932 466 1048 536 ipsis
1074 465 1088 490 ³
1114 466 1332 520 moleste
1361 468 1472 521 tuli.
1539 466 1668 539 Quo
1697 470 1861 538 magis
1893 471 1908 496 ⁴
1929 474 2189 539 quosdam
2213 495 2243 532 e
2289 483 2319 531 5

123 569 350 611 numero
373 549 553 605 nostro
580 539 874 612 improbavi
900 577 914 602 ,
952 539 1044 610 qui
1072 538 1238 592 modo
1264 539 1329 592 ad
1354 539 1601 600 Celsum,
1641 540 1808 594 modo
1839 541 1905 594 ad
1940 543 2243 614 Nepotem,

125 638 283 699 prout
321 625 407 678 hic
444 620 525 674 vel
565 618 650 671 ille
694 611 941 673 diceret,
995 610 1288 679 cupiditate
1325 611 1575 666 audiendi
1608 611 1925 667 cursitabant
1950 652 1966 676 ,
2017 615 2072 668 &
2099 635 2243 675 nunc

127 696 268 771 quali
294 680 670 754 stimularent,⁵
696 683 750 738 &
778 682 1178 748 accenderent,
1206 701 1350 739 nunc
1375 685 1517 756 quasi
1544 686 1979 750 reconciliarent,
2018 706 2247 763 compo-

128 905 247 946 Geleb.
277 903 470 942 Burmann.
499 899 545 937 ad
574 897 726 937 Pha'edr.
761 898 845 938 Lib.
875 898 904 937 Ι.
924 895 1010 935 Fab.
1032 895 1137 935 XIII.

126 967 178 1006 ys.
201 968 255 994 10.
283 954 451 991 Lucanus
475 950 554 988 Lib.
577 948 623 986 X.
646 960 697 986 vs.
718 961 802 999 429.

219 1072 288 1086 ...-
316 1053 433 1101 visum
448 1049 603 1099 famulis
625 1050 819 1100 reparabile
842 1051 1043 1098 damnum,

165 1105 281 1146 'Illam
301 1103 483 1143 maflandi
505 1101 687 1140 dimittere
711 1103 870 1152 Caesaris
892 1103 1035 1141 horam.

170 1219 187 1247 1
217 1207 410 1253 Jubentius
442 1202 560 1250 Celsus
590 1211 742 1252 praetor.
766 1202 781 1252 ]
832 1204 1010 1254 Ulpianus
1028 1204 1066 1242 ff.
1088 1203 1138 1244 V.

118 1257 230 1308 pridie
258 1258 341 1296 Idus
370 1256 522 1294 Martias
551 1282 559 1295 .
604 1256 656 1302 §L
685 1254 813 1298 Julius
848 1254 1004 1301 Balbus,
1031 1257 1070 1294 ὃς
1095 1261 1137 1294 Ρ.

115 1308 306 1355 Jubentius
329 1307 447 1357 Celsus
473 1303 572 1343 Coff.
596 1305 704 1342 verba
729 1304 849 1343 fecere
872 1305 918 1343 de
939 1307 1014 1351 his,
1041 1318 1137 1356 quae

116 1358 209 1408 Imp.
239 1359 366 1397 Caesar
390 1357 570 1394 Adrianus
592 1354 744 1401 Traiani
765 1356 919 1394 Parthici
940 1356 1031 1394 filius
1054 1368 1140 1405 pro-

27 1450 36 1455 ,
116 1409 378 1459 poluitsldem
412 1407 492 1444 Lib.
525 1405 562 1442 ff.
586 1405 804 1442 XXXVIII.
827 1405 872 1443 de
893 1409 1012 1454 operis
1033 1408 1138 1446 liber-

115 1467 240 1498 torum
260 1459 376 1497 scribit
410 1456 627 1500 Jubentium
663 1455 803 1501 Celsum
840 1455 943 1494 fuifle
973 1455 1137 1503 JCtum:

66 1517 72 1522 ’
116 1508 166 1548 fic
186 1509 416 1558 Pomponius
439 1508 483 1544 de
502 1506 588 1553 juris
611 1505 750 1551 origine
771 1504 884 1553 Celsos
907 1514 1047 1553 patrem
1061 1536 1070 1552 ,
1100 1511 1140 1546 δε
1178 1498 1182 1526 l

117 1559 234 1598 filiurn
278 1556 551 1606 Jurisconsultos
598 1553 703 1590 tradit
727 1581 736 1596 ‚
776 1556 815 1591 ὅ(
861 1554 1055 1594 Marcellus
1103 1556 1140 1596 ff,

120 1608 283 1648 XXXII.
305 1609 419 1646 filium
445 1605 644 1643 Consulem
669 1604 773 1650 ponit
797 1631 808 1648 ‚
837 1604 874 1640 &
898 1604 980 1641 Lib.
1004 1607 1141 1645 XXIX.

119 1669 219 1698 extat
239 1661 424 1698 Plotianac
445 1655 591 1705 epistola
609 1654 654 1690 ad
677 1651 890 1698 Jubentium
913 1655 1053 1704 Celsum
1069 1685 1079 1701 ‚
1103 1659 1142 1696 ὅ(

2033 778 2252 821 nerent·

1171 911 1180 982 ἲ
1220 891 1465 942 aedificaretur
1498 895 1562 933 via
1598 895 1775 935 Flaminia
1798 925 1809 943 ,
1847 899 1940 937 inter
1974 890 2168 940 miliariam
2189 903 2248 952 se-'

1179 1569 1181 1593 l

1223 946 1377 983 cundum
1400 957 1444 985 co·
1463 947 1609 984 tertium
1627 956 1729 996 parte
1753 948 1858 985 laeva
1874 977 1884 994 ,
1912 956 1999 998 Rogo
2024 953 2159 991 domine
2175 959 2248 991 Im-

1218 1005 1383 1045 perator,
1401 997 1632 1046 permittatur
1655 997 1743 1034 mihi
1765 999 1804 1035 in
1828 1000 1942 1036 eodem
1963 1000 2031 1037 loco
2043 1003 2081 1039 in
2093 1016 2252 1042 marmo-

1227 1060 1281 1083 reo
1307 1047 1518 1097 sartophago
1541 1076 1552 1092 ,
1590 1060 1690 1096 quem
1714 1047 1802 1085 mihi
1824 1050 1924 1086 modo
1945 1054 2149 1099 comparavi
2174 1083 2184 1098 ‚
2211 1067 2251 1092 ea

1225 1101 1364 1140 corpora
1396 1097 1544 1147 colligere
1568 1125 1578 1142 ‚
1613 1108 1653 1135 ut
1687 1099 1830 1148 quando
1859 1100 1920 1148 effe
1943 1098 2091 1148 destero,
2114 1105 2249 1150 pariter

1223 1159 1302 1184 cum
1335 1149 1381 1186 eis
1409 1157 1534 1199 ponar.
1574 1153 1767 1186 Decretum
1790 1148 1879 1197 fieri·
1904 1149 2030 1200 placet.
2056 1150 2252 1195 Jubenn'us

1219 1198 1341 1248 Celsus
1359 1198 1584 1249 promagister
1606 1199 1794 1249 subscripfi.
1832 1206 1901 1237 ΙΙΙ.
1929 1206 2021 1238 Non.
2052 1203 2250 1243 Novembr.

1221 1252 1334 1288 Antio
1371 1251 1522 1288 Pollione
1543 1255 1587 1288 <7²
1610 1250 1784 1300 Opimim'o
1808 1250 1894 1299 Coff.
1917 1251 2106 1290 ordinales
2128 1259 2251 1293 Severo

1217 1309 1260 1336 ca·
1283 1299 1499 1338 subinniano
1524 1299 1611 1348 Coss.
1643 1301 1676 1338 C
1699 1314 1721 1337 A
1737 1315 1759 1339 τ
1774 1314 1796 1337 Α
1812 1313 1849 1338 N.
1877 1301 2060 1346 lubentius
2084 1304 2253 1351 vulgares

1220 1348 1314 1387 Edd.
1340 1351 1391 1388 At
1415 1351 1546 1389 rectius
1568 1351 1685 1389 Aldus
1708 1353 1919 1397 Iuventius,
1949 1352 2053 1402 quod
2077 1353 2188 1392 exstat
2214 1356 2253 1394 in

1221 1399 1411 1439 Mediceo.
1459 1401 1654 1440 Adiudunt
1678 1403 1808 1452 reliqui
1832 1403 1955 1441 Codd.
1977 1405 2016 1441 in
2039 1404 2169 1453 quibus
2190 1414 2254 1444 aut

1225 1450 1429 1488 Viventium
1443 1481 1453 1496 ,
1482 1452 1587 1502 quod
1609 1453 1646 1489 in
1667 1451 1734 1490 Ed.
1761 1453 1846 1491 Vet.
1869 1454 1980 1491 etiam
2003 1454 2128 1492 haeret
2152 1483 2162 1499 ‚
2191 1464 2254 1495 aut

1225 1501 1382 1538 venienti
1415 1503 1513 1540 dum.
1550 1502 1631 1540 Pari
1663 1513 1784 1541 errore
1806 1503 1900 1540 infra
1923 1503 2032 1553 Epist.
2055 1504 2141 1542 XV.
2163 1517 2198 1543 n.
2217 1518 2255 1546 2.

1223 1549 1426 1588 Iabolenum
1451 1552 1608 1600 Priscum
1632 1553 1864 1601 scripserunt,
1890 1565 1957 1601 pro
1981 1554 2157 1593 Iavoleno.
2197 1556 2253 1595 Ita

1221 1612 1289 1649 pro
1316 1607 1447 1640 Haceo-
1469 1603 1577 1640 MSS.
1611 1602 1791 1641 ostentant
1825 1603 1966 1648 Habeo;
1996 1605 2118 1642 immo
2147 1611 2252 1645 Bene-

1219 1664 1294 1689 rem
1318 1680 1328 1696 ,
1367 1664 1434 1701 pro
1469 1658 1628 1691 Venerem
1654 1681 1665 1697 ‚
1702 1659 1831 1692 Rerum
1842 1676 1856 1698 -‚
1886 1665 1954 1702 pro
1979 1660 2104 1691 Verum
2126 1659 2250 1706 propi-

120 1711 286 1760 ejugdem
309 1709 354 1748 ad
374 1709 482 1746 mam,
509 1704 703 1750 Jubentius
726 1703 844 1753 Celsus
867 1715 950 1741 cum
964 1708 1140 1753 prioribus
1178 1701 1181 1734 l
1218 1709 1327 1747 nant,
1354 1703 1470 1751 qualia
1491 1703 1672 1752 quaedam
1695 1701 1940 1750 adscripsimus
1961 1703 2006 1741 ad
2019 1705 2154 1743 Sallust.
2168 1708 2249 1747 Cat.

120 1762 217 1799 urbis
250 1761 543 1809 conjurationem
576 1757 690 1793 iniens
713 1762 836 1791 contra
857 1755 1141 1803 Domitianum,
1178 1784 1180 1796 l

122 1809 284 1862 ideoque
315 1809 494 1848 accusatus
517 1835 526 1851 ,
564 1804 817 1843 admirabiliter
850 1806 977 1843 vitavit
1006 1809 1145 1856 pericu·
1177 1801 1180 1822 ³

122 1859 233 1898 lum:
271 1872 356 1898 nam
392 1871 477 1896 cum
512 1857 699 1904 injicerent
734 1855 766 1892 ei
798 1866 926 1894 manus
949 1883 960 1897 .
996 1857 1086 1896 dixit
1107 1860 1143 1898 se

1219 1763 1297 1840 &pi
1335 1752 1627 1840 ΧέξΧΨΙῘῖῑΥΪ
1652 1753 1756 1840 adde6
1785 1754 1911 1792 Celeb.
1959 1754 2159 1843 Bugma'nn.
2204 1759 2250 1799 ad

1218 1813 1599 1892 miaittitrtionsscceruciite
1632 1806 2006 1893 differitssfiigiitilsuii}
2036 1807 2251 1906 {iigillPCXt

154 1911 308 1949 uaedam
341 1910 478 1947 secreto
510 1907 603 1944 velle
636 1906 856 1944 Domitiano
889 1905 1030 1946 deferre
1052 1938 1062 1953 ‚
1104 1911 1143 1949 ὅς
1177 1915 1181 1954 1
1219 1902 1376 1942 Aeneid.
1400 1915 1449 1943 vs.
1471 1916 1554 1954 205.
1581 1909 1729 1943 Praetor
1751 1917 1829 1943 non
1850 1906 1980 1953 legitur
2001 1907 2035 1944 in
2055 1906 2244 1948 Vofliano.

144 1960 274 2008 uppl:x
309 1959 520 1996 Dominum
554 1957 753 2007 Deumque
786 1955 919 2004 saepius
941 1958 1142 2006 invocans,
1178 1955 1181 2002 i
1219 1952 1282 1991 DC
1319 1956 1540 1993 emendatore
1577 1955 1663 1994 Vide
1699 1965 1829 1995 notam
1867 1956 1913 1994 ad
1949 1956 2032 1994 Lib·
2060 1958 2107 1996 V.
2136 1959 2246 2009 Epist.

129 2010 247 2057 inquit
270 2022 279 2045 ε
321 2007 423 2045 Nihil
455 2007 526 2045 tale
556 2005 682 2056 ade'ss
701 2035 712 2052 ,
747 2020 873 2044 verum
890 2007 923 2056 fi
938 2008 1030 2047 mihi
1049 2010 1144 2047 dila·
1178 2008 1180 2022 ‘

129 2060 258 2096 tionem
278 2058 432 2096 dederis:
461 2070 607 2107 quorum
626 2058 793 2107 particeps
815 2070 883 2095 non
887 2060 970 2108 sum
985 2087 996 2104 ,
1023 2062 1141 2100 omnia
1179 2080 1181 2088 ι

127 2109 302 2157 explicabo
318 2138 327 2153 ‚
355 2107 546 2157 multosque
567 2107 792 2154 manifestabo
807 2136 818 2152 ‚
845 2121 885 2145 ac
907 2111 1115 2148 convincam
1130 2130 1141 2150 :

126 2158 213 2196 inde
234 2159 390 2197 dimissus
410 2158 548 2196 nullum
571 2157 729 2203 detexit,
756 2159 951 2208 aliquando
965 2161 1047 2199 alias
1059 2174 1144 2201 cau-

128 2207 179 2246 sas
208 2219 444 2256 praetexens,
488 2207 616 2246 distulit
648 2209 911 2248 confessionem
943 2223 1059 2260 usque
1105 2215 1144 2252 in

1219 2004 1323 2042 XXI.
1346 2018 1383 2044 n.
1403 2006 1438 2044 6.
1469 2006 1624 2044 CORTE.

1271 2061 1364 2094 2‘Et
1395 2058 1636 2096 vehementer
1667 2057 1884 2110 increpuit]
1920 2059 2175 2098 Veterrimus:
2204 2070 2249 2103 ο·

1190 2108 1198 2115 ”
1219 2106 1477 2146 vehementius
1499 2109 1675 2147 increuit.

1271 2169 1290 2207 3
1323 2159 1462 2206 Moleste
1485 2160 1564 2198 tuli.
1640 2161 1740 2198 Nam
1763 2171 1870 2210 aegre
1895 2168 1989 2205 erat,
2021 2162 2125 2211 quod
2147 2163 2247 2203 disci-

1222 2208 1359 2256 plinam
1388 2222 1495 2248 cur-ae
1528 2210 1726 2260 proderent
1750 2239 1760 2255 ,
1789 2213 1827 2249 &
1847 2212 2062 2250 senatoriam
2087 2215 2245 2259 gravita-

127 2258 334 2298 Domitiani
370 2271 512 2298 necem.
564 2258 647 2296 Post
679 2271 772 2308 quae
794 2259 898 2298 Dion
918 2262 956 2299 in
979 2263 1145 2312 Trajano
1180 2261 1184 2316 ζ
1221 2266 1299 2297 tem
1318 2256 1485 2309 jurgandi
1506 2261 1656 2298 levitate
1679 2261 1773 2298 adeo
1796 2261 2061 2308 prostituerent.
2089 2261 2239 2300 Eodem

129 2309 221 2346 haec
251 2311 385 2348 addidit
410 2339 420 2355 ,
456 2310 593 2358 Celsum
618 2310 772 2358 Trajano
795 2309 942 2347 charum
969 2340 978 2356 ,
1004 2324 1048 2352 cy·
1069 2313 1143 2361 sta·
1181 2318 1183 2348 l

130 2369 232 2396 tuam
267 2362 293 2397 ei
321 2363 358 2398 in
386 2360 515 2408 publico
537 2359 622 2407 iussu
651 2360 866 2409 Imperatoris
888 2365 1058 2408 erenum,
1087 2365 1145 2402 vi·
1181 2349 1184 2376 ⁸

130 2422 275 2459 rumque
307 2411 511 2459 optimatem
537 2410 639 2459 suiffe
660 2439 668 2454 ,
704 2422 748 2449 <y
771 2412 887 2448 invito
911 2413 1074 2452 Adriano
1101 2428 1145 2452 ex

130 2460 260 2498 decreto
284 2468 430 2498 Senatus
454 2461 550 2499 Baiis
569 2461 789 2507 interfec‘lum
805 2489 815 2505 ‚
842 2462 932 2511 quod
945 2475 1055 2501 necem
1071 2471 1144 2501 Im-

125 2512 279 2561 peratori
309 2512 501 2549 moliretur.
540 2511 722 2549 Auum-es
753 2511 872 2549 habeo
896 2514 1147 2560 Spartianum,
1182 2508 1185 2520 ¹

134 2562 173 2600 &
201 2561 315 2599 Dion.
346 2573 557 2611 quanquam
593 2562 766 2600 mendose
799 2562 895 2610 apud
918 2563 1146 2610 Spartianum
1180 2567 1185 2584 ⁴

131 2610 268 2660 legatur
291 2639 302 2656 ‚
349 2613 557 2650 Adrianum
590 2613 628 2649 in
663 2612 791 2661 confilio
827 2612 979 2661 habuisse
1000 2613 1147 2658 Julium

131 2661 271 2710 celsum
293 2662 439 2708 JCtum
465 2680 475 2699 .·
515 2663 581 2699 Tu
604 2675 742 2712 repone
760 2662 975 2707 Jubemium
997 2663 1148 2711 Celsum.

133 2709 289 2750 Proinde
311 2715 338 2752 is
351 2713 873 2763 fuitihetorcloquentillimus
887 2742 897 2759 ,
925 2714 1145 2763 quodetiam

136 2759 315 2808 Iuvenalis
348 2763 480 2803 indicat
501 2778 510 2800 :
548 2763 689 2801 tametsi
710 2766 922 2813 interpretes
945 2763 1149 2812 significasse

139 2812 250 2850 velint
271 2819 350 2852 Cor.
369 2815 506 2864 Celsum
529 2842 538 2857 ‚
569 2825 652 2851 cum
676 2817 702 2853 is
726 2815 830 2854 fuerit
856 2815 1048 2853 mediocris
1071 2827 1152 2853 ora-

139 2861 283 2901 tor..Ex
304 2865 430 2903 codice
449 2866 550 2903 Plinii
573 2866 799 2915 transcriptus
823 2865 889 2902 fuit
912 2867 1150 2914 antiquushic
1186 2868 1188 2882 ³

142 2910 273 2950 libellus
294 2941 304 2957 ‚
341 2913 413 2953 five
442 2916 649 2965 supplicatio
679 2929 791 2954 manu
824 2917 1029 2964 Campani:
1055 2922 1147 2954 Cum

145 2969 229 2996 ame
258 2961 315 2999 hos
346 2966 414 3002 dies
442 2967 617 3016 conjugem
649 2978 692 3006 ey
717 2967 836 3015 filium
866 2967 1069 3016 amiserim,
1095 2978 1150 3017 OP-

142 3008 266 3058 preffus
297 3015 478 3062 neceffitate
506 3026 644 3064 corpora
680 3032 798 3056 eorum
819 3017 924 3066 fictili
940 3018 1152 3067 sarcophago

150 3061 458 3113 ammo-naevum
482 3095 494 3115 ,
530 3068 633 3108 donec
653 3068 680 3109 is
702 3068 792 3110 locus
815 3095 828 3118 ,
850 3081 956 3120 quem
979 3081 1129 3108 emeram
1145 3097 1155 3114 ,

1185 2786 1187 2808 3
1221 2773 1300 2800 rent
1324 2775 1365 2800 ac
1387 2763 1567 2800 tenderent
1583 2791 1593 2806 ‚
1616 2764 1655 2801 δε

1220 2313 1375 2348 nomine
1409 2313 1447 2348 ὃς
1480 2311 1699 2348 Senatorum
1722 2310 1903 2359 quosdam
1925 2310 2155 2359 sequentibus
2174 2312 2244 2349 im·
2266 2326 2270 2328 ’

1217 2361 1359 2407 probat.
1387 2361 1595 2398 Euenum.
1804 2389 1812 2395 .

1267 2421 1289 2454 4
1319 2412 1501 2458 Quosdam
1514 2425 1530 2447 e
1544 2423 1686 2448 numero
1699 2408 1864 2459 nostra]
1894 2409 2110 2448 Mediceus:
2139 2425 2240 2462 quos-

1215 2461 1301 2497 dam
1324 2475 1340 2498 e
1361 2473 1504 2498 numero
1526 2460 1591 2498 isto
1614 2489 1624 2504 ,
1662 2468 1702 2496 ut
1723 2460 1779 2498 alii
1800 2460 2010 2510 frequenter
2030 2474 2073 2498 ex
2096 2473 2144 2500 eo
2174 2475 2244 2500 nu.-

1217 2523 1310 2547 mero
1342 2510 1511 2548 adhibere
1545 2510 1669 2549 solent.
1708 2510 1827 2559 Magis
1851 2520 1976 2548 tamen
1998 2512 2117 2561 placet
2137 2528 2154 2552 e
2176 2525 2244 2550 nu-

1215 2573 1307 2598 mero
1341 2561 1449 2608 nostro
1474 2589 1484 2606 ,
1521 2568 1562 2598 ut
1595 2561 1774 2599 senatores
1797 2563 2048 2610 intelligantur.
2074 2563 2174 2600 Vide
2196 2563 2242 2602 ad

1215 2611 1349 2649 Sallust.
1372 2612 1451 2648 Cat.
1473 2622 1550 2660 cap.
1574 2611 1732 2648 XXXII.
1754 2621 1843 2650 extr.
1869 2618 1910 2650 C.
1933 2612 2094 2650 Manlius
2108 2625 2152 2652 ex
2175 2614 2240 2651 suo

1218 2674 1377 2700 numero
1400 2662 1449 2697 ad
1473 2663 1651 2699 Marcium
1676 2668 1796 2711 Regem
1819 2663 1946 2700 mittit.

1271 2726 1287 2760 ς
1319 2718 1366 2749 Et
1398 2711 1687 2800 accenderem}
1727 2713 1902 2761 Optimus
1926 2727 1934 2750 :
1962 2712 2062 2762 quafi
2074 2712 2269 2759 stimula--

1691 2763 1796 2801 einde
1812 2771 1822 2800 :⁴
1844 2763 1943 2812 quafi
1952 2763 2214 2801 reconciliarent
2226 2792 2250 2809 r

1186 2839 1187 2846 ,
1222 2822 1458 2862 componerent
1473 2841 1483 2858 ,
1509 2813 1641 2851 resecta
1666 2814 1809 2863 Copula
1824 2841 1833 2856 ‚
1861 2822 1901 2852 ut
1923 2815 1999 2851 eius
2020 2813 2109 2852 iuffu
2131 2825 2239 2862 repo·
2264 2828 2267 2830 “

1222 2863 1387 2901 nendum
1422 2862 1462 2902 sit
1487 2878 1495 2902 ε
1531 2875 1575 2904 ω’
1609 2875 1702 2901 nunc
1721 2863 1820 2914 quast
1834 2862 2250 2909 stimularent,-accen··

1222 2913 1349 2952 derent
1364 2943 1374 2960 ,
1402 2927 1494 2952 nunc
1517 2912 1616 2964 quast
1636 2914 1918 2959 reconciliarent,
1946 2923 2239 2962 componerent,
2263 2938 2268 2946 ι

1188 3005 1190 3009 Α
1215 2966 1438 3013 frequentius
1471 2965 1600 3014 iugulis
1624 2974 1691 3003 cet.
1730 2965 1829 3002 Solet
1851 2966 1898 3002 ita
1922 2964 2118 3002 Secundus.
2157 2965 2238 3002 Lib.
2265 2988 2267 2990 -

1186 3123 1197 3163 l

1224 3015 1251 3052 I.
1275 3015 1381 3064 Epist.
1403 3016 1438 3054 11
1465 3044 1472 3052 .
1495 3027 1528 3052 n.
1555 3027 1585 3052 1.
1603 3016 1689 3064 quid
1708 3014 1865 3053 cubicula
1887 3015 2018 3052 diurna
2043 3043 2053 3058 ,
2079 3015 2259 3052 noctur--

1224 3065 1298 3106 na?
1327 3067 1412 3109 Lib.
1430 3066 1480 3107 V.
1498 3065 1606 3117 Epist.
1625 3067 1674 3103 V.
1696 3077 1729 3102 n.
1754 3078 1784 3105 1.
1820 3066 1965 3106 Amavi
1985 3065 2155 3106 hominem
2179 3065 2273 3103 elea·

1297 3118 1479 3122 ”
1581 3115 1730 3167 Eee3
2162 3126 2283 3165 3⁶0³?
