2616 3686
563 202 1658 257 LIBER1.EPISTOLA
1727 211 1845 260 XV.
2210 240 2272 290 57

204 286 569 349 necessitatem
606 284 871 341 ambiendi
906 278 1121 338 remisit.
1198 276 1210 297 ¹
1257 280 1349 337 Est
1382 282 1455 337 illi
1492 283 1652 339 facies
1677 285 1929 348 liberalis,
1965 289 2134 344 multo
2160 295 2273 351 san-

201 366 392 434 guine,
433 362 603 416 multo
629 358 828 413 rubore
856 348 1058 410 suffusa.
1135 352 1227 409 Est
1253 356 1483 426 ingenua
1508 358 1671 411 totius
1696 361 1936 428 corporis
1974 363 2270 429 pulchritu-

179 434 303 498 do,
341 435 395 488 &
422 432 641 505 quidam
663 431 680 450 ²
701 429 1006 482 Senatorius
1033 427 1230 483 decor:
1270 445 1407 498 quae
1432 445 1536 498 ego
1561 444 1896 501 nequaquam
1923 431 2151 489 arbitror
2175 454 2270 492 ne-

194 506 466 577 gligenda.
491 504 651 559 debet
685 501 830 555 enim
865 498 971 554 hoc
1008 499 1226 555 castitati
1260 500 1552 570 puellarum
1594 502 1607 528 ³
1640 502 1781 572 quasi
1819 503 2110 571 praemium
2133 507 2269 564 dari.

200 579 430 641 Nescio,
466 594 530 630 an
564 573 809 644 adjiciam
836 610 852 634 ‚
903 571 1006 626 effe
1042 575 1176 644 patri
1204 571 1314 638 ejus
1344 576 1363 601 ⁴
1384 574 1580 642 amplas
1605 572 1893 629 facultates.
1967 574 2103 631 Nam
2146 596 2269 635 cum

199 651 496 721 imaginors
526 663 647 707 vos,
682 643 873 715 quibus
897 648 1200 714 quaerimus
1233 642 1252 665 ⁶
1275 661 1566 716 generum,
1607 645 1864 701 silendum
1903 647 1973 702 de
2011 651 2275 708 facultati-

203 722 301 776 bus
336 733 464 792 puto
491 756 508 782 ‚
551 733 717 790 quum
751 715 766 742 ⁷
802 716 1042 786 publicos
1084 733 1260 772 mores
1286 754 1301 779 ‚
1352 729 1513 788 atque
1538 717 1698 772 etiam
1723 719 1740 745 ⁸
1767 720 1910 791 leges
1939 721 2166 776 civitatis
2195 726 2277 780 in-

205 808 385 854 tueor,
425 807 558 862 quae
583 790 662 843 vel
690 789 946 859 imprimis
974 789 1158 844 census
1182 787 1463 843 hominum
1490 789 1799 858 spefiandos
1815 792 2168 856 arbitrantur,
2206 814 2275 851 ne

202 864 256 918 id
284 861 501 934 quidem
530 859 980 932 praetereundum
1008 862 1239 916 videtur.
1316 858 1387 914 Et
1414 861 1534 914 sane
1557 860 1626 914 de
1663 863 1910 930 posteris,
1951 867 1998 917 ἃ
2020 865 2096 919 his
2112 868 2277 937 pluri·

198 933 326 999 bus,
365 935 653 1006 cogitanti,
677 933 707 958 ‘⁹
731 930 818 986 hic
845 949 1064 1005 quoque
1090 938 1146 988 in
1169 932 1571 989 conditionibus
1598 933 1881 1006 diligendis
1903 938 2184 1007 ponendus
2200 941 2277 994 est

2172 1014 2278 1068 cal-

200 1145 390 1185 intervallo
413 1172 423 1189 ,
461 1143 564 1194 quod
595 1142 837 1182 intercedebat
866 1143 948 1182 alias
969 1145 1062 1182 inter
1082 1146 1205 1184 hono-
1253 1145 1405 1183 Cmu.
1434 1144 1635 1184 Helmstad.
1662 1146 1700 1184 δε
1724 1145 1923 1185 Lindenbr.
1948 1159 1997 1183 an
2010 1147 2163 1186 adiciam
2179 1175 2189 1191 ‚
2211 1150 2277 1198 ρας

193 1207 256 1234 ses
289 1198 453 1235 aliorum.
493 1197 706 1233 scum-ren.
747 1194 873 1233 Recte.
913 1197 970 1233 Sic
1001 1195 1092 1233 infra
1125 1197 1206 1234 Lib.
1251 1196 1299 1233 tri
1321 1197 1388 1234 eius
1409 1196 1546 1246 amplas
1557 1196 1756 1243 facultates
1778 1225 1788 1241 ,
1841 1197 1916 1235 fine
1951 1198 2064 1235 verbo
2095 1198 2279 1239 substanti-

132 1243 135 1246 ’
201 1246 271 1284 VI.
304 1247 410 1295 Epist.
443 1245 511 1283 VI.
545 1257 579 1282 n.
610 1257 641 1281 2.
694 1251 793 1282 Nam
826 1245 946 1295 rursus
979 1244 1065 1283 mihi
1087 1246 1208 1284 videor

196 1298 381 1342 omnium,
408 1309 495 1346 quae
517 1296 726 1340 decucurri,
753 1296 972 1333 candidatus.
1002 1296 1082 1335 MS.
1106 1297 1209 1334 Voss'.

187 1349 242 1392 ,δε
274 1348 428 1397 impresti
459 1348 597 1396 aliquot
622 1347 794 1395 percurrit
825 1347 884 1383 hic
915 1347 1083 1391 habent,
1132 1359 1210 1384 non

198 1399 429 1447 percucurrit,
456 1408 549 1446 quae
582 1398 731 1434 varietas
765 1397 873 1433 etiam
905 1397 992 1435 loco
1023 1395 1141 1434 modo
1163 1398 1212 1434 ci-

200 1456 279 1485 tato
310 1449 524 1486 obsti-vatur.
576 1448 741 1495 Vtraque
775 1446 893 1483 forma
927 1448 1015 1485 olim
1057 1448 1093 1484 in
1148 1447 1211 1483 usu

203 1498 283 1537 suit.
334 1499 518 1538 Notamus
541 1496 721 1548 quaedam
743 1498 778 1534 in
787 1496 835 1532 fra
857 1496 903 1532 ad
927 1497 1007 1534 Lib.
1030 1496 1079 1532 II.
1103 1497 1210 1544 Epist.

204 1547 232 1584 I.
266 1562 298 1585 n.
333 1550 365 1586 8.
419 1549 468 1584 Sic
498 1550 547 1585 ad
577 1559 692 1584 omnes
714 1545 855 1581 honores
876 1559 964 1583 meos
986 1558 1028 1582 ex
1043 1546 1213 1595 seceffibus

204 1597 416 1635 adcucurrit.

1255 1258 1308 1283 vo
1323 1274 1334 1291 ,
1361 1258 1438 1296 quo
1460 1255 1586 1284 tamen
1607 1249 1667 1285 hic
1689 1258 1811 1285 carere
1840 1260 1918 1286 non
1940 1246 2138 1297 possumus.

1309 1310 1340 1345 ς.
1369 1295 1470 1345 Vos.]
1502 1298 1580 1345 Qui
1602 1309 1680 1335 non
1702 1298 1849 1336 censum
1876 1300 1914 1336 in
1940 1300 2072 1336 marito
2089 1327 2099 1343 ,
2128 1300 2187 1338 sed
2211 1302 2280 1339 vir-

1256 1352 1350 1385 tutes
1384 1348 1560 1396 respicitis.
1614 1347 1873 1388 Themistoclis
1908 1348 2100 1387 confilium
2127 1349 2281 1401 sequen-

1256 1403 1310 1434 tes
1324 1426 1334 1441 ,
1362 1399 1424 1446 qui
1447 1399 1575 1433 unicae
1596 1396 1689 1435 filiae
1712 1400 1827 1444 patri,
1854 1399 1888 1436 se
1902 1399 2128 1445 consulenti,
2155 1411 2281 1441 utrum

1259 1457 1341 1484 eam
1364 1448 1536 1495 pauperi,
1561 1446 1623 1483 sed
1645 1455 1776 1484 ornato
1792 1475 1801 1491 ‚
1829 1459 1875 1485 an
1907 1449 2106 1498 locupleti,
2132 1450 2192 1489 sed
2218 1463 2281 1500 pa-
2343 1465 2346 1468 ’

1260 1507 1341 1534 rum
1363 1498 1518 1544 probato
1541 1497 1760 1541 collocaret,
1789 1498 1969 1548 respondit
1993 1511 2001 1535 z
2030 1499 2125 1536 malo
2156 1501 2281 1540 virum

1254 1548 1396 1595 pecunia
1420 1574 1431 1590 ‚
1469 1559 1576 1596 quam
1603 1548 1784 1597 pecuniam
1818 1550 1893 1586 virv
1927 1549 2085 1598 indigere.
2124 1551 2280 1590 C'A'rAN.

1261 1597 1422 1634 Arnzen.
1453 1598 1540 1633 dum
1570 1597 1742 1646 imaginor
1775 1598 1938 1637 summos
1969 1613 2057 1643 vos,
2085 1610 2130 1637 ex
2152 1602 2283 1640 incon-

259 1660 272 1685 1
306 1647 363 1693 1⁴?st
382 1647 433 1684 illi
455 1647 555 1685 facies
578 1642 675 1692 δία]
726 1642 924 1682 Helmstad.
952 1643 1010 1690 Est
1033 1647 1142 1684 etiam
1164 1646 1218 1685 illi
1262 1647 1366 1683 cinna
1391 1645 1525 1683 Gloffa.

196 1699 331 1745 facies,
359 1707 398 1736 ut
430 1697 529 1745 supra
561 1695 722 1733 turbabat
754 1693 865 1729 Arnz.
896 1707 938 1730 ac
970 1696 1080 1733 etiam
1095 1705 1158 1746 pro
1178 1697 1216 1746 se

1307 1697 1333 1732 *6
1361 1694 1574 1745 Generum]
1628 1695 1833 1746 Improprie
1887 1698 1987 1737 dixit.
2040 1699 2132 1736 Non
2181 1703 2283 1741 enim

206 1749 265 1786 ille
287 1749 359 1785 tibi.
412 1747 621 1785 Mediceus:
649 1743 758 1782 multo
780 1744 911 1781 robore
925 1743 1072 1793 suffusa.
1102 1747 1215 1784 Rubo-
1263 1744 1432 1787 Maurico
1446 1774 1456 1791 ,
1483 1746 1542 1784 sed
1567 1745 1733 1784 Aruleno
1754 1759 1867 1796 gener
1890 1748 2029 1787 futurus
2052 1758 2127 1787 erat
2148 1752 2284 1789 Acilia-

207 1811 245 1835 re
266 1799 362 1837 reete
384 1797 513 1841 habet,
543 1798 630 1835 &is
652 1795 789 1843 semper
810 1794 847 1831 in
877 1793 993 1831 laude.
1042 1796 1214 1844 Spartian.
1263 1807 1351 1841 nus,
1379 1808 1510 1835 verum
1547 1799 1631 1846 quia
1666 1797 1854 1836 Mauricus
1889 1807 2012 1837 natam
2046 1799 2160 1839 fratris
2196 1802 2283 1840 loco

209 1848 327 1895 Nigro
361 1861 435 1897 cap.
469 1848 537 1884 VI.
591 1853 683 1884 Erat
715 1844 780 1881 oris
810 1845 994 1882 verecundi
1023 1857 1066 1883 cy·
1080 1847 1213 1897 semper

210 1897 313 1935 rubri.
366 1900 426 1936 De
445 1899 626 1947 Pompeio
651 1896 784 1934 Seneca
806 1893 912 1944 Epist.
936 1894 1000 1933 XI.
1023 1895 1123 1934 Nihil
1136 1900 1213 1945 fuit

208 1947 346 1984 mollius
368 1960 432 1986 ore
454 1948 621 1998 Pompeii:
651 1957 846 2000 numquam
870 1958 938 1981 non
958 1958 1073 1984 coram
1101 1949 1214 1998 pluri-

212 1996 276 2034 bus
298 1999 459 2042 erubuit,
487 1998 602 2047 atique
621 1998 658 2034 in
682 1995 902 2032 concionibus.
925 1997 963 2034 &
982 1998 1056 2035 hoc
1081 2013 1114 2036 os
1131 2008 1212 2049 pro-

207 2046 291 2083 bum
314 2058 420 2087 vocat
440 2048 571 2086 Plinius
595 2047 674 2085 Lib.
698 2045 786 2083 VII.
809 2046 898 2084 Hist.
922 2047 1006 2085 Nat.
1029 2060 1104 2098 cap.
1127 2050 1211 2088 XII.

1260 1845 1353 1885 filiae
1375 1847 1524 1892 habuit,
1550 1848 1638 1885 ideo
1659 1859 1744 1885 cum
1770 1849 1937 1888 Aruleno
1971 1849 2138 1888 socerum
2172 1852 2285 1891 Mau-

1257 1898 1372 1935 ricum
1395 1899 1558 1947 appellat.
1586 1898 1738 1935 CATAN.

1310 1959 1328 1994 7
1359 1950 1513 1987 Publicos
1535 1948 1684 1998 mores.]
1717 1948 1954 1988 Consueviffe
1980 1953 2161 1990 omnesin
2172 1963 2284 2000 gene-

1256 2009 1301 2095 30
1323 2010 1497 2048 quaerere
1520 1999 1655 2048 amplas
1680 1999 1865 2039 facultates
1893 2015 1902 2038 :
1943 2001 1987 2041 Id
2009 2001 2057 2040 stc
2077 2002 2284 2053 indignatur

1279 2060 1388 2087 uven.

208 2098 301 2136 adde
323 2099 462 2136 Salmas.
484 2098 528 2136 ad
552 2098 726 2148 Spartiani
746 2098 767 2134 l.
791 2109 820 2134 c.
874 2097 948 2135 Hic
969 2107 1093 2137 autem
1129 2111 1214 2139 cum
1233 2095 1237 2122 ⁸

208 2147 427 2194 praecesserit
438 2150 548 2186 multo
566 2149 730 2198 sanguine
745 2175 755 2191 ‚
780 2147 885 2186 vaide
908 2159 1062 2194 vereor,
1090 2162 1136 2189 ne
1157 2152 1217 2190 ista

207 2197 320 2235 multo
350 2200 468 2238 rubore
499 2212 544 2238 ex
575 2199 869 2248 interpretatione
901 2207 984 2236 nata
1017 2199 1084 2238 smt
1109 2229 1118 2245 ,
1156 2212 1218 2240 aut

206 2258 274 2294 pro
298 2250 365 2298 ipsa
388 2252 606 2299 ingenuitate
630 2252 668 2287 &
695 2249 914 2287 verecundia
929 2279 938 2294 ‚
967 2251 1068 2300 quod
1088 2259 1215 2290 tamen

206 2309 284 2334 non
309 2301 399 2338 bene
421 2301 584 2351 procedit
609 2329 619 2344 ‚
648 2300 801 2338 debeant
832 2301 954 2349 accipi.
1007 2304 1214 2349 sanguinem

206 2358 302 2386 certe
327 2350 438 2388 solum
462 2353 498 2389 in
522 2350 622 2389 simili
647 2350 883 2398 descriptione
906 2360 1088 2387 memorat
1123 2354 1215 2389 infra

208 2398 286 2435 Lib.
313 2401 358 2437 V.
384 2401 487 2449 Epist.
512 2401 635 2437 XVII.
659 2411 694 2436 n.
729 2411 760 2448 3.
815 2401 1102 2436 Commendabat
1136 2402 1237 2438 haec.

620 2461 736 2487 vocem
784 2450 1022 2491 verecuudia;
1062 2451 1216 2487 multum
1258 2447 1380 2485 sedere
1412 2452 1447 2487 in
1483 2451 1586 2486 XIV.
1631 2450 1744 2498 gradu
1768 2482 1778 2497 ‚
1816 2451 1880 2490 iiiii
1921 2452 2097 2491 habuisset
2132 2456 2279 2494 censum

202 2461 282 2486 voce
322 2450 527 2497 suaviffima
556 2479 566 2495 ,

1311 2151 1400 2199 Qic
1428 2164 1531 2199 gener
1565 2150 1641 2189 huic
1669 2151 1802 2202 placuit
1834 2153 1931 2202 censu
1964 2153 2078 2191 minor
2106 2170 2124 2191 -.·
2175 2165 2282 2204 arque

1353 2202 1491 2250 puellae

1310 2251 1497 2337 δαῖτὶηιιῖἰς
1519 2252 1663 2301 impar?
1690 2253 1765 2301 quis
1783 2262 1914 2302 pauper
1931 2251 2098 2301 scribitur
2132 2253 2284 2306 haerese

1381 2315 1473 2339 nem.

1308 2400 1328 2435 8
1359 2405 1455 2448 Leges
1477 2400 1668 2449 civitam]
1710 2403 1817 2450 Quae
1851 2403 2021 2441 vetabant
2051 2414 2280 2454 quemquam

207 2498 408 2547 sanguinis,
435 2503 590 2538 multum
624 2498 866 2538 sollicitudinis
898 2499 936 2536 in
968 2513 1022 2536 ore
1049 2527 1058 2543 ,
1085 2513 1215 2550 nzagna
1259 2499 1608 2547 quadi-ing.nt‹n·um
1647 2503 1798 2540 millium
1825 2516 1833 2539 ε
1873 2515 1993 2553 neque
2021 2503 2160 2553 judices
2185 2504 2279 2551 effe,

201 2561 414 2586 ornamenta
437 2553 624 2588 recitantis.
653 2551 736 2586 Con
747 2561 805 2586 τε.

255 2611 274 2635 2
303 2600 539 2649 senatorius.]
571 2599 751 2638 Venustus
778 2628 788 2644 ,
815 2599 927 2650 qualis
961 2602 1135 2639 convenit
1168 2601 1219 2639 se-

207 2652 334 2687 natori.
365 2651 517 2689 Caum.

258 2712 276 2749 3
306 2701 420 2750 Qast
436 2703 632 2752 praemium
657 2698 772 2748 dari]
803 2700 856 2737 V‘t
888 2700 1020 2750 possint
1053 2701 1219 2750 vo'upta-

1235 2547 1474 2606 ;m's1e.1dcm
1508 2551 1647 2587 summa
1680 2553 1917 2590 censerentur.
1971 2555 2043 2591 Vel
2075 2555 2195 2593 saltem
2233 2569 2280 2594 ex

1235 2639 1238 2656 Ι
1261 2599 1517 2638 constitutione
1540 2601 1588 2638 D.
1614 2602 1765 2649 Augusti
1780 2632 1790 2647 ‚
1818 2603 1973 2642 ducenta
1998 2603 2148 2642 sestertia
2171 2606 2283 2654 poffi-

1237 2661 1239 2695 ς
1260 2650 1409 2694 derent,
1438 2653 1501 2699 qui
1524 2650 1701 2688 dut-enarr
1726 2653 1866 2702 judices
1898 2655 2123 2692 vocabantur
2138 2683 2147 2699 ,
2176 2657 2279 2704 quod

1261 2699 1460 2737 ducentum
1484 2702 1642 2739 millium
1665 2704 1812 2739 censum
1835 2704 2009 2741 haberent
2023 2733 2032 2748 ‚
2061 2705 2159 2744 unde
2181 2707 2219 2743 hi
2233 2707 2279 2746 de

208 2757 284 2788 tem
308 2760 442 2800 ‘capere
478 2751 667 2790 honestam
701 2752 809 2788 etiam
844 2763 890 2788 ex
922 2750 1065 2788 decenti
1099 2751 1218 2788 form-i
1259 2750 1452 2788 levioribus
1485 2751 1632 2789 summis
1661 2752 1879 2800 judicabant.
1933 2755 2152 2793 Senatorum
2186 2767 2278 2795 vero

203 2801 349 2844 mariti,
375 2813 444 2839 nec
477 2804 669 2850 iungantur
702 2802 773 2845 illi,
800 2802 900 2838 cuius
935 2803 1043 2838 etiam
1076 2802 1220 2850 aspectu
1239 2836 1240 2862 ¹
1262 2801 1382 2838 census
1407 2811 1481 2839 erat
1503 2801 1826 2849 offingentomm,
1855 2804 2011 2844 dimidio
2034 2806 2135 2854 plus,
2163 2817 2276 2855 quam

213 2854 417 2888 terreantur.
446 2853 659 2890 Senerrea.
687 2852 768 2889 MS.
789 2851 878 2888 Vos.
899 2850 1052 2898 castitati
1075 2853 1220 2900 pu.·lla1·i
1239 2887 1241 2905 ,
1265 2859 1442 2900 equ2tum.

217 2898 310 2946 quasi
328 2909 360 2948 p.
386 2903 420 2938 d.

267 2958 290 2991 4
317 2951 460 3000 amplas
493 2951 715 3002 facultates]
760 2951 847 2990 Satis
881 2951 1018 2989 constat
1061 2951 1221 2990 habuisse

216 2993 335 3033 saltem
381 3001 613 3050 uadringenta
646 3002 796 3040 sestertia
821 3031 832 3046 ,
871 3005 1048 3052 quoniam
1083 3011 1156 3039 erat
1184 3014 1222 3039 c-

216 3056 327 3091 emes,
365 3048 409 3085 ed
430 3049 455 3086 st
476 3052 674 3100 diligentius
708 3050 974 3090 consideramus
1005 3053 1107 3090 Plinii
1142 3053 1220 3089 scri-

215 3103 274 3140 Pm
300 3122 310 3138 ‚
346 3094 450 3145 longe
481 3102 576 3149 p'ura
609 3103 770 3142 dicemus
793 3102 1000 3142 Macrinum
1022 3101 1222 3153 possedisse.

1495 2853 1620 2900 Quare
1655 2854 1803 2901 'egimus
1835 2853 1931 2902 apud
1965 2855 2084 2894 Tacit.
2139 2856 2277 2894 Multos

1239 2916 1241 2944 l
1265 2901 1302 2939 ob
1327 2901 1501 2951 angustias
1516 2901 1716 2948 familiares
1740 2903 1856 2940 ordine
1881 2906 2056 2952 senasorio
2072 2907 2192 2956 sponte
2210 2921 2276 2944 ces-

1240 2947 1329 3002 siffe
1352 2969 1362 2987 .·
1390 2962 1433 2992 (ς’
1455 2963 1563 2989 motos
1578 2981 1588 2996 ,
1615 2953 1672 3002 qui
1693 2955 1904 2991 remanendo
1926 2956 2277 3007 impudentiampau-

1240 3017 1242 3052 s
1259 3002 1390 3051 pemati
1411 3002 1607 3050 adjicerent.
1637 3003 1679 3040 In
1701 3015 1789 3053 quas
1810 3005 1908 3052 leges
1932 3007 2024 3045 Plin.
2047 3007 2175 3045 senior.
2198 3019 2275 3045 ma-

1241 3059 1243 3064 “
1266 3056 1362 3090 xime
1384 3053 1548 3091 investus
1570 3053 1628 3091 e-st.
1658 3053 1771 3091 IDEM.

1310 3116 1332 3152 9
1361 3103 1422 3144 Hic
1441 3103 1781 3191 calculuIs-Kquoque]
1815 3104 1875 3144 Illa
1899 3108 1989 3146 ratio
2013 3109 2052 3147 &
2072 3106 2275 3193 suffiagapo

2195 3168 2218 3204 p
2234 3167 2276 3194 u-
