2616 3686
527 187 867 240 LIBER
934 182 1844 239 v11.EPISTOLA1x.
2142 203 2241 255 495

113 274 289 344 Perge
312 305 329 332 ,
378 277 439 321 ut
470 261 691 334 coepisti
715 299 733 325 ‚
784 260 1067 327 virumque
1106 258 1372 334 optimum
1411 272 1573 325 quam
1607 253 2002 310 familiarissime
2038 255 2227 328 dilige,
2270 290 2299 323 2

115 357 356 414 magnam
381 337 715 407 voluptatem
737 349 807 388 ex
829 330 1060 384 amicitia
1086 344 1196 398 ejus
1208 339 1592 397 percepturus,
1628 340 1728 378 nec
1744 323 1808 377 ad
1824 323 1985 381 breve
2000 339 2229 399 tempus.

111 417 248 473 Nam
285 413 299 435 ¹
332 426 459 466 cum
493 405 739 463 omnibus
777 400 1063 458 virtutibus
1097 398 1330 455 abundat
1355 438 1369 461 ,
1413 413 1527 453 turn
1564 398 1664 452 hac
1699 395 1983 469 praecipue
2009 438 2025 461 ,
2076 400 2227 470 quod
2269 421 2293 471 3

105 486 264 545 habet
289 483 570 539 maximam
599 480 655 534 in
679 491 861 533 amore
884 474 1249 529 constantiam.
1286 471 1435 527 Vale.

272 610 1633 748 IX.'C.‘P1.1N1usSC0RSNEL1o
1705 605 2019 666 Fusco

1104 710 1206 749 uo
1323 735 1334 747 .

107 837 328 908 Fufium
351 844 544 898 monet,
571 842 630 887 ut
664 831 924 903 inseceffic
962 830 1168 885 Graeca
1201 831 1258 885 in
1295 827 1555 883 Latinum
1578 863 1594 889 ‚
1657 825 1826 898 nostra
1860 828 1915 881 in
1959 827 2222 882 Graecum

174 910 498 979 transfhrat,
537 906 854 976 consulitque
878 916 939 957 ut
962 921 1093 977 quae
1114 903 1269 974 legit,
1308 913 1544 972 repetat,
1572 901 1730 972 seque
1751 901 2033 968 intermtffl
2056 902 2224 955 inter-

173 980 291 1036 dum
303 980 469 1053 studio
491 979 718 1033 oratoris
743 977 818 1031 ad
834 976 1097 1047 historiam
1122 976 1175 1032 {5
1186 977 1449 1049 poeticam
1481 983 1773 1027 convertat.

264 1119 452 1174 Uaeris
478 1114 938 1189 quemadmodum
974 1115 1029 1167 in
1050 1110 1248 1168 secessu
1276 1147 1292 1173 ‚
1331 1127 1443 1183 quo
1461 1108 1664 1180 jamdiu
1690 1108 1879 1162 frueris
1902 1144 1918 1170 ‚
1953 1120 2138 1178 putem
2166 1120 2222 1163 te

111 1120 469 1283 Qstudere
496 1201 767 1260 oportere.
793 1204 808 1220 ²
834 1188 963 1242 utile
985 1186 1226 1258 inprimis
1259 1222 1274 1247 ‚
1315 1185 1368 1237 &
1400 1183 1552 1237 multi
1580 1181 1909 1252 praecipiunt
1936 1217 1953 1243 ,
1991 1179 2076 1234 vel
2109 1178 2122 1203 ³
2152 1198 2220 1235 ex
2263 1209 2293 1243 2,

262 1262 477 1318 Graeco
517 1262 570 1315 in
605 1261 858 1314 Latinum
887 1298 903 1322 ,
951 1258 1039 1312 vel
1072 1261 1090 1287 ⁴
1125 1274 1195 1312 ex
1228 1255 1425 1312 Latino
1453 1267 1662 1309 vertere
1686 1255 1738 1307 in
1763 1253 2067 1307 Graecum:
2108 1269 2222 1324 quo

105 1352 302 1409 genere
325 1333 721 1392 exercitationis
748 1332 1071 1402 proprietaS‚
1109 1328 1468 1400 splendorque
1495 1325 1820 1388 verborum,
1859 1323 1871 1350 ⁵
1902 1326 2054 1394 copia
2082 1323 2218 1395 figu-

101 1425 276 1462 rarum
304 1442 320 1467 ‚
368 1409 443 1461 vis
481 1404 823 1475 explicandi,
875 1416 1149 1472 praeterea
1186 1402 1483 1454 imitatione
1511 1400 1845 1468 optimorum
1871 1396 2050 1449 similia
2075 1399 2222 1450 inve-

100 1479 285 1534 niendi
315 1479 529 1533 facultas
558 1487 786 1544 paratur.
827 1474 973 1527 simul
997 1490 1131 1543 quae
1158 1473 1427 1541 legentem
1454 1468 1749 1525 fefellissent
1767 1507 1783 1532 ‚
1812 1467 2220 1522 transferentem

102 1553 290 1621 fugere
331 1568 438 1604 non
475 1547 701 1619 possunt.
737 1545 1081 1610 intelligentia
1118 1561 1185 1598 ex
1226 1545 1330 1597 hoc
1358 1542 1697 1612 &judicium
1724 1539 2045 1613 acquiritur:
2084 1539 2218 1593 nibil
2265 1570 2289 1620 3

100 1622 370 1682 obfuerit,
424 1638 560 1691 quae
595 1618 783 1686 legeris
820 1615 1106 1677 hastenuS,
1166 1629 1223 1669 ut
1264 1632 1378 1668 rem
1404 1649 1419 1674 ‚
1480 1626 1970 1685 argumentumque
2010 1626 2221 1675 teneaS,

99 1693 244 1768 quasi
292 1694 558 1748 aemulum
609 1688 835 1744 scribere
863 1725 878 1751 ,
925 1686 1178 1759 lectisque
1229 1688 1518 1749 conferre,
1581 1702 1641 1738 ac
1690 1683 1878 1739 sedulo
1930 1683 2226 1812 pensitareci

2000 1795 2003 1798 -
2039 1760 2053 1781 ¹
2089 1756 2183 1829 qui

1191 1915 1235 1944 <y
1257 1902 1365 1942 multi
1382 1911 1642 1952 praeceperunt.
1664 1903 1839 1952 Optimus
1853 1931 1862 1946 ‚
1890 1907 1933 1939 ut
1955 1899 2083 1939 editur.
2110 1898 2171 1939 De
2182 1909 2224 1940 re

1187 1956 1282 2004 legas
1305 1954 1542 2003 Quinetilian.
1568 1954 1649 1992 Lib.
1670 1954 1714 1991 X.
1739 1966 1814 2003 cap.
1838 1954 1887 1990 V.

1243 2019 1263 2057 3
1296 2011 1352 2043 Ex
1375 2009 1505 2042 Graeco
1528 2004 1567 2042 in
1597 2005 1767 2041 Latinum
1791 2003 1893 2053 cyon]
1922 2002 2079 2041 Vertere
2104 2002 2220 2041 Grae-

105 2066 208 2105 gatae
229 2069 358 2096 omnes
380 2058 462 2096 inde
485 2059 527 2096 ab
551 2059 647 2096 Aldo
669 2086 678 2101 ‚
717 2059 835 2096 nescio
858 2070 928 2108 qua
951 2059 1118 2097 secordia.
1189 2069 1230 2095 ca
1263 2060 1301 2095 in
1335 2056 1510 2093 Latinum
1545 2065 1701 2094 veteres-
1717 2055 1826 2093 nostri
1849 2062 2012 2092 oratores
2032 2055 2220 2100 optimum

103 2108 195 2145 Inde
219 2117 341 2145 autem
365 2107 643 2156 diligentissimus
667 2109 837 2147 Cellarius
859 2108 1032 2157 exemplis
1055 2110 1121 2147 do·
1186 2107 1405 2157 judicabant.
1435 2106 1478 2144 Id
1500 2106 1533 2145 se
1557 2107 1602 2144 L.
1626 2104 1768 2144 Crassus
1792 2107 1829 2143 in
1853 2106 1917 2144 illis
1947 2104 2024 2140 Cic.
2046 2103 2092 2140 de
2115 2104 2221 2142 Orat.

101 2169 183 2196 cere
216 2159 337 2196 debuit
359 2186 370 2201 ‚
404 2171 482 2195 cum
514 2161 551 2198 in
574 2159 646 2196 hoc
666 2158 862 2207 significatu
884 2162 992 2197 etiam
1019 2160 1122 2197 Con·
1191 2159 1283 2197 libris
1316 2159 1401 2196 dicit
1433 2156 1605 2195 fafflmffe
1630 2170 1637 2193 :
1677 2156 1714 2195 id
1745 2157 1878 2195 Cicero
1898 2155 1956 2192 sua
1978 2153 2049 2202 ipsa
2070 2154 2222 2202 persona

103 2208 270 2261 iuntftivo
300 2210 408 2257 iungi.
449 2211 498 2246 At
535 2208 745 2254 Mefficeus,
774 2221 977 2257 omnesque
1003 2209 1118 2258 scripti
1191 2209 1477 2258 frequentissime
1498 2208 1692 2255 praecipit,
1731 2208 1820 2255 quin
1844 2206 1952 2242 etiam
1973 2204 2080 2241 libros
2098 2204 2221 2241 Plato-

104 2258 144 2295 &
166 2259 231 2296 Ed.
252 2259 339 2296 Vct.
362 2259 533 2296 consensu
557 2272 565 2296 ε
593 2272 671 2295 cum
694 2274 721 2296 o.
746 2274 783 2295 v.
801 2260 974 2296 abundat.
1015 2261 1118 2299 Sinii-
1150 2218 1160 2298 i
1193 2261 1245 2297 nis
1277 2268 1386 2307 atque
1412 2257 1668 2304 Xenophontis
1692 2257 1803 2294 edidit
1825 2256 1898 2291 hoc
1919 2265 2053 2300 genere
2073 2252 2217 2289 transsa-

101 2306 181 2346 liter
206 2317 354 2356 peccant
375 2310 466 2346 infra
495 2309 573 2347 Lib.
595 2309 702 2346 vlu.
728 2310 832 2357 Epist.
856 2309 997 2346 XVHI.
1033 2319 1119 2348 extr.
1190 2317 1247 2347 tos
1268 2322 1276 2345 :
1318 2312 1356 2346 ὅς
1380 2308 1538 2344 Homeri
1562 2307 1745 2355 quaedam
1769 2334 1780 2350 ,
1807 2305 1858 2341 uti
1880 2304 1952 2351 ipse
1977 2303 2060 2340 Lib.
2085 2303 2216 2339 ultimo

102 2362 204 2395 Nam
244 2370 328 2395 cuin
366 2373 466 2395 aures
504 2359 685 2396 hominum
725 2361 884 2396 novitate
920 2361 1119 2407 laetantur,
1192 2360 1237 2397 de
1267 2358 1395 2395 finibus
1430 2356 1585 2394 testatur.
1640 2357 1771 2393 Marco
1793 2354 1828 2393 id
1853 2351 2037 2390 Messanae
2056 2353 2218 2401 placuit,

99 2417 179 2448 tum
201 2410 250 2445 ad
272 2410 441 2446 rationem
461 2412 558 2447 vitae
580 2410 742 2459 exemplis
765 2411 957 2447 erudimur.
985 2412 1122 2449 Sicillic
1193 2409 1403 2456 multaeque
1434 2407 1511 2443 sunt
1539 2407 1582 2443 ab
1615 2416 1662 2442 eo
1694 2409 1841 2453 scriptae
1865 2402 1913 2441 ad
1931 2405 2029 2440 hunc
2057 2403 2217 2440 modunl

102 2460 370 2502 membranam
405 2461 474 2498 Alii
509 2460 665 2498 fecerant
697 2461 884 2497 laetentur.
936 2461 990 2497 Ut
1027 2461 1120 2499 adeo
1193 2459 1398 2496 orationes:
1426 2456 1520 2493 adeo
1551 2465 1590 2492 ut
1614 2458 1723 2493 eti-ani
1745 2456 1908 2493 cumina
1931 2453 2129 2501 Hyperidis
2152 2466 2220 2502 pro

102 2511 191 2552 haec
221 2510 296 2546 duo
328 2510 408 2546 loca
442 2510 561 2547 frustra
595 2523 660 2559 pro
685 2510 936 2548 Comunffivo
959 2513 1120 2550 citaverit
1191 2509 1339 2557 Phryne
1364 2537 1372 2551 ,
1413 2507 1619 2544 difficillima
1654 2507 1833 2544 Romanis
1855 2505 2044 2543 subtilitate
2067 2512 2220 2541 conten-

105 2560 293 2601 Livineius
326 2560 371 2596 ad
406 2560 614 2598 Mamertin.
649 2563 780 2609 Paneg.
817 2561 970 2598 Maxim.
993 2572 1068 2609 cap.
1093 2563 1119 2600 Ι,
1193 2559 1302 2599 deret.
1331 2559 1377 2595 Et
1402 2557 1588 2595 manifesta
1603 2557 1651 2594 est
1663 2556 1930 2595 exercitationis
1942 2554 2090 2602 hujusce
2102 2557 2217 2591 ratio:

105 2610 180 2648 init.
218 2610 323 2649 ldem
346 2610 390 2647 de
412 2612 482 2648 aiio
504 2612 590 2648 loco
616 2612 717 2648 Plinii
742 2611 937 2648 dicendum
968 2640 977 2654 ‚
1008 2623 1120 2660 quem
1192 2621 1275 2646 ncim
1312 2611 1349 2647 ὃς
1380 2620 1499 2646 rerum
1532 2608 1637 2655 copia
1670 2607 1802 2645 Graeci
1821 2606 1987 2643 aneton-cs
2011 2604 2218 2647 abundant,

108 2661 243 2710 profert
275 2673 320 2699 ex
348 2662 523 2709 Panegyr.
557 2673 633 2709 cap.
664 2661 861 2698 XI..V1.n.
889 2672 921 2706 7.
950 2662 996 2698 ibi
1025 2664 1122 2700 enim
1153 2655 1156 2693 l
1194 2661 1231 2697 8<
1263 2661 1461 2707 plurimum
1493 2659 1572 2694 artis
1604 2659 1639 2693 in
1674 2658 1881 2705 eloquentia
1913 2656 2111 2692 intu'erunt
2142 2682 2152 2697 ,
2181 2656 2220 2692 ὅ(

1154 2706 1156 2716 ’
1192 2710 1327 2746 horum
1350 2710 1517 2756 scriptum
1542 2707 1836 2747 transferentibus
1862 2735 1872 2751 ,
1910 2705 2027 2742 verbis
2051 2708 2103 2743 uti
2126 2705 2221 2753 opti-

1196 2762 1263 2797 mis
1285 2761 1379 2798 licet.
1408 2761 1440 2796 C
1455 2773 1473 2794 Α
1492 2773 1514 2796 τ
1531 2772 1550 2794 Α
1566 2771 1601 2794 Ν.

101 1914 144 1944 ut
166 1907 229 1956 ipse
240 1908 398 1955 finieris,
429 1906 560 1946 omlis)
583 1908 694 1946 verbo
715 1907 767 1945 ais
789 1934 799 1952 ,
833 1907 895 1954 qui
919 1916 1017 1944 error
1038 1906 1118 1945 scri-

107 1966 249 2006 pturam
279 1959 413 2006 peperit
435 1957 537 1995 Voss.
560 1958 710 1995 almam
733 1968 773 1995 tu
793 1957 857 2006 ipse
873 1957 1016 2004 finieris.

159 2021 173 2045 1
209 2008 306 2044 Cum
329 2007 483 2046 omnibus
506 2008 697 2046 virtutibus
719 2007 888 2046 abundet.
909 2006 924 2055 ]
957 2009 1013 2044 Sic
1038 2008 1118 2045 vul.-

109 2714 159 2757 τῷ·
189 2724 267 2750 cum
290 2723 365 2749 non
387 2710 898 2750 redditurtuminfiieliffirno
913 2712 1122 2760 Ms.que1n

111 2761 350 2800 consuluimus
375 2791 384 2808 ,
422 2762 480 2800 sed
509 2773 566 2799 tuo
601 2764 673 2799 eius
704 2764 790 2799 loco
814 2762 993 2804 scribitur,
1020 2763 1123 2808 quod

111 2821 180 2848 nec
202 2812 385 2850 Livineius
407 2813 477 2861 ipse
493 2841 502 2857 ‚
529 2813 686 2850 Plinium
711 2813 865 2850 tracians
880 2841 889 2856 ‚
918 2814 1124 2860 improbare

113 2860 237 2898 voluit.
293 2862 422 2899 N‹)st:r
454 2872 548 2900 certe
570 2862 790 2910 saepissime,
821 2875 868 2900 ne
890 2863 1006 2900 dicam
1031 2862 1124 2900 seni-

114 2920 199 2957 per.
218 2911 328 2949 dietae
348 2913 541 2951 Particulae
566 2913 805 2951 indicativum
829 2914 952 2961 iungit.
970 2914 1123 2950 (lours.

167 2969 187 2994 2
215 2961 487 3008 Utileinprimis,
513 2963 937 3012 &multtprnecipiunt.]
970 2963 1121 3000 Heinist.

117 3005 225 3063 Vols..
251 3010 288 3046 δε
320 3010 382 3065 Ed.
412 3013 497 3052 Ver.
527 3014 610 3052 utile
641 3014 730 3052 mihi
757 3014 912 3063 primum
934 3025 977 3052 ω’
1000 3014 1123 3049 multis

114 3064 285 3108 tfusspu‘
305 3071 368 3098 ‘m
383 3087 394 3106 2
420 3062 475 3102 val
497 3073 565 3104 cet.
593 3065 704 3105 Arnz.
727 3065 813 3106 utile
835 3064 923 3106 mihi
939 3065 1097 3117 primum
1112 3092 1123 3111 ,

1247 2823 1269 2855 4
1302 2816 1353 2846 Ex
1380 2811 1529 2852 Latino,
1558 2808 1661 2857 eya]
1692 2809 1761 2845 Cui
1784 2809 1834 2845 rei
1857 2804 2042 2844 assentitur
2070 2805 2221 2853 Quinti-

1194 2861 1330 2897 lianus:
1361 2862 1424 2896 Seil
1445 2861 1552 2896 etiam
1579 2860 1640 2897 itta
1663 2872 1703 2896 ex
1730 2859 1869 2894 Latinis
1882 2855 2053 2902 converfio
2069 2855 2223 2891 multum

1194 2912 1375 2948 contulerit
1392 2928 1401 2946 .-
1433 2923 1517 2946 nam
1536 2923 1577 2945 ex
1600 2920 1746 2959 utroque
1770 2908 1860 2957 copia
1877 2935 1888 2951 ,
1909 2905 2127 2953 &facilitas
2140 2918 2221 2942 ma-

1197 2963 1290 2998 xime
1313 2961 1424 2999 venit.
1455 2961 1568 2998 IDEM.

1248 3025 1264 3058 ς
1296 3013 1401 3066 Copia
1429 3011 1635 3054 figurarum.
1661 3009 1675 3055 Ἰ
1705 3012 1816 3057 Quae
1836 3007 2131 3046 transferentibus
2154 3017 2219 3043 ex-

1195 3063 1389 3116 cogitanda
1416 3061 1475 3102 est·
1512 3062 1613 3102 Nam
1643 3060 1794 3110 figuras,
1817 3059 1948 3110 quibus
1979 3060 2139 3098 maxime
2162 3066 2222 3089 or-

2119 3113 2224 3142 natm:
