2616 3686
58 1440 60 1442 ·
126 1417 224 1456 idern
248 1420 296 1458 est
321 1448 331 1464 ‚
359 1422 421 1470 qui
446 1420 612 1469 fruga'is,
640 1422 679 1458 &
701 1420 747 1458 de
768 1420 872 1457 bono
894 1420 1151 1468 patrefamilias

384 191 399 220 τ
443 191 462 224 .·
521 183 625 233 L·1
658 180 857 231 BER
929 179 1132 229 v1.·E
1166 181 1258 228 1³1
1299 180 1414 228 s‘T
1450 183 1498 230 o
1535 183 1660 230 LVA
1729 183 1872 233 viii.
2170 211 2262 259 413

148 275 422 326 amorum.
471 257 662 312 Homo
687 255 761 310 est
784 254 797 276 ¹
820 253 975 308 alieni
1000 249 1487 314 abstinentissimu3‚
1529 253 1602 306 sui
1631 253 1883 322 diligens:
1920 257 2071 310 nullis
2099 277 2295 328 quae--

85 333 91 338 ’
147 334 301 390 stibus
335 331 613 385 sustinetur
635 371 651 398 ,
690 328 898 383 ‘nullus
923 326 991 379 illi
1023 363 1038 386 ‚
1077 323 1168 377 nili
1195 341 1262 377 ex
1289 325 1591 393 frugalitate
1617 326 1832 378 reditus.
1911 327 2043 380 Nam
2070 331 2264 388 studia,
2309 348 2338 384 6

148 403 335 477 quibus
361 405 649 474 plurimum
675 399 892 473 praestat
919 436 934 460 ‚
986 395 1052 449 ad
1087 397 1417 466 voluptatem
1449 410 1656 450 tantum
1688 402 1736 448 ά
1769 397 1990 464 gloriam
2020 416 2264 456 exercet:

148 479 316 549 gravis
353 476 427 529 est
466 478 513 529 ei
557 477 637 530 vel
669 474 881 528 minima
901 470 1133 541 jactura,
1171 473 1186 500 ⁸
1209 469 1333 538 quia
1364 485 1638 538 reparare,
1677 470 1824 539 quod
1854 469 2110 533 amiseriS,
2151 492 2268 543 gra-

145 551 260 604 vius
296 547 385 601 est.
425 547 617 602 Exime
650 548 789 600 huno
829 545 896 596 illi
933 581 947 602 ‚
991 544 1167 595 exime
1195 540 1340 594 hunc
1369 542 1497 594 milii
1524 541 1857 611 scrupulum:
1900 541 2004 594 sine
2035 560 2119 596 me
2154 548 2263 601 sua-
2290 548 2342 610 '7

147 622 310 676 vitate
347 621 492 688 ejus,
542 620 646 674 fine
679 619 698 645 ⁴
731 615 998 688 leporibus
1035 614 1252 684 persi-ui.
1331 614 1520 685 Neque
1557 618 1698 668 enim
1725 613 1929 684 polium
1959 616 2156 669 tristem
2187 624 2262 672 vi-

149 693 278 748 dere
301 732 315 756 ,
362 691 506 761 cujus
530 691 754 745 hilaritas
781 706 866 742 me
895 687 1095 742 tristem
1123 685 1225 740 effe
1254 703 1362 740 non
1389 688 1600 756 patitur.
1666 682 1732 739 ‘ln
1758 687 1959 740 summa
1985 694 1997 720 ⁵
2025 688 2157 742 nosti
2187 689 2261 744 fa·
2312 698 2340 746 8

147 772 306 820 cerias
341 765 593 817 hominis:
631 779 760 833 quas
798 762 956 814 velim
991 758 1232 814 attendas
1255 797 1269 821 ‚
1325 754 1343 777 ⁶
1380 776 1448 812 ne
1487 761 1540 812 in
1583 759 1742 812 bilem
1767 757 2256 818 &amaritudinem

146 850 312 891 vertat
346 833 544 903 injuria.
583 852 743 903 quam
778 836 886 888 vim
925 833 1113 887 habeat
1151 829 1380 884 offensus
1406 869 1421 894 ‚
1459 825 1474 852 ⁷
1499 832 1663 884 crede
1691 833 1770 893 ei,
1808 849 1965 903 quam
1992 834 2043 886 in
2073 852 2257 891 amore

139 907 308 963 habet.
347 907 471 961 Non
497 907 633 961 feret
662 922 913 976 magnum
942 905 994 958 δε
1021 915 1038 942 ⁸
1063 902 1289 958 liberum
1326 902 1600 972 ingenium
1641 900 1763 955 cu’m
1800 907 2124 960 contumelia
2164 909 2255 963 da-

140 995 340 1036 mnum.
385 984 588 1033 verum
618 995 675 1034 ut
703 979 833 1033 ferat
867 980 953 1033 ille
973 1016 988 1041 ,
1021 989 1040 1014 ⁹
1070 993 1174 1047 ego
1188 992 1368 1029 meum
1387 975 1641 1029 damnum
1662 992 1861 1038 ‚meam
1878 981 2262 1036 contumeliam
2303 994 2336 1036 9

138 1048 175 1073 ¹⁹
213 1051 534 1108 vindicabo:
589 1053 619 1083 ¹¹
657 1053 746 1108 sed
783 1068 893 1107 non
930 1065 1180 1122 tanquam
1224 1065 1324 1120 pro
1363 1065 1507 1112 mea,
1546 1047 1651 1104 hoc
1677 1046 1750 1102 est
1777 1050 2011 1119 gravius,
2051 1051 2262 1108 irascar.

2083 1125 2267 1195 Quan-

1274 1276 1292 1312 7
1322 1264 1433 1303 Crede
1464 1265 1526 1311 ei,
1565 1262 1724 1315 quam]
1764 1262 1928 1302 venusta
1960 1263 2102 1302 locutio
2123 1292 2133 1309 ,
2163 1266 2259 1304 crede

1223 1317 1361 1354 viribus
1394 1318 1457 1354 illis
1483 1345 1493 1361 ,
1532 1328 1621 1367 quis
1652 1318 1689 1355 in
1723 1326 1852 1352 amore
1883 1316 2005 1352 hibet.
2034 1315 2070 1352 h.
2093 1328 2123 1353 e.
2147 1328 2193 1353 ex
2217 1319 2257 1354 iis

1223 1366 1424 1415 persuaderi
1448 1376 1552 1416 potes
1567 1395 1577 1412 ‚
1604 1366 1688 1404 inde
1713 1375 1973 1414 argumentum
1998 1376 2126 1415 capere
2141 1376 2259 1414 potes.

1224 1418 1383 1465 Agimus
1415 1418 1461 1456 de
1496 1419 1551 1456 illa
1582 1417 1676 1455 infra
1709 1416 1756 1454 ad
1791 1417 1873 1453 Lib.
1899 1415 1945 1452 X.
1967 1416 2078 1462 Epist.
2104 1417 2151 1454 ll.
2170 1430 2206 1454 n.
2226 1429 2260 1456 2.

1224 1469 1319 1505 Sicut
1336 1478 1427 1517 potes
1452 1469 1584 1506 duobus
1606 1468 1851 1505 matrimoniis
1871 1466 1956 1503 meis
1977 1466 2136 1504 credere.

1275 1518 1295 1555 8
1327 1518 1493 1556 Liberum
1514 1517 1733 1568 ingenium.]
1765 1518 1950 1554 Libertate
1974 1516 2118 1555 dicendi
2130 1526 2260 1564 utens,

1225 1580 1304 1605 non
1337 1569 1524 1607 blandiens
1547 1597 1556 1613 ,
1593 1568 1652 1606 scd
1687 1567 1827 1606 fortiter
1859 1567 2030 1615 loquens.
2071 1568 2201 1606 SeneC.
2223 1571 2274 1608 in>

1224 1618 1428 1657 Proverbiis
1453 1647 1464 1663 ,
1503 1618 1768 1657 Contumeliam
1799 1629 1856 1655 nec
1880 1618 1990 1663 fortis
2018 1617 2124 1666 potest
2145 1646 2156 1662 ,
2199 1633 2258 1656 nec

1224 1669 1403 1717 ingenuus
1417 1670 1507 1718 pati.
1536 1669 1657 1707 Item:
1681 1668 1890 1715 Ingenuitas
1914 1680 1982 1704 non
2004 1668 2118 1716 recipit
2135 1680 2261 1706 contu-

1224 1719 1382 1757 meliam.
1421 1720 1616 1758 Caum.
1655 1718 1849 1756 Mediccus
1874 1729 1882 1753 ε
1929 1730 2008 1755 cum
2045 1720 2259 1759 contumelia

1228 1770 1368 1808 damni.

1273 1834 1296 1869 9
1320 1826 1389 1871 Ego
1411 1835 1528 1859 meum
1548 1822 1736 1860 damnum.
1761 1820 1776 1872 ]

158 1256 198 1307 ”1
226 1266 346 1306 Auem·
376 1267 680 1318 abstinemiffimus
705 1296 717 1313 ,
745 1267 805 1316 sus·
827 1265 1015 1316 diligens]
1047 1269 1150 1307 con-

128 1324 182 1356 tra
204 1318 356 1357 Catilina
377 1321 473 1367 apud
496 1320 627 1359 Sallust.
651 1331 725 1369 cap.
750 1319 798 1354 V.
821 1330 855 1355 n.
877 1332 910 1365 4
942 1318 1061 1356 Alieni
1083 1321 1145 1356 ad-

122 1377 264 1424 petens,
282 1370 340 1418 sui
365 1371 536 1420 profusus.
568 1372 628 1410 ubi
663 1368 802 1408 videsis.
841 1369 999 1418 Diligens
1025 1381 1148 1408 autem

125 1470 273 1518 proprie
294 1469 389 1515 dici,
417 1471 685 1508 observavimus
707 1469 752 1507 ad
775 1470 856 1506 Lib.
880 1470 930 1507 ΙΙ.
952 1471 1062 1519 Epist.
1083 1472 1150 1509 VI.

123 1530 160 1557 n.
187 1532 222 1568 ι..
239 1519 415 1558 hominem
437 1521 581 1557 lautum
606 1531 650 1559 cy
674 1519 898 1566 diligentem.

151 1581 195 1609 ..2
224 1570 356 1608 Nullus
378 1572 450 1614 illi,
478 1570 540 1608 nisi
563 1584 604 1608 ex
621 1571 674 1616 fr.
700 1569 758 1617 r.]
800 1569 855 1605 Sic
878 1569 1077 1617 Optimus,
1105 1571 1152 1608 fic

123 1619 241 1657 Aldus
274 1621 405 1670 aliique
438 1622 604 1669 impressi.
635 1619 741 1657 reste.
790 1619 954 1657 Absurde
998 1620 1151 1660 Helmst.

126 1672 166 1708 ὅ(
198 1669 263 1708 Ed.
297 1672 380 1709 Ver.
407 1671 525 1708 nullus
548 1668 822 1717 exst-agalmate
846 1670 1001 1712 reditum
1035 1672 1149 1710 Arnz.

125 1720 245 1758 nullus
260 1721 315 1758 illi
335 1736 376 1759 ex
391 1726 490 1771 frug.
512 1736 541 1759 r.
572 1719 672 1761 Vols
694 1718 810 1758 nullus
839 1746 850 1764 ,
877 1718 941 1770 nisi
961 1733 1003 1758 ex
1018 1722 1151 1772 fruga-

126 1769 231 1809 litate
252 1774 399 1811 reditus.

178 1833 198 1871 3
230 1823 328 1871 Quia
356 1833 518 1872 reparare
549 1824 640 1874 quod
673 1836 745 1861 am.
771 1835 804 1872 g.
835 1821 898 1872 e.]
927 1822 1148 1863 Mediceus:

126 1880 239 1919 quam
268 1884 441 1922 reparare.
480 1876 628 1913 Librarii
661 1876 762 1913 vitio.
816 1873 946 1911 Cetera
978 1875 1005 1912 is
1027 1875 1149 1913 incor-

128 1921 440 2021 {²1⁹}Zs532ss‘21
462 1927 567 2015 ἐξ.
584 1923 1148 2024 ῖὲὲηῗὲἓὲρρἒῑαξάὲῃζῖὲὲ

1805 1820 1964 1859 Videtur
1986 1820 2154 1862 excidisse
2175 1837 2258 1872 par-

1220 1872 1350 1917 ticula,
1379 1883 1464 1910 cum
1486 1872 1601 1911 esset:
1635 1884 1761 1910 verum
1787 1902 1796 1918 ‚
1825 1884 1863 1909 ut
1876 1874 1976 1919 ferat
1999 1873 2079 1917 ille,
2109 1888 2186 1922 ego,
2216 1884 2256 1913 ut

1219 1935 1336 1961 meum
1360 1924 1558 1970 damnum,
1587 1937 1702 1962 meam
1733 1923 1982 1961 contumellam
2009 1951 2019 1968 ‚
2046 1925 2254 1964 vindicabo.

1221 1972 1408 2011 Gaoxov.
1438 1976 1538 2013 Nihil
1562 1975 1704 2013 excidit.
1735 1975 1834 2014 Nam
1859 1976 2083 2012 contumelia
2119 1977 2157 2014 ὃ(
2191 1977 2254 2014 da-

129 2023 347 2062 emendabat
368 2027 459 2075 quod
480 2027 634 2076 amistrit
648 2054 658 2071 ‚
687 2025 788 2075 quod
811 2025 922 2065 exstat
940 2025 1145 2067 inHelmst
1219 2035 1350 2062 innum
1375 2025 1491 2064 Attilii
1513 2027 1561 2064 ita
1584 2037 1670 2063 cum
1683 2026 1907 2063 contumelia
1922 2026 1960 2062 8<
1974 2024 2111 2062 damno
2123 2026 2227 2065 Plinii
2243 2056 2254 2073 ‚

125 2070 237 2108 Arnz.
264 2075 300 2111 &
325 2076 414 2114 Edd.
438 2077 473 2114 V
477 2087 536 2116 ett.
556 2077 615 2116 sed
637 2088 837 2126 perperam.
874 2077 1001 2115 Altera
1027 2077 1146 2118 forma
1219 2084 1368 2124 propter
1405 2085 1519 2115 artam
1555 2075 1837 2114 familiaritatem
1869 2104 1878 2120 ,
1905 2075 2103 2112 coniunfia
2129 2088 2228 2115 erant
2244 2108 2255 2122 ‚

126 2120 166 2157 &
204 2124 400 2171 elegantior
441 2127 489 2165 est
511 2158 521 2174 ‚
571 2130 609 2167 &
642 2129 759 2166 latiori
799 2127 996 2167 sententiae
1029 2129 1145 2168 servit,
1219 2127 1328 2172 uris,
1358 2127 1468 2166 plinio
1491 2127 1660 2165 incolumi
1686 2156 1696 2173 ,
1731 2128 1903 2165 iniuriam
1924 2128 2070 2176 accipere
2093 2139 2161 2163 non
2180 2130 2254 2178 pos-

122 2168 303 2221 Exempja
335 2177 498 2217 dedimus
529 2180 575 2218 ad
616 2178 748 2218 sallust,
780 2178 859 2226 Iug,
892 2190 968 2228 cap.
996 2180 1021 2217 1,
1050 2191 1084 2217 η,
1113 2194 1146 2220 2,
1209 2177 1289 2224 set,
1320 2178 1424 2227 quod
1447 2178 1578 2227 scripsit
1601 2190 1634 2215 n.
1659 2192 1691 2225 4.
1739 2178 1862 2215 Etiam
1887 2177 1991 2226 quod
2014 2177 2171 2224 sequitur
2189 2188 2251 2226 pro

124 2225 246 2270 Neque
269 2229 384 2265 maius
405 2230 530 2276 aliud,
560 2244 665 2280 neque
682 2228 920 2279 praestabilius
941 2231 1112 2270 invenias,
1217 2240 1295 2264 mea
1325 2230 1542 2267 Particulam
1575 2230 1636 2267 hic
1663 2241 1740 2266 non
1772 2228 1942 2265 admittit.
1971 2228 2028 2264 Sic
2050 2226 2157 2274 Epist.
2182 2230 2217 2265 V
2225 2229 2250 2266 1.

174 2285 198 2317 4
228 2279 444 2329 Leporibu5.]
475 2279 622 2320 Facetiis
644 2309 655 2324 ,
681 2279 877 2318 venustate.
907 2285 1005 2328 Lepos
1020 2283 1117 2320 enim
1134 2312 1144 2329 ,
1218 2287 1309 2316 extr.
1324 2277 1358 2328 fi
1381 2291 1531 2328 negatur
1552 2308 1562 2324 ,
1589 2290 1674 2316 mea
1698 2278 1833 2328 repulsa
1857 2278 1912 2323 est.
2330 2327 2332 2330 Ι

123 2322 328 2365 auctoribus
363 2331 516 2369 Donato
553 2333 590 2370 ὃ(
613 2331 818 2373 Cicerone,
846 2329 1010 2369 venustas
1033 2335 1072 2370 ὃ(
1093 2334 1144 2372 fe-
1271 2342 1315 2367 10
1348 2327 1584 2377 Vindicabo.]
1615 2329 1657 2366 Id
1688 2328 1735 2365 est
1765 2327 1918 2364 ulciscar.
1943 2327 2098 2364 Canu.
2129 2327 2250 2365 Vindi-

122 2371 254 2412 ssivitas
277 2379 345 2417 est2
374 2381 473 2420 unde
495 2384 613 2421 mimo
637 2382 706 2426 1111,
728 2380 831 2429 quod
849 2381 999 2428 gratiose
1011 2383 1147 2423 saltaret
1216 2378 1334 2428 cabo]
1376 2381 1432 2418 Sic
1464 2379 1584 2416 Vetus
1616 2378 1740 2416 Editio
1769 2388 1959 2425 anonyma
1984 2406 1993 2421 ‚
2044 2379 2081 2415 δέ
2114 2378 2249 2426 placuit

125 2423 165 2461 δε
187 2425 439 2476 eloqueretur,
471 2445 610 2471 nomen
644 2432 800 2471 inditum
829 2432 959 2480 Lepori.
1000 2435 1143 2483 Lepidus
1217 2430 1417 2466 Catanaeo.
1468 2430 1624 2467 Ce'rerae
1644 2428 1806 2476 judicabo
1828 2436 1889 2464 aut
1911 2427 2070 2464 indicabo
2088 2455 2097 2472 ,
2128 2430 2248 2468 minus

124 2481 248 2513 altem
264 2506 273 2520 ‚
301 2484 362 2529 qui
388 2485 518 2530 politus
542 2484 599 2522 est.
629 2485 695 2522 CA
713 2496 735 2520 τ
751 2496 771 2520 Α
788 2494 821 2519 Ν.
1216 2481 1378 2518 nervose.
1420 2481 1612 2518 Gau-rm.
1651 2478 1774 2516 Nostri
1797 2480 1908 2515 etiam
1931 2490 2063 2516 omnes
2083 2479 2244 2518 iudicabo

146 2538 194 2575 «ς
225 2529 321 2574 Nosti
346 2534 495 2577 facetias
529 2533 738 2583 hominis.]
782 2534 868 2570 Eius
898 2531 1008 2572 habet
1040 2533 1143 2573 Voss.
1214 2541 1281 2578 pro
1317 2542 1406 2569 vero
1441 2530 1626 2568 vindicabo
1652 2559 1660 2574 ‚
1707 2540 1801 2577 quae
1834 2529 1943 2566 verba
1985 2537 2165 2578 perpetuo
2208 2532 2245 2568 in

124 2575 163 2614 ὃ(
185 2577 338 2617 Helmll.
364 2595 429 2631 pro
456 2586 587 2624 ultimo
610 2585 816 2626 vocabum,
845 2582 956 2632 idque
969 2597 1011 2622 ex
1025 2595 1144 2634 aperta
1218 2581 1321 2619 Libb.
1350 2583 1451 2619 Vett.
1487 2580 1764 2618 confunduntur
1789 2607 1799 2624 ,
1836 2580 1965 2628 pariter
1990 2588 2030 2617 ut
2049 2579 2184 2619 vindex
2207 2583 2247 2619 ὅ(

125 2625 257 2666 Gloffa.
285 2632 425 2672 Patebit
447 2648 491 2674 ex
516 2645 602 2674 nota
626 2636 670 2673 ad
693 2636 771 2673 Lib.
794 2634 859 2671 IV.
883 2634 989 2680 Epist.
1004 2635 1143 2675 II.n.2,

125 2680 182 2713 Ita
204 2679 309 2730 vulgo
328 2697 370 2720 ex
395 2686 547 2724 moribus
568 2688 731 2724 hominis
755 2684 997 2733 loquebantur.

148 2728 195 2785 *6
220 2735 274 2770 Ne
305 2734 340 2771 in
370 2735 474 2773 bilem
507 2748 570 2774 aut
603 2737 881 2775 amaritudinem
905 2746 1028 2773 vertat
1050 2738 1142 2786 inju-

125 2777 220 2828 Νι]
255 2782 314 2822 Ne
332 2788 484 2825 irritatus
507 2789 639 2836 ingenii
664 2790 738 2826 vim
765 2799 784 2823 a
808 2786 942 2824 facetiis
967 2814 978 2830 ‚
1005 2789 1040 2825 in
1064 2791 1143 2837 qui-

122 2825 189 2865 hus
208 2834 360 2874 multum
384 2837 492 2884 facit,
519 2840 563 2877 ad
586 2841 752 2876 convicia
776 2846 891 2875 verrat
912 2850 919 2874 :
948 2848 1065 2887 aeque
1087 2840 1143 2876 fu-

128 2883 225 2930 mfus
254 2894 393 2926 amarus
423 2902 463 2927 ac
492 2889 647 2928 mordax
676 2890 752 2938 jam
777 2890 883 2925 iratus
906 2899 946 2924 ac
966 2897 1140 2933 tuinens;

128 2935 238 2983 quam
262 2933 401 2977 festivus
425 2942 462 2979 &
484 2941 624 2990 lepidus
639 2969 648 2983 ‚
663 2951 748 2977 cum
771 2939 887 2977 hilaris
908 2950 950 2975 ac
973 2939 1143 2978 remissus.

128 2975 231 3020 Qffld
256 2990 455 3027 amaritudo
487 2991 527 3029 sit
552 3020 561 3035 ‚
594 2992 696 3039 supra
727 2990 895 3027 diximus.
933 2989 1142 3027 BUCHNER.

128 3023 233 3061 V0ff-
265 3031 413 3076 Heimst.
445 3041 510 3080 Ed.
541 3043 630 3079 vet.
661 3043 698 3079 ὃς
728 3041 946 3090 Gryphius:
977 3040 1013 3075 in
1037 3040 1139 3077 bitem

118 3082 198 3164 ¹:355
223 3088 540 3166 &mutitudinem3
580 3093 693 3131 Arnz.
737 3092 806 3131 vel.
861 3090 932 3132 Sed
979 3091 1143 3141 Yeterri-

1218 2632 1348 2676 iudex,
1378 2633 1434 2669 vis
1460 2633 1496 2670 δί
1519 2632 1581 2668 ius.

1269 2692 1306 2719 11
1339 2684 1403 2719 Sed
1416 2696 1483 2719 non
1497 2694 1685 2732 tamquam
1695 2692 1755 2733 pro
1778 2693 1857 2719 mea
1878 2690 1945 2719 cet.
1966 2680 1984 2730 ]
2015 2682 2104 2719 Non
2125 2681 2244 2730 placet

1212 2732 1302 2769 haec
1323 2733 1511 2771 distinctio.
1542 2734 1665 2772 Scribo
1682 2743 1806 2772 totum
1827 2733 1954 2769 locum
1991 2734 2040 2769 ita
2064 2745 2073 2769 :
2114 2737 2246 2770 Verum>

1214 2794 1252 2818 ue
1275 2784 1377 2830 serat
1402 2783 1461 2820 ille
1482 2813 1490 2826 ‚
1533 2798 1587 2832 ego
1610 2798 1726 2822 meum
1749 2786 1925 2820 damnum
1947 2812 1956 2826 ‚
1984 2795 2100 2820 meam
2119 2793 2240 2819 contu·-

1212 2834 1352 2871 melium
1386 2834 1576 2872 vindicabo
1599 2863 1609 2879 ‚
1650 2836 1713 2883 sed
1743 2847 1812 2871 non
1847 2844 2035 2882 tamquam
2059 2843 2119 2881 pro
2148 2846 2241 2871 mea.

1216 2889 1281 2919 Hoc
1311 2883 1357 2930 cst
1380 2913 1389 2928 ,
1425 2885 1576 2934 gravius
1607 2886 1752 2934 irascar.
1806 2884 2020 2922 Sententia:
2068 2884 2151 2922 licet
2182 2884 2239 2922 ille

1213 2935 1311 2972 suam
1345 2936 1430 2974 velit
1462 2935 1554 2973 ferre
1587 2937 1850 2974 contumeliam
1872 2962 1882 2977 ,
1918 2943 2046 2972 tamen
2068 2945 2139 2982 ego
2161 2946 2240 2971 non

1217 2986 1329 3022 feram
1355 2998 1476 3024 meam
1493 3014 1503 3029 ‚
1531 2997 1626 3033 quae
1650 2988 1740 3024 mihi
1760 2997 1823 3035 per
1847 2983 1950 3032 ipsius
1974 2986 2239 3023 contumeliam

1214 3035 1383 3074 adfertur.
1411 3037 1458 3075 Et
1481 3036 1595 3073 feram
1620 3048 1697 3074 non
1719 3045 1908 3086 tamquam
1934 3047 2018 3073 mea
2043 3034 2151 3079 effer,
2179 3045 2241 3071 aur

1213 3086 1302 3127 mihi
1335 3088 1428 3129 illata
1453 3115 1465 3135 ‚
1501 3086 1667 3177 sebdfifpsi.
1720 3087 1809 3127 Hoc
1831 3087 1905 3135 est,
1935 3086 2049 3126 feram
2073 3088 2239 3139 gravius.

1631 3151 1651 3189 3
2149 3143 2241 3183 qma
