2616 3686
511 185 1927 244 L·113ERV1.EP15'TOLAXXH.
2104 214 2278 270 ·447

138 286 166 312 ⁶
189 266 348 324 Circa
373 278 459 318 me
487 272 694 317 tantum
721 257 1054 329 benignitate
1079 258 1239 311 nimia
1267 258 1491 314 modum
1517 263 1767 326 excessit‚
1802 267 1892 318 nisi
1916 269 2066 338 quod
2094 284 2268 332 tamen
2312 292 2342 332 6

137 341 311 423 Poetis
338 335 550 420 mentiri
576 335 717 390 licet.
763 331 848 416 ’In
876 331 1076 413 summa
1099 329 1444 414 extorquebo
1471 334 1520 386 ei
1549 333 1742 416 librum
1788 375 1803 397 ,
1842 338 2271 416 legendumque,
2307 372 2339 418 7

137 429 303 467 immo
327 407 675 464 ediscendum
703 416 910 460 mittam
939 403 1054 465 tibi,
1131 404 1327 476 Neque
1361 421 1506 459 enim
1536 398 1728 462 dubito
1757 405 2028 474 futurum,
2067 429 2125 469 ut
2158 435 2269 474 non

140 484 403 557 deponaS,
440 480 655 537 fisemel
682 477 976 549 sumpseris
1013 475 1170 530 Vale.

332 622 1184 713 XX¹¹·C·PL1N10⁸
1259 624 1674 680 TYRONI
1748 627 1927 683 suo
2003 631 2054 687 S.

137 765 434 837 Calestrium
455 753 726 833 Tyrmtem,
767 761 1206 831 Proconsulatum
1238 760 1489 815 Baeticae
1501 764 1760 840 sortitum
1783 804 1798 828 ,
1838 759 2004 821 monet
2030 774 2260 844 exemplo

199 837 513 900 Bruttiani,
555 854 616 889 ne
644 836 728 887 cui
754 836 966 904 fitorum
978 835 1150 905 facile
1177 834 1373 900 credat.
1427 834 1487 887 Is
1509 839 1643 888 enim
1669 835 1788 890 dum
1820 843 1939 907 effet
1964 844 2017 895 in
2029 848 2260 914 provin-

195 911 280 963 cia
301 949 317 972 ,
335 910 417 967 Ἕέ
444 909 504 963 de
515 908 752 982 flagitiis
764 907 900 977 socii
912 908 1005 976 sui
1031 908 1275 961 Atticini
1303 907 1840 980 Casffaristripstſjet,
1880 920 2152 985 accusatus
2190 918 2255 973 ab

192 1000 246 1037 eo
280 982 348 1055 est
373 984 669 1054 absolutus,
710 981 953 1034 damnato
980 981 1242 1035 Atticino·

120 1121 441 1258 MAgna
464 1139 548 1177 res
570 1117 681 1175 aista
706 1119 780 1174 est
808 1119 1078 1182 omnium,
1117 1119 1210 1191 qui
1247 1117 1366 1174 sunt
1392 1120 1684 1192 provinciis
1709 1122 2028 1193 praefuturi,
2062 1142 2250 1197 magna

284 1199 556 1257 omnium,
595 1193 688 1265 qui
727 1192 779 1247 se
817 1207 834 1227 ²
869 1193 1177 1263 simpliciter
1213 1193 1443 1247 credunt
1473 1194 1671 1248 amicis.
1751 1195 1764 1221 ³
1787 1196 2061 1256 Lustricus
2091 1199 2252 1254 Brut·
2296 1219 2329 1255 z

117 1269 313 1331 tianUS,
351 1285 475 1322 curn
508 1269 529 1295 ⁴
567 1268 894 1322 Montanum
923 1266 1226 1320 Atticinum
1253 1264 1266 1290 ⁵
1294 1267 1551 1321 comitem
1580 1266 1729 1322 suum
1755 1273 1807 1323 in
1836 1270 2016 1325 multis
2039 1269 2252 1343 flagitiis

78 1396 82 1400 Α
117 1338 579 1410 deprehendiss'et,
616 1339 830 1394 Caesari
862 1337 1078 1409 sci-ipsit.
1156 1338 1431 1393 Atticinus
1466 1337 1679 1410 flagitiis
1720 1341 1963 1407 addidit,
2004 1357 2061 1397 ut
2084 1342 2250 1416 quem

115 1410 449 1484 deceperat,
493 1413 779 1476 accusaret.
854 1410 1385 1483 Recepta'cognitio
1418 1410 1491 1466 est
1515 1450 1539 1476 ‚‚
1579 1409 1596 1432 ⁶
1621 1412 1699 1468 fui
1734 1415 1788 1469 in
1825 1415 2083 1469 consilio:
2136 1421 2248 1488 egit

2019 1502 2249 1562 uterque

111 1624 318 1664 cavendum
351 1622 414 1661 fibi
447 1621 665 1660 existimavit
684 1650 695 1666 ‚
745 1580 803 1660 τις
824 1619 923 1658 idem
946 1621 983 1658 in
1008 1623 1138 1662 vitium
1204 1629 1285 1659 tur:
1312 1621 1399 1660 ideo
1421 1622 1638 1673 benignitate
1660 1624 1773 1663 nimia
1797 1626 1942 1664 modum
1954 1626 2107 1677 exceffiffe
2120 1627 2247 1668 scribit.

114 1677 290 1715 incideret
328 1704 339 1719 ‚
378 1676 415 1712 δί
449 1674 484 1709 in
518 1671 707 1710 scribendis
745 1670 949 1710 comoediis
986 1674 1141 1712 versare·
1212 1673 1427 1710 Rucuma.

108 1734 167 1764 tur
194 1729 318 1770 aliter,
349 1735 461 1775 quam
496 1723 641 1761 deceret
677 1733 718 1760 ac
750 1722 802 1761 fas
836 1720 934 1760 effer.
991 1723 1033 1760 In
1063 1736 1140 1774 quo
1259 1735 1281 1759 2
1309 1723 1558 1773 simplicium]
1587 1724 1797 1764 Inconsulte
1820 1728 1858 1765 ὃς
1880 1738 2011 1776 parum
2034 1738 2150 1768 caute.
2191 1731 2246 1770 Ita

111 1778 185 1815 hoc
227 1775 571 1826 temperamentum
620 1773 811 1822 sequutum
863 1773 1013 1810 arbitror
1037 1803 1048 1819 ‚
1101 1783 1141 1813 ut
1211 1774 1309 1811 enim
1334 1773 1545 1823 fimplicitas
1575 1776 1773 1826 aliquando
1806 1789 1873 1826 pro
1905 1778 2048 1818 stultitia
2072 1783 2245 1830 ponitur,

112 1838 273 1875 quorum
300 1827 462 1866 libidines
510 1826 754 1874 rapacitasque
803 1831 912 1871 atque
960 1826 1141 1872 ambitio,
1212 1825 1250 1862 ὃ(
1273 1825 1530 1873 providentiae
1557 1828 1768 1875 opponitur.
1797 1829 1854 1866 10
1870 1842 1891 1867 E
1907 1843 1947 1867 M.

113 1887 155 1913 ac
204 1877 308 1915 fastus
356 1879 395 1914 δε
442 1874 735 1924 repraesentanda
772 1876 811 1914 ὅ(
846 1874 1052 1914 insectanda
1088 1879 1142 1916 es-
1260 1886 1278 1923 3
1311 1874 1481 1922 Lustricus
1497 1878 1752 1927 Bruttianus.]
1783 1879 1857 1917 Hic
1870 1880 1989 1919 estille
2003 1882 2242 1929 Bruttianus,

110 1927 186 1964 sent
211 1956 221 1972 ,
260 1926 350 1965 fietis
388 1926 619 1969 nominibus,
670 1926 729 1965 sed
766 1927 1048 1974 congruentibus
1086 1936 1140 1967 ta-
1211 1924 1257 1964 de
1280 1937 1357 1976 quo
1379 1926 1425 1964 ad
1446 1928 1626 1966 Thali-ain
1645 1929 1794 1969 Martial
1816 1931 1922 1980 Epig.
1944 1931 2161 1972 XXII.Lib.
2175 1933 2242 1973 IV.

113 1989 200 2014 men
237 2007 247 2022 ,
303 1979 341 2016 δε
397 1977 654 2015 inducerentur
700 1979 739 2015 &
785 1976 1103 2026 perstringerentur
1124 1995 1136 2025 ;

108 2035 144 2064 at
193 2040 354 2076 quorum
389 2026 620 2065 ostentandae
647 2028 956 2078 exornandaeque
988 2030 1136 2070 virtutes

110 2076 223 2116 effen‘t
249 2109 256 2123 ‚
297 2080 343 2118 iiii
392 2077 455 2128 ipfi
501 2078 563 2116 sub
608 2079 672 2116 suis
724 2079 908 2118 vocabulis
955 2079 1136 2128 produce-

106 2138 230 2166 rentur
279 2132 314 2167 in
360 2129 514 2167 scenam.
570 2130 667 2167 Nam
715 2131 983 2180 reprehendere
1021 2134 1131 2179 vitia,

108 2181 267 2228 personis·
294 2191 437 2230 parcere
459 2210 469 2225 ‚
502 2189 543 2218 ut
580 2183 673 2219 cauti
700 2192 742 2218 ac
771 2180 936 2222 custoditi
970 2183 1133 2223 hominis
1816 2201 1823 2206 ·

104 2230 178 2274 e1t;
210 2231 254 2269 lic
301 2232 489 2269 neminem
537 2232 594 2270 sua
638 2233 778 2280 privare
824 2233 930 2271 laude
959 2261 970 2278 ,
1009 2235 1048 2271 &
1086 2236 1134 2274 est
1197 2234 1353 2273 CATAN.
1381 2234 1597 2273 Mediceus:
1629 2232 2095 2279 LustriciuszRecentiores
2109 2233 2230 2272 Codd.

102 2282 251 2330 ingenui
301 2283 464 2320 maxime
493 2311 502 2327 ‚
549 2284 587 2321 ὃ(
624 2285 792 2330 quemvis
830 2283 945 2322 decet.
1003 2285 1131 2335 Itaque
1198 2287 1426 2323 Bruttianus.

103 2330 193 2370 fietis
218 2335 374 2377 decore,
404 2336 496 2372 veris
520 2334 729 2371 nominibus
749 2341 831 2382 apte
854 2335 906 2372 uti
931 2363 940 2378 ‚
980 2336 1016 2372 in
1043 2337 1130 2376 loco
1248 2349 1271 2381 4
1301 2341 1525 2373 Montanum
1563 2335 1776 2372 Atticinum.
1799 2332 1816 2382 ]
1861 2340 2055 2371 Montanos
2092 2334 2231 2372 multos

104 2382 152 2421 est
182 2387 232 2423 uti
260 2414 269 2429 ‚
308 2397 350 2422 ac
382 2386 647 2423 convenienter
671 2397 678 2420 :
707 2384 779 2420 hoc
803 2384 874 2429 est,
901 2394 941 2422 ut
963 2385 1068 2425 decet
1092 2391 1130 2428 &
1198 2387 1404 2434 comperio.
1443 2385 1592 2429 Julium
1626 2390 1848 2421 Montanum
1879 2413 1888 2428 ,
1920 2391 2142 2422 Montanum
2168 2391 2232 2422 Vo-

102 2433 199 2474 laudi
218 2435 277 2473 est.
317 2436 381 2472 Bu
398 2447 494 2472 crin
510 2449 580 2473 εκ.
618 2435 793 2472 Martialis
817 2435 968 2473 Praefat.
994 2437 1076 2475 Lib.
1101 2438 1129 2476 1.
1196 2436 1331 2473 tionum
1358 2465 1367 2480 ,
1419 2440 1640 2473 Montanum
1700 2435 1885 2484 Hisponem
1944 2436 2231 2481 declamatores,

105 2490 198 2535 Spero
220 2500 275 2524 me
288 2487 449 2536 secusiam
473 2488 509 2523 in
534 2486 654 2524 libellis
679 2487 760 2522 meis
783 2485 854 2522 tale
875 2495 1130 2533 temperamen-
1199 2491 1421 2524 Montanum
1436 2486 1612 2523 Tranium
1628 2514 1638 2530 ,
1664 2490 1884 2523 Montanum
1908 2486 2084 2534 Alpinum
2100 2514 2109 2530 ,
2137 2489 2231 2523 Cur-

106 2546 181 2576 tum
201 2566 211 2582 ,
248 2548 288 2574 ut
323 2538 364 2574 de
385 2537 456 2574 illis
481 2539 576 2587 queri
598 2551 668 2574 non
688 2535 778 2585 poffit
803 2565 812 2580 ‚
863 2537 1017 2586 quisquis
1039 2540 1132 2589 dese
1158 2545 1162 2580 i
1194 2540 1288 2574 tium
1304 2543 1544 2581 Montanum,
1575 2537 1620 2573 ad
1635 2548 1747 2587 quem
1758 2536 1838 2574 aiibi
1854 2536 2065 2579 Secundus;
2097 2536 2232 2581 Juven.

107 2587 185 2626 bene
203 2589 349 2637 senskrit
372 2617 383 2632 ,
418 2600 493 2624 cum
509 2589 621 2637 salva
645 2587 852 2636 infimarum
873 2600 1004 2636 quoque
1022 2591 1134 2640 perso·
1160 2594 1163 2626 ἓ
1199 2592 1237 2627 &
1271 2589 1424 2626 Tacitus
1458 2589 1675 2626 Senatorem
1713 2585 1816 2625 fuisse
1840 2597 2036 2626 memorat.
2068 2591 2105 2623 L.
2130 2599 2233 2635 prae-

109 2651 235 2676 narum
256 2640 456 2676 reverentia
481 2638 613 2676 ludant
637 2656 648 2674 .-
681 2652 766 2687 quae
789 2639 873 2674 adeo
894 2640 1049 2687 antiquis
1071 2654 1138 2678 au·
1161 2642 1165 2694 ζ
1198 2650 1298 2677 terea
1322 2640 1455 2677 ‘sitium
1481 2643 1702 2675 Montanum
1725 2637 1795 2675 VI.
1815 2641 1883 2676 vir.
1905 2638 2008 2676 aedil.
2033 2636 2080 2674 11.
2105 2640 2169 2675 vir.
2193 2640 2232 2676 in

109 2690 253 2728 floribus
286 2691 400 2737 defuit
423 2718 433 2735 ‚
470 2701 510 2726 ut
545 2691 758 2726 nominibus
781 2702 848 2726 non
872 2699 1017 2728 tantum
1041 2694 1135 2730 veris
1163 2695 1166 2738 ζ
1202 2692 1391 2733 memoriis
1414 2690 1604 2737 municipii
1626 2689 1763 2728 Ticini.
1792 2689 1948 2727 CATAN.
1976 2689 2231 2727 Veterrimus:

111 2738 204 2788 abuss
220 2742 292 2788 fint
307 2770 317 2785 ,
337 2742 403 2791 sed
426 2752 468 2780 ω’
492 2742 641 2789 magnis.
673 2741 825 2778 Beiss'ffl.
854 2740 957 2788 Lege
973 2741 1133 2780 adillum
1203 2742 1444 2779 Montanium
1469 2740 1685 2777 Atticinum.

114 2787 237 2829 Iocum
258 2792 454 2830 Raderum.
1258 2805 1274 2840 5
1307 2789 1529 2839 Comitem]
1583 2792 1777 2839 Legatum.
1822 2789 1950 2828 Postea
1983 2788 2057 2827 hoc
2090 2800 2234 2828 nomen

166 2852 184 2878 1
211 2842 309 2878 Circa
332 2856 384 2880 me
405 2854 553 2880 tantum
577 2842 802 2891 benignitate.
827 2842 842 2890 ]
870 2842 969 2879 Hinc
1000 2845 1136 2891 colligi·
1165 2850 1170 2913 1
1203 2842 1350 2880 Comitis
1383 2842 1505 2880 transit
1539 2843 1576 2879 in
1609 2854 1749 2879 nornen
1773 2840 1964 2889 dignitatis.
2021 2840 2118 2877 Nam
2142 2840 2232 2878 loco

116 2895 194 2933 tur·
219 2901 299 2930 cum
321 2894 392 2932 aliis
417 2895 506 2932 iuius
529 2896 704 2943 temporis
727 2893 944 2941 principibus
968 2905 1008 2931 ac
1031 2906 1133 2942 prae·
1203 2895 1309 2941 legati
1346 2895 1383 2931 δέ
1406 2904 1549 2942 procos.
1572 2893 1708 2939 saepius
1728 2894 1892 2940 juniores
1916 2891 2053 2929 comites
2075 2891 2234 2939 appelia-

120 2939 216 2978 ciaris
236 2941 316 2979 viris
335 2971 345 2986 ‚
379 2953 459 2983 tum
480 2945 599 2983 Plinio
621 2946 729 2984 etiam
755 2946 791 2981 in
815 2945 871 2981 iiia
897 2943 1012 2981 fabrita
1036 2945 1133 2983 datis
1201 2956 1310 2982 vere:
1341 2945 1473 2982 deinde
1505 2944 1540 2981 se
1571 2942 1714 2982 diffudit
1744 2943 1790 2979 ad
1821 2943 1888 2980 aii-a
1921 2941 2040 2980 officia
2066 2970 2074 2985 ‚
2104 2950 2143 2979 ut
2167 2953 2234 2990 pro

119 2987 220 3027 fuiss'e
251 3001 362 3037 partes
388 3007 398 3031 ·.
423 3004 464 3033 ut
485 2997 562 3044 ejus
584 2994 728 3034 iFustres
752 2998 904 3033 virtutes
927 3006 1002 3032 non
1028 3008 1134 3033 com·
1167 3035 1169 3040 .
1203 2998 1341 3034 vicariis
1364 2997 1501 3033 comites
1525 2994 1754 3038 dicerentur,
1788 2992 1942 3031 demum
1968 2992 2229 3041 dignitatisno-

118 3039 371 3080 mendarentur
391 3052 531 3084 tantum
559 3076 568 3092 ‚
597 3047 656 3086 sed
677 3047 796 3089 veidn
820 3048 937 3095 majus
962 3076 972 3090 ‚
1010 3054 1050 3084 ut
1071 3059 1134 3095 per
1167 3042 1169 3045 ’
1200 3059 1287 3084 nien
1311 3048 1491 3091 obtinuit,
1520 3046 1608 3083 ficut
1626 3043 1859 3094 primicyrius.
1890 3043 1922 3080 C
1938 3057 1956 3080 A
1976 3058 1998 3082 τ
2014 3057 2035 3080 Α
2052 3056 2089 3080 N.

116 3089 327 3131 modestiam
357 3094 603 3146 interpretatur
633 3097 706 3147 ipse
735 3098 895 3146 urbane,
927 3098 1142 3138 attoilcren-
1167 3103 1176 3189 ι
1248 3099 1270 3135 6
1300 3098 1371 3141 fut
1391 3098 1430 3140 in
1462 3097 1604 3150 consilio.
1628 3096 1646 3147 ]
1685 3095 1833 3136 Electus
1864 3094 1943 3134 sum
1976 3097 2069 3134 inter
2087 3093 2238 3190 ᾗυέῐιιιῗξὲ

1255 2059 1359 2094 Dum
1381 2068 1421 2095 tu
1440 2057 1538 2095 lenta
1562 2057 1669 2096 nimis
1693 2056 1822 2107 diuque
1845 2055 1983 2106 quaeris
1998 2083 2011 2102 ,

1255 2109 1349 2156 Qis
1367 2109 1508 2159 primus
1533 2108 1625 2154 tibi,
1653 2119 1724 2149 φτ.
