2616 3686
443 196 786 249 LIBER
854 178 2039 256 X.E1²ISTOLAX111.&X1V.
2215 230 2306 283 723

184 280 328 354 gatio
352 292 380 331 a
400 282 417 310 ⁸
440 273 726 345 Bosphoro
755 268 974 324 veniss'et
1002 270 1196 324 urbem
1220 272 1456 342 petitura
1480 311 1497 336 ‚
1548 290 1722 346 usque
1750 276 1802 330 in
1831 282 2129 341 adventum
2157 288 2308 344 suum

181 357 517 410 retineretur.
559 350 613 402 δε
643 348 837 418 legatio
857 345 1081 417 quidem
1110 352 1128 375 ²
1151 345 1412 402 duntaxat
1437 348 1489 401 in
1517 365 1633 403 eam
1661 351 1955 415 civitatem,
1991 359 2043 411 in
2066 377 2170 430 qua
2198 363 2307 432 ipse

176 428 291 483 sum
313 465 328 490 ‚
390 423 533 479 nulla
587 422 762 476 adhuc
806 421 951 474 venit
981 438 992 474 ε
1046 420 1139 474 sed
1175 422 1322 475 venit
1357 420 1657 477 tabellarius
1687 428 1702 457 ⁵
1737 425 2048 484 Sauromata
2073 470 2090 494 ,
2143 451 2303 505 quem

181 519 317 574 ego,
342 497 462 554 UsUS
488 497 930 569 opportunitate,
981 512 1143 568 quam
1165 494 1295 550 mihi
1322 496 1469 552 casus
1497 496 1767 553 obtulerat
1789 538 1806 564 ,
1851 518 1978 557 cum
2007 505 2307 570 tabellariO,

182 577 284 648 qui
307 574 639 648 Lycormam
666 589 731 626 ex
758 571 949 624 itinere
980 568 1260 641 praeceffit
1284 612 1300 633 ‚
1349 571 1679 628 mittendum
1705 577 1889 646 putavi
1914 594 1926 629 ε
1970 593 2028 633 ut
2053 577 2212 650 poffis
2237 600 2304 637 ex

181 650 519 722 Lycormae,
536 648 589 701 &
617 663 684 701 ex
708 646 846 718 regis
868 643 1100 715 epistolis
1126 646 1325 722 pariter
1341 649 1698 721 cognoscere,
1714 666 1854 723 quae
1874 649 2088 710 fort-asse
2108 656 2306 728 pariter

180 723 315 781 scire
337 723 517 780 debes,
1175 733 1177 736 ·

407 867 560 928 XIV.
635 867 826 930 LXV.
900 869 971 927 C.
1046 867 1481 930 PL1N1us
1558 848 2151 948 TRAJano.¹

895 993 1153 1069 Diploma
1190 998 1574 1057 commodasse.

453 1119 764 1198 Dlplomafi
784 1119 1102 1194 commodaffie
1129 1120 1393 1177 tabellario
1419 1125 1762 1181 Sauromatae
1780 1164 1797 1193 ‚
1826 1126 2024 1203 firibit.

171 1282 190 1313 ⁴
345 1269 442 1329 Ex
481 1270 820 1327 Sauromates
859 1269 1060 1345 scripsit
1085 1270 1213 1327 mih-i
1243 1310 1260 1337 ,
1307 1272 1408 1329 effe
1429 1276 1697 1348 quaedam
1725 1296 1864 1351 quae
1890 1279 2114 1334 deberes
2134 1296 2299 1354 quam

350 1345 698 1403 maturiflime
734 1347 882 1401 scire,
921 1364 1028 1421 qua
1065 1364 1136 1402 ex
1173 1346 1325 1402 eausa
1359 1347 1754 1408 festinationem
1793 1354 2090 1418 tabellarii,
2131 1372 2300 1427 quem-

163 1425 237 1481 ad
259 1440 313 1479 te
341 1440 469 1478 cum
493 1420 720 1495 epistolis
753 1421 922 1501 misit,
961 1427 977 1458 ⁵
1000 1422 1301 1494 diplomate
1328 1422 1521 1493 adJ'uvi.
2168 1504 2284 1560 XV

166 1579 288 1630 posse,
318 1588 359 1620 ut
376 1579 508 1631 aliquid
526 1580 565 1619 in
582 1590 687 1619 mora
706 1576 794 1620 effet
810 1578 957 1630 periculi
975 1607 987 1626 ,
1023 1579 1062 1618 &
1081 1581 1192 1622 inter·
1270 1591 1365 1620 vero
1396 1593 1506 1633 quam
1538 1583 1596 1623 hic
1625 1585 1720 1624 dicat
1740 1615 1751 1633 ‚
1792 1600 1838 1626 ex
1868 1588 1972 1637 Epist.
1994 1589 2174 1629 LXVIII.
2208 1592 2304 1629 infra

165 1630 236 1670 effe
267 1632 494 1681 Imperatoris
512 1658 526 1678 ‚
553 1639 593 1669 ut
611 1643 721 1681 quam
743 1631 974 1670 maturiffime
996 1631 1190 1672 rescisceret
1266 1634 1426 1672 constare
1456 1635 1573 1684 potest
1594 1662 1606 1681 ,
1655 1649 1792 1687 nempe
1821 1640 1986 1677 Niceam.
2032 1641 2090 1678 Rr
2108 1654 2131 1679 τ
2146 1653 2173 1679 Τ
2190 1654 2208 1679 ε
2222 1655 2246 1680 a
2263 1655 2302 1679 s-

163 1683 252 1721 illius
273 1685 362 1731 regis
384 1681 459 1721 five
478 1689 614 1720 narrata
632 1682 694 1720 seu
727 1682 909 1731 postulata.
961 1681 1112 1720 Habent
1132 1683 1190 1722 hic
1268 1695 1295 1722 Η
1311 1698 1332 1722 υ
1347 1698 1378 1724 s.

141 1734 266 1782 'quod
285 1733 415 1771 discant
433 1733 570 1771 Politici
586 1733 630 1770 ab
650 1733 823 1782 exemplo
840 1731 971 1775 Plinii,
1010 1740 1188 1781 quantum
1322 1745 1357 1784 3.
1385 1736 1633 1786 Sauromata]
1672 1737 1708 1774 A
1732 1749 1815 1787 rege
1838 1739 2148 1780 Sauromatarum.
2175 1748 2300 1781 Sauro·

161 1782 266 1832 saepe
287 1785 468 1822 momenti
488 1783 533 1821 ad
549 1794 603 1822 res
620 1783 793 1831 gerendas
811 1784 848 1822 in
864 1782 1042 1821 celeritate
1063 1782 1104 1821 fit
1121 1795 1189 1833 po·
1269 1795 1388 1823 marae
1410 1787 1509 1824 enim
1533 1796 1620 1834 gens
1643 1787 1807 1836 Scythica
1820 1818 1831 1834 ‚
1857 1790 1882 1828 fi
1906 1791 2089 1839 Stephano
2109 1793 2300 1833 credimus.

162 1831 280 1871 fiturn.
332 1835 459 1882 ltaque
480 1841 658 1883 perpetuo
685 1833 841 1872 infixum
863 1834 900 1872 in
921 1833 1051 1871 animis
1077 1834 1187 1873 habe·
1268 1837 1489 1874 Sauromatia
1509 1836 1641 1884 duplex
1664 1839 1735 1884 est,
1763 1851 1834 1877 una
1852 1841 1888 1880 in
1911 1842 2053 1890 Europa
2078 1870 2087 1886 ‚
2124 1844 2230 1881 altera
2257 1846 2296 1882 in

162 1882 251 1921 bunt
270 1882 356 1921 illud
376 1884 572 1922 Alexandri
591 1885 646 1922 M.
656 1883 758 1928 μηὸὲι
767 1884 1045 1930 ὶνιβαιλλόμενος
1061 1885 1185 1935 ,quod
1267 1884 1367 1924 Afia.
1395 1886 1521 1925 dicitur
1541 1889 1648 1927 etiarn
1673 1892 1873 1934 sarmatia,
1901 1894 1939 1930 ὃ(
1958 1893 2098 1940 gentilis
2112 1921 2122 1938 ,
2151 1900 2296 1932 Sarma-

161 1934 271 1971 etiam
307 1932 444 1972 doffiff.
480 1935 638 1974 Alciatus
676 1946 743 1985 pro
781 1934 960 1985 Symbolo
996 1936 1187 1985 usurpavit.
1267 1944 1321 1974 ta.
1349 1937 1473 1975 Strabo
1494 1937 1539 1976 de
1559 1939 1698 1988 Scythis
1725 1942 1763 1979 ὃς
1793 1941 2012 1980 sauromatis
2029 1943 2183 1993 loquens
2205 1973 2215 1988 ‚
2254 1956 2300 1982 ut

162 1983 275 2023 Unde
296 1984 334 2021 ὅ(
357 1983 494 2023 Poeta:
1267 1998 1356 2031 non,
1381 1989 1499 2038 inquit
1518 2015 1530 2033 ,
1559 1991 1674 2027 omnia
1695 1990 1916 2040 Bosphoranis
1928 1993 2084 2042 subjeoia
2103 1995 2190 2043 sunt
2211 1997 2297 2045 regi-

1265 2034 1340 2081 bus,
1352 2051 1432 2089 quos
1439 2047 1511 2088 pop.
1524 2040 1822 2087 Rom.instituerit.
1852 2043 1884 2080 C
1896 2057 1918 2081 Α
1936 2057 1957 2081 τ
1972 2057 1993 2080 Α
2008 2057 2045 2081 Ν.
2071 2045 2139 2082 Ed.
2151 2046 2299 2085 Veron.

153 2090 162 2132 ’ᾗ
208 2084 302 2122 Tolle
315 2094 453 2125 moras.-
482 2086 592 2124 nocuit
603 2084 734 2136 semper
751 2085 883 2135 differre
899 2085 1046 2136 paratis.
1264 2091 1473 2127 Sauromata
1492 2117 1503 2134 ,
1542 2091 1641 2140 cujus
1665 2106 1720 2140 ego
1740 2092 1818 2142 usus
1842 2096 2102 2144 opportunitate.
2146 2096 2294 2135 Deinde

1262 2139 1465 2186 Lytort'nam
1489 2149 1530 2178 ut
1549 2141 1648 2190 supra
1671 2144 1865 2191 Lycorinas.
1883 2156 1950 2193 pro
1973 2151 2167 2194 Lycormas.

156 2184 219 2223 Est
235 2193 358 2224 tamen
388 2188 494 2225 etiam
531 2184 679 2235 quando
710 2185 939 2226 cunetatione
962 2186 1114 2225 Fabiana
1143 2185 1183 2227 fit
1312 2201 1348 2235 4.
1375 2191 1448 2228 Res
1470 2193 1728 2243 Sauromatae.]
1758 2194 1863 2233 Haec
1886 2195 1994 2233 letho
2019 2223 2030 2239 ,
2066 2208 2159 2244 quae
2177 2197 2224 2234 est
2251 2198 2292 2235 in>

155 2248 268 2285 opus,
293 2237 473 2275 &locum
491 2236 620 2274 habeat
635 2234 720 2273 illud
740 2236 910 2285 Augusti:
941 2237 1071 2275 σπεῦδε
1092 2245 1180 2286 apa-
1259 2237 1328 2278 Ed.
1355 2240 1472 2279 Henr.
1498 2242 1667 2291 Stephani
1688 2271 1699 2288 ,
1734 2245 1839 2292 plane
1875 2245 2020 2283 defendi
2058 2258 2132 2283 non
2160 2248 2291 2293 potest.

152 2286 234 2328 θέας
258 2299 267 2323 :
305 2285 437 2333 Festina
457 2288 556 2325 lente.
580 2285 683 2335 quod
710 2285 884 2325 discernet
903 2316 914 2331 ‚
954 2290 1080 2337 reique
1099 2290 1179 2327 uni·
1260 2290 1319 2326 vel
1345 2302 1432 2340 ergo
1452 2303 1535 2331 cum
1562 2293 1646 2331 Ald.
1667 2294 1794 2332 Catan.
1813 2296 1852 2333 ὃς
1875 2296 2023 2344 Argent
2043 2296 2184 2345 legend.
2211 2305 2282 2336 Rex

151 2336 274 2375 versae
302 2337 545 2375 moderabitur
571 2336 771 2385 prudentia.
822 2338 986 2376 Aureum
1010 2348 1106 2377 certe
1127 2339 1178 2377 est
1256 2343 1472 2379 Sauromates
1493 2369 1504 2386 ,
1541 2344 1601 2382 vel
1630 2349 1703 2381 Rex
1736 2344 1946 2383 Sauromata
1966 2374 1977 2391 ,
2014 2355 2054 2384 ut
2074 2348 2148 2396 sup.
2171 2347 2282 2395 Epist.

152 2386 312 2425 Isocratis
333 2398 561 2437 praeceptum
588 2399 598 2424 ;
636 2387 772 2423 Beato&
800 2389 858 2430 μὲν
885 2387 1035 2434 §pastam
1062 2416 1075 2434 ,
1100 2391 1179 2428 ἐπι-
1260 2400 1364 2437 prox.
1416 2392 1617 2432 tabellarius
1661 2399 1880 2434 sauromata.
1932 2398 2282 2437 Rl'rrERsHUS.

153 2439 262 2487 κείρει
283 2438 320 2475 δὲ
344 2438 479 2485 ταχέως
500 2438 544 2474 τὰ
564 2435 725 2484 δόξαντα.
753 2437 812 2474 Rx
828 2451 848 2474 ‘r
863 2449 890 2474 ’r
903 2449 959 2475 ER
973 2451 989 2474 s
1004 2451 1030 2477 Η
1046 2451 1113 2478 υε.
1260 2440 1401 2479 Vitium
1421 2453 1611 2492 operarum
1633 2445 1679 2482 est
1701 2451 1929 2484 Sauromatae
1953 2448 1989 2485 in
2015 2448 2080 2486 Ed.
2099 2449 2282 2497 Stephani.

175 2520 184 2529 .
207 2506 239 2532 1.
264 2493 465 2544 Bosphoro]
493 2492 674 2530 Cimerio:
691 2502 775 2528 nam
798 2490 932 2538 duplex
951 2492 999 2530 est
1018 2494 1176 2543 Bospho-
1261 2491 1358 2531 Nam
1380 2493 1565 2550 Gryphius
1582 2496 1688 2551 etiam
1707 2497 1836 2545 aliique
1858 2498 1956 2536 reae
1977 2504 2204 2538 sauromates.

155 2553 233 2590 rus,
258 2544 452 2589 amerius,
479 2543 613 2591 paludis
632 2540 822 2579 Maeotidis
843 2541 922 2580 finis
937 2570 948 2587 ,
975 2544 1012 2580 ὅ(
1035 2545 1176 2586 initium
1314 2556 1346 2591 ς.
1374 2545 1570 2601 Dtplomate
1588 2547 1750 2595 adjuva]
1777 2549 1907 2598 Cursus
1926 2548 2078 2596 publicus
2092 2578 2101 2594 ‚
2129 2550 2202 2588 five
2222 2564 2285 2587 ve-

156 2592 284 2633 Euxini
303 2594 410 2633 Ponti
432 2608 440 2632 :
481 2593 684 2642 Bosphorus
706 2591 873 2629 Thracius
897 2620 908 2636 ,
945 2593 1053 2633 Ponti
1075 2595 1175 2640 finis,
1259 2589 1639 2644 hicularzs‚disp0fitio
1658 2608 1837 2647 equorum
1861 2599 2184 2649 vehiculorumque
2207 2612 2284 2638 cer-

157 2643 197 2680 &
227 2644 451 2693 Propontidis
478 2645 630 2682 initium.
666 2643 769 2692 juxta
800 2643 1005 2681 Maeotides
1034 2646 1180 2693 paludes
1257 2644 1299 2680 tis
1322 2645 1387 2682 viis
1407 2646 1587 2685 dicebatur
1610 2676 1620 2691 ‚
1646 2659 1740 2697 quae
1761 2649 1901 2697 publice
1921 2651 2178 2698 praebebantur
2197 2662 2283 2698 pro-

158 2693 320 2744 utrinque
339 2696 570 2733 Sauromatae
594 2694 768 2732 incolunt.
792 2693 872 2741 lege
893 2692 1043 2732 Plinium
1068 2696 1178 2735 Libro
1256 2692 1490 2734 ficiscentibus
1511 2724 1522 2741 ,
1549 2699 1679 2747 quibus
1700 2699 1824 2737 utendi
1844 2700 1995 2747 potestas
2015 2699 2141 2748 scripto
2163 2701 2251 2740 fasta
2268 2731 2280 2748 ,

157 2739 255 2780 sexto
268 2772 279 2788 ,
299 2746 334 2783 δι
351 2746 562 2784 Strabonem
586 2744 673 2782 VII.
700 2743 937 2782 discordantes
951 2745 1043 2783 inter
1062 2746 1096 2784 se
1113 2758 1179 2795 pro

154 2791 332 2832 latitudine
352 2796 524 2846 Bosphori
546 2795 708 2835 Cimerii.
731 2795 765 2831 C
777 2807 798 2830 A
812 2808 834 2832 τ
850 2808 870 2832 A
886 2807 922 2832 κ.

210 2857 246 2885 2.
270 2851 456 2887 Duntaxat
477 2850 513 2886 in
536 2862 612 2888 eam
635 2849 836 2893 civitatem,
863 2850 900 2887 in
911 2862 983 2900 qua
992 2850 1055 2898 ipse
1057 2853 1182 2900 sum]

160 2894 265 2933 Haec
292 2899 396 2936 verba
424 2899 622 2948 parenthesi
653 2898 866 2938 includenda
889 2927 900 2944 ,
939 2901 1081 2950 majoris
1102 2903 1179 2940 evi-

160 2946 301 2984 dentiae
319 2949 415 2986 causa
436 2977 447 2994 ‚
476 2950 574 2988 hunc
600 2950 732 2988 habent
763 2949 902 2988 sensum
936 2955 1041 2990 tacite
1062 2953 1178 2990 subin-

159 2995 410 3044 telligendum:
428 2999 593 3038 Tametfi
612 2999 813 3050 fieri,poffit
828 3028 839 3045 ,
873 3009 912 3040 ut
932 3002 969 3040 in
988 3003 1090 3040 ali-am
1112 3003 1181 3041 hu-

149 3048 210 3099 jus
237 3047 438 3096 provinciae
463 3050 587 3090 urbem
611 3052 689 3102 jam
715 3051 915 3094 advenerit.
975 3052 1173 3095 Civitatem

1256 2743 1313 2782 vel
1334 2745 1377 2782 ab
1399 2746 1621 2795 Imperatore
1646 2748 1722 2797 ipso
1746 2775 1757 2791 ,
1793 2751 1849 2786 vel
1870 2750 1908 2786 iis
1930 2777 1942 2794 ‚
1979 2751 2108 2798 quibus
2123 2751 2197 2789 hoc
2215 2752 2277 2791 da-

1254 2800 1334 2832 tum
1356 2795 1647 2845 abnlmperatore.
1676 2798 1899 2847 Huiusmodi
1916 2800 2020 2848 igitur
2038 2801 2156 2840 literae
2174 2804 2282 2851 diplo-

1252 2855 1393 2881 matum
1412 2849 1564 2886 nomine
1587 2877 1597 2893 ,
1633 2860 1717 2886 cum
1740 2850 1797 2886 hic
1817 2850 1854 2886 ὃ(
1878 2849 1967 2887 infra
1987 2850 2094 2900 Epist.
2107 2853 2249 2892 CXXII
2265 2883 2284 2900 ,

1250 2903 1329 2932 tum
1360 2896 1454 2944 apud
1479 2898 1568 2936 alios
1586 2899 1750 2937 auaores
1782 2900 2002 2948 appellantur
2020 2929 2032 2947 ,
2074 2904 2167 2955 (βαῇ
2192 2910 2275 2947 obet·

1251 2949 1528 3002 &elcitssbzieffa
1555 2951 1779 3003 Capitolinus
1799 2955 1986 2994 Pertinace
1999 2969 2007 2995 :
2020 2957 2155 2997 Deinde
2166 2965 2279 2999 Prae—

1243 3007 1359 3053 feb'lus
1380 3006 1523 3045 cohortis
1542 3007 1579 3045 in
1600 3009 1702 3058 Syria
1720 3010 1884 3057 proficius
1903 3039 1914 3056 ‚
1943 3015 1982 3048 T.
2002 3013 2147 3051 Aurelio
2171 3021 2283 3064 Impe-

1214 3087 1218 3102 ,
1250 3067 1367 3110 ratore
1396 3070 1420 3096 a
1438 3057 1598 3109 Praefide
1628 3060 1750 3107 Syriae
1768 3086 1778 3104 ,
1816 3063 1904 3112 quod
1924 3062 2002 3114 sine
2027 3064 2286 3115 diplomatibus.

1473 3108 1485 3112 ‘
1632 3110 1667 3149 Y
1678 3121 1703 3161 r
1717 3122 1740 3162 r
1755 3121 1778 3160 r
1807 3124 1829 3163 a
1984 3113 1989 3116 ’
2206 3129 2291 3168 cna-³2:
