2616 3686
364 209 374 247 ι
448 183 974 243 »ΗΡΒΕῐι-ιν.
1042 181 1610 233 EPISTOLA
1675 182 1900 234 xxvii.
2157 198 2259 253 311.

214 291 620 398 'xXV11.-·.C.
693 328 1127 385 ΡιιΝιυε
1201 311 1758 375 ''Fancoivi
1833 319 2028 375 Suo
2103 319 2155 374 S.

155 470 374 530 Falconi
395 466 708 524 commendat
735 463 911 520 Sentii
933 460 1204 533 Augurini
1214 467 1488 530 poemata:
1528 456 1647 510 inde
1665 456 1880 528 sumpta
1904 456 2146 523 occafione
2169 473 2252 508 re-

223 545 360 599 citat
374 583 389 607 ,
415 561 545 616 quae
569 541 623 594 in
646 536 845 593 laudem
861 536 954 605 fici
970 534 1271 604 scripserit.
1294 549 1390 585 non
1412 534 1504 598 effl’
1527 541 1701 583 tamen
1724 528 2018 586 mirandum
2034 528 2105 596 ‚st
2119 529 2258 581 talia

214 619 427 689 faciat,
463 631 574 669 cum
587 607 1010 686 gravtſjfmorum
1032 609 1274 661 virorum
1297 603 1628 658 contubernio
1651 613 1858 657 utatur.

301 751 485 809 ‘Ertius
522 748 635 802 dies
674 746 747 802 est
774 785 790 811 ,
827 741 844 760 ⁸
868 745 1020 817 quod
1051 743 1232 800 audivi
1257 743 1575 797 recitantem
1600 743 1616 770 ³
1643 739 1886 794 Sentium
1916 735 2260 810 AugurInum

242 825 253 874 ,ὲ
308 839 429 878 cum
455 822 651 875 summa
677 836 794 875 mea
819 820 1094 891 voluptate
1111 856 1128 882 ,
1165 815 1337 870 immo
1363 816 1525 868 etiam
1562 812 1931 867 admiratione.
1952 831 1972 857 ⁴
1995 811 2261 883 poematia

164 895 395 971 appellat.
442 894 603 948 multa
645 893 875 947 tenuiter
900 931 916 956 ‚
955 894 1124 947 ⁴multa
1161 887 1484 949 sublimiter,
1522 887 1688 940 multa
1716 884 1956 948 venuste,
1997 886 2162 938 multa
2188 895 2262 936 te-

163 986 288 1038 nere
309 1006 324 1031 ,
364 965 527 1020 multa
560 965 791 1020 dulciter
824 1002 841 1028 ‚
889 965 1055 1020 multa
1078 979 1206 1018 cum
1228 960 1352 1015 bile.
1432 960 1660 1029 Aliquot
1685 959 1834 1012 annis
1855 973 1989 1028 puto
2018 955 2146 1011 nihil
2172 972 2269 1026 ge·
2318 979 2368 1013 2.

162 1040 299 1099 neris
322 1036 555 1108 ejusdem
584 1038 866 1092 absolutius
891 1035 1177 1107 seriptum,
1212 1032 1306 1087 nifi
1337 1031 1485 1087 forte
1511 1048 1597 1085 me
1624 1030 1786 1093 fallit,
1827 1044 1914 1082 aut
1945 1045 2094 1082 amor
2124 1026 2266 1098 ejuS,

162 1125 250 1169 aut
282 1115 295 1142 ⁵
323 1109 474 1184 quod
505 1127 591 1165 me
612 1109 780 1183 ipsum
804 1108 1044 1165 laudibus
1069 1108 1233 1164 vexit.
1275 1106 1422 1162 Nam
1448 1109 1466 1134 ⁶
1489 1102 1804 1160 lemmasibi
1834 1099 2081 1172 sumpfit,
2118 1101 2269 1170 quod
2299 1134 2306 1138 ,

1454 1220 1457 1222 >
2168 1186 2277 1242 ego·

209 1334 226 1363 1
257 1325 418 1360 FALCO
429 1325 483 1358 NI
501 1325 598 1360 SUO.
622 1320 639 1371 ]
669 1320 868 1360 Lindenbr.
893 1321 931 1360 &
951 1319 1117 1359 Riccard.
1138 1320 1177 1357 in
1297 1329 1316 1367 3
1345 1316 1502 1355 Sentium
1547 1314 1790 1366 Augurinum.
1815 1309 1832 1361 ]
1882 1309 2017 1351 Filium
2057 1308 2127 1347 Cn.
2165 1308 2279 1355 Sentii

161 1372 312 1415 Indice:
340 1372 493 1423 Pompeio
519 1372 678 1417 Falconi;
707 1372 821 1411 Arnz.
846 1374 884 1411 δε
900 1373 1028 1410 Oxon.
1041 1370 1176 1420 simpli-
1249 1367 1343 1407 Galli
1365 1369 1431 1407 viri
1453 1366 1589 1406 illustris
1613 1395 1624 1411 ‚
1662 1368 1725 1416 qui
1746 1364 1861 1403 multa
1881 1365 1918 1403 in
1941 1363 2134 1401 Britannos
2157 1361 2195 1399 &
2218 1359 2282 1406 Ju-
2297 1376 2305 1379 -

157 1428 245 1466 citer
268 1425 444 1470 Pompei03
474 1423 687 1462 Mediceus:
716 1424 875 1461 Falconio
897 1429 972 1460 Suo.
1250 1418 1359 1457 daeos
1379 1418 1491 1467 gessit.
1521 1419 1677 1455 CATAN.
1707 1416 1788 1453 MS.
1810 1414 1944 1453 Noster
1965 1413 2138 1451 Senecium
2154 1418 2303 1460 Augu--

209 1487 230 1513 2
257 1475 362 1524 Quod
382 1474 510 1511 audivi
529 1475 745 1511 recitantem.
766 1473 781 1522 ]
823 1473 1035 1522 Scripserat‚
1062 1480 1157 1522 puto
1171 1501 1181 1517 ‚
1251 1470 1384 1507 rinum.
1412 1469 1564 1506 Banu.
1593 1469 1632 1505 ὅ(
1652 1465 1699 1503 fic
1723 1466 1805 1503 MS.
1827 1466 1991 1503 Atnzen.
2019 1463 2141 1501 Ceteri
2154 1470 2285 1500 tamen
2304 1482 2305 1485 =

160 1541 249 1579 quo,
277 1525 395 1562 velex
418 1537 494 1572 quo.
522 1524 655 1562 Cicero
679 1524 815 1560 diceret
833 1537 923 1559 cum.
961 1524 1095 1562 Plinius
1126 1533 1180 1561 ta·
1251 1531 1383 1557 omnes
1403 1531 1487 1557 cum
1513 1519 1606 1556 Edd.
1630 1517 1733 1554 Vett.
1761 1517 1934 1552 Sentium.

164 1589 252 1616 men
274 1579 405 1614 iteruin
430 1574 475 1610 sic
495 1575 656 1622 loquitur
678 1574 787 1621 Epiit.
821 1573 926 1609 XIV.
963 1574 1044 1610 Lib.
1073 1574 1181 1612 V111.
1302 1581 1325 1615 4
1355 1568 1568 1618 Poematia]
1596 1568 1713 1605 Pax-va
1733 1575 1916 1617 poemata.
1947 1567 2102 1604 Caram.
2141 1569 2286 1600 Poema-

167 1633 280 1665 Breve
302 1634 433 1674 tempus
458 1653 466 1668 ‚
496 1624 588 1674 quod
610 1623 692 1661 libet
707 1624 793 1672 scire
814 1650 824 1666 ‚
851 1623 935 1674 quid
947 1621 1072 1670 fimus.
1110 1624 1187 1661 CA-
1254 1619 1343 1668 tia]
1374 1621 1466 1658 Non
1489 1620 1622 1658 debent
1642 1619 1735 1656 haec
1759 1617 1867 1654 verba
1898 1618 1994 1655 notis
2024 1614 2286 1665 parentheseos

168 1689 276 1715 saun.
314 1676 419 1724 Qod
452 1675 579 1711 audivi
609 1675 825 1711 recitantem.
855 1674 868 1721 j
910 1674 966 1711 Sic
999 1675 1106 1711 Paiat.
1145 1677 1183 1713 δε
1253 1670 1398 1709 includi.
1436 1672 1604 1708 Casius.
1648 1668 1874 1712 poematica,
1900 1668 1961 1705 vel
1977 1666 2175 1716 prematica
2200 1663 2285 1702 MS.

165 1728 264 1766 Edit.
293 1728 380 1764 Vet.
410 1722 596 1774 impressus
623 1733 746 1762 tamen
777 1723 832 1761 ifle
852 1722 926 1761 fine
949 1726 1102 1762 nomine
1125 1734 1186 1763 aut
1255 1719 1385 1758 noster.
1422 1721 1577 1759 Bau-ru.
1614 1719 1682 1756 Ed.
1714 1719 1802 1756 Vet.
1834 1719 2026 1766 poematica
2051 1745 2062 1762 ,
2099 1724 2211 1766 atque
2237 1717 2310 1753 ita-

165 1779 241 1818 loci
259 1787 320 1815 aut
343 1776 587 1826 Typographi
610 1788 684 1825 quo.
712 1775 898 1812 Gaurfin.
926 1774 1188 1823 Impreffusilie
1258 1771 1410 1810 Helmst.
1437 1771 1489 1809 At
1514 1769 1678 1809 Riccard.
1701 1766 1806 1806 Voff.
1828 1768 1998 1817 Bongars.
2023 1767 2137 1805 Arnz.
2155 1768 2288 1804 Oxou.

168 1829 270 1867 idem
292 1827 435 1866 videtur
458 1824 550 1869 effe,
581 1838 692 1875 quem
716 1837 782 1863 nos
816 1823 882 1862 Ed.
913 1825 999 1863 Vet.
1032 1825 1188 1875 adpella-
1256 1833 1341 1860 cuin
1362 1821 1485 1868 Aldo,
1513 1822 1685 1871 Gryphio
1708 1822 1747 1859 &
1769 1820 1841 1858 aliis
1861 1834 1871 1858 z
1895 1829 2072 1867 poemata.
2111 1819 2289 1867 Optimus
2311 1825 2313 1827 “

170 1889 263 1915 mus.
287 1881 328 1917 in·
346 1890 386 1916 ea
408 1878 505 1915 enim
530 1890 593 1926 quo
617 1876 787 1915 excusum
808 1876 865 1914 est.
914 1877 1038 1925 Scripti
1058 1889 1188 1915 omnes
1255 1874 1429 1923 poematia
1445 1902 1455 1918 ‚
1483 1882 1524 1911 ut
1546 1873 1648 1922 supra
1670 1870 1781 1922 Epist.
1806 1870 1911 1909 XIV.
1925 1883 2009 1921 n.9.
2038 1871 2120 1908 Sive
2132 1869 2260 1918 eclogas
2276 1896 2290 1912 ,

172 1929 275 1976 quod.
304 1930 427 1965 Locus
448 1939 469 1963 a
494 1927 710 1964 Cas-aubono
731 1927 864 1964 adlatus
886 1929 959 1966 huc
980 1939 1056 1964 non
1079 1931 1189 1978 perti-
1250 1924 1350 1974 five,
1377 1936 1419 1963 ut
1441 1925 1574 1970 multi,
1600 1925 1787 1973 poematia
1815 1951 1826 1968 ‚
1840 1923 1903 1972 fiu
1926 1922 2018 1971 quod
2039 1920 2141 1957 aliud
2163 1931 2290 1956 vocare

173 1985 260 2019 net,
289 1979 325 2015 δε
349 1989 393 2014 ex
416 1978 520 2015 MSS.
543 1977 635 2015 infra
659 1977 916 2015 emendabitur.
970 1978 1104 2027 Aptior
1126 1980 1191 2018 erit
1263 1976 1442 2014 maluert's.
1496 1977 1553 2015 Sic
1586 1975 1685 2015 enim
1726 1986 1772 2013 ex
1816 1972 2032 2011 venerandis
2069 1970 2292 2009 membranis

172 2027 316 2065 Plautus
340 2028 508 2066 Trinum.
530 2027 613 2065 A&
636 2027 682 2066 11.
705 2029 757 2066 Sc.
783 2027 849 2065 1V.
871 2038 919 2068 vs.
945 2042 975 2068 1.
1265 2027 1474 2067 emendavi.

1316 2091 1334 2126 ς
1364 2080 1472 2127 Qod
1494 2084 1547 2117 'me
1570 2079 1680 2129 ipsum
1703 2075 1869 2115 laudibus
1905 2075 2038 2113 evexit.
2060 2072 2076 2124 ]
2115 2072 2294 2120 Vulgatae
2313 2088 2319 2092 -

1264 2138 1347 2166 rum
1371 2130 1419 2167 est
1441 2131 1532 2168 haec
1552 2130 1719 2178 scsiptuta
1734 2157 1744 2173 ,
1773 2141 1817 2166 ex
1842 2139 1913 2175 qua
1938 2128 2049 2163 Arnz.
2074 2124 2159 2163 fecit
2174 2123 2295 2162 erexit.

1267 2179 1336 2217 Sed
1361 2180 1577 2226 Mediceus‚
1604 2178 1768 2218 Riccard.
1793 2178 1991 2216 Lindenbr.
2012 2174 2114 2212 Voff.
2138 2176 2230 2223 quod
2241 2187 2297 2218 me

1263 2229 1286 2267 i.
1308 2229 1472 2268 laudibus
1496 2233 1620 2277 vexit,
1649 2229 1752 2279 quod
1773 2238 1914 2268 temere
1927 2227 2160 2264 deseruerunt
2174 2240 2185 2267 ;
2213 2231 2297 2261 utut

1265 2282 1376 2319 etiam
1401 2281 1516 2320 Aldus
1540 2281 1754 2331 expreflerit.
1806 2277 1987 2316 Laudibus
2008 2279 2097 2315 {erre
2121 2278 2159 2313 δε
2179 2273 2295 2321 efferre
2321 2286 2323 2290 ·

171 2331 300 2386 Quem
323 2331 449 2368 locum
468 2342 555 2368 cum
576 2333 695 2370 Plinio
716 2334 839 2373 nostro
861 2333 1058 2386 aliquando
1092 2345 1197 2372 com·
1266 2332 1473 2379 promiscue
1496 2332 1646 2375 dicunt,
1676 2343 1738 2367 cur
1761 2342 1838 2367 non
1863 2331 1900 2366 ὃς
1922 2325 2090 2363 laudibus
2109 2324 2234 2362 velere
2257 2327 2296 2364 Sc

171 2381 289 2430 posuit
311 2382 358 2418 H.
384 2383 592 2430 Stephanus.
625 2383 698 2422 Alfi
719 2385 838 2422 Codd,
861 2388 908 2425 ibi
946 2399 1023 2422 cum
1057 2385 1199 2433 praefe-
1228 2407 1231 2411 .
1264 2381 1417 2418 evehere.
1447 2383 1559 2431 Supra
1582 2381 1690 2432 Epist.
1716 2381 1823 2428 Epist.
1847 2376 1969 2414 XVII.
1995 2388 2029 2412 n.
2052 2376 2085 2413 8.
2115 2380 2207 2413 Cum
2225 2376 2299 2426 plc-
2320 2394 2325 2397 ·

171 2441 266 2488 tunt.
296 2432 366 2470 Sed
388 2432 412 2469 1i
435 2432 554 2470 dicere
575 2434 668 2471 licet.
724 2442 801 2472 tam
825 2437 886 2474 diu
912 2436 977 2482 est,
1007 2436 1098 2485 quod
1131 2444 1198 2472 cet,
1230 2458 1232 2463 .
1266 2430 1364 2478 rique
1386 2445 1440 2468 me
1459 2433 1622 2470 laudibus
1646 2432 1791 2469 ferrent.
1828 2429 1980 2466 Tacitus
2005 2426 2073 2463 111.
2097 2427 2189 2465 Hist.
2221 2438 2298 2476 cap.
2322 2454 2324 2457 -

173 2493 308 2520 mirum
333 2486 397 2521 crit
412 2512 420 2528 ‚
449 2482 475 2519 fi
498 2482 740 2539 refugiamus:
774 2489 907 2524 Tertius
923 2488 993 2524 dies
1012 2484 1056 2531 est
1072 2512 1080 2527 ‚
1109 2487 1202 2534 qued
1232 2513 1234 2525 ,
1270 2480 1335 2517 lll-
1368 2482 1494 2528 Vultus
1517 2494 1560 2521 (9¹
1583 2484 1683 2520 ceteri
1706 2494 1819 2518 unum
1835 2480 1956 2517 virum
1971 2479 2180 2527 ducemque,
2202 2478 2301 2524 spn-

174 2542 241 2571 cet.
268 2532 379 2571 Adde
403 2534 589 2571 Sentinum
612 2535 691 2572 Lib.
719 2535 785 2573 IV.
810 2538 901 2574 Min.
927 2548 1002 2584 cap.
1018 2535 1108 2572 xlv
1114 2564 1121 2571 .
1136 2536 1201 2573 ibi·
1232 2534 1236 2577 '3
1270 2540 1309 2566 ta
1333 2530 1484 2569 aliorum
1507 2534 1677 2582 segnitia,
1703 2531 1866 2571 laudibus
1890 2531 2037 2569 ferrent.
2065 2528 2165 2567 Hinc
2189 2528 2327 2567 Clau*-

176 2593 246 2670 ἓέε
266 2585 512 2621 Perizonium.
543 2585 632 2623 Illud
655 2588 777 2633 potius
808 2585 1204 2631 animadvertendum,
1234 2584 1237 2618 ἱ
1272 2581 1398 2620 dianus
1424 2582 1461 2620 B.
1483 2584 1569 2622 Get.
1596 2597 1645 2623 vs.
1673 2595 1727 2634 13.

213 2634 338 2688 ¹tuscas
362 2633 592 2673 membranas
616 2637 788 2675 exhibere
812 2646 954 2675 tantum
983 2649 990 2672 :
1030 2636 1122 2686 quod
1140 2649 1206 2673 au-

182 2683 259 2738 lfvi
279 2685 437 2723 Sentium
462 2687 719 2733 Augurinum,
753 2697 793 2725 ut
815 2699 995 2737 nusquam
1021 2687 1060 2725 sit
1090 2691 1122 2723 co*
1153 2701 1207 2724 re·
1326 2704 1396 2713 —
1429 2704 1518 2724 .—
1572 2684 1712 2736 quodsi
1732 2685 1850 2722 ardua
1872 2682 2009 2734 Tiphyn

185 2741 356 2792 mantem.
408 2735 517 2772 Certe
549 2737 674 2774 audire
699 2765 708 2781 ,
756 2750 824 2786 pto
858 2740 1062 2775 recitantem
1082 2738 1206 2776 audire
1330 2733 1450 2773 Navis
1472 2735 1510 2772 ob
1534 2736 1700 2774 innocuae
1718 2737 1887 2774 meritum
1901 2735 1952 2784 sic
1973 2734 2087 2782 gloria
2111 2733 2223 2771 vexit.
2247 2757 2251 2761 -

188 2783 293 2838 *dun
311 2785 484 2823 iossemne
507 2788 662 2824 verbum
686 2788 858 2826 Secundo
882 2790 940 2827 est.
995 2791 1050 2827 Sic
1078 2790 1154 2827 bib.
1179 2789 1206 2826 1.

190 2825 294 2878 Epist.
313 2835 414 2891 xm·
437 2847 472 2872 n.
496 2848 527 2874 ι.
543 2837 700 2887 Tametsi
718 2841 768 2875 ad
791 2840 1016 2878 audiendum
1037 2844 1130 2889 pigre
1141 2841 1206 2878 coi·
1242 2864 1245 2873 .
1280 2836 1342 2874 Ad
1374 2836 1449 2875 inas
1483 2838 1712 2875 membranas
1739 2837 1883 2876 accedit
1911 2837 2019 2875 etiam
2045 2834 2246 2878 Helmstad.
2265 2836 2305 2873 in
2328 2842 2334 2862 ³

193 2888 273 2935 nr?
296 2884 388 2940 &fn
408 2884 503 2943 fine:
545 2894 642 2926 Nam
663 2900 705 2925 ut
728 2890 766 2926 in
787 2891 903 2928 ceteris
926 2889 1024 2928 rebus
1049 2919 1059 2935 ,
1086 2902 1136 2929 tta
1159 2891 1198 2927 in
1242 2885 1246 2941 ζ
1280 2899 1356 2937 quo
1386 2887 1434 2925 est
1456 2901 1577 2926 vexat.
1608 2890 1761 2927 Come.

193 2928 351 2983 Ἅῦῴῦῐῑὼ
369 2936 467 2982 officio
485 2939 576 2984 perit
595 2940 715 2988 gratia
730 2969 753 2995 ,ι
769 2940 796 2983 fi
817 2942 1021 2991 reposcatur.
1051 2942 1131 2980 Lib.
1156 2940 1205 2979 ΙΙ.
1241 2948 1247 2976 t
1328 2939 1351 2975 6
1380 2939 1564 2990 Lemma]
1594 2940 1881 2990 Argumentum.
1892 2937 2014 2989 ‚Mare
2036 2939 2074 2977 in
2097 2936 2271 2976 distichis:
2299 2962 2301 2964 -

194 2975 299 3033 Epffst·
317 2980 417 3038 KRV·
437 2998 470 3023 n.
492 2999 524 3034 ¹7.
552 2994 648 3026 Nam
666 2990 816 3040 plerzqui
841 3005 910 3029 non
932 2991 1085 3030 audiunt
1109 3021 1119 3036 ,
1148 3005 1204 3030 nec
1243 2984 1246 3014 Ψ

194 3025 256 3064 '⁴1¹¹
278 3040 382 3078 vagu
402 3033 561 3074 laudant.
582 3051 617 3077 n.
640 3054 674 3089 9.
730 3043 871 3080 Primus
905 3043 1000 3079 hunc
1031 3043 1203 3082 audiendi
1333 3047 1521 3080 Lemmata
1539 3040 1574 3091 fi
1595 3041 1729 3092 quaeris
1754 3042 1806 3079 cui
1822 3041 1896 3093 fint
1916 3041 2120 3088 adscripta,
2150 3038 2286 3081 docebo„

192 3089 317 3166 tcta
333 3079 478 3171 cett.
496 3090 960 3184 sttzraisstf³tf¹⁴zsf³dde
985 3093 1126 3144 παρετ
1149 3093 1202 3133 d.-
1248 3155 1252 3165 ,
1382 3098 1426 3132 σε
1444 3091 1477 3143 fi
1725 3092 1989 3143 ‘mmm
2346 3154 2349 3157 -

219 2127 576 2224 Mt'tizeudsinsuindecim
622 2129 694 2168 dies
729 2131 843 2179 sunt,
871 2131 974 2183 quod
1004 2142 1067 2182 pro
1108 2131 1195 2184 hisce

224 2231 348 2266 Minas
365 2229 605 2279 quadraginta
625 2232 775 2283 accepisti
796 2246 818 2270 a
842 2233 999 2274 Callicle.
