<?xml version="1.0" encoding="UTF-8"?>
<!DOCTYPE html PUBLIC "-//W3C//DTD XHTML 1.0 Transitional//EN"
    "http://www.w3.org/TR/xhtml1/DTD/xhtml1-transitional.dtd">
<html xmlns="http://www.w3.org/1999/xhtml" xml:lang="en" lang="en">
 <head>
  <title>
</title>
<meta http-equiv="Content-Type" content="text/html;charset=utf-8" />
  <meta name='ocr-system' content='tesseract 3.04.00' />
  <meta name='ocr-capabilities' content='ocr_page ocr_carea ocr_par ocr_line ocrx_word'/>
</head>
<body>
  <div class='ocr_page' id='page_1' title='image "./caiipliniicaecil00plin_0265.png"; bbox 0 0 2616 3686; ppageno 0'>
   <div class='ocr_carea' id='block_1_1' title="bbox 158 154 1869 330">
    <p class='ocr_par' dir='ltr' id='par_1_1' title="bbox 158 154 1869 330">
     <span class='ocr_line' id='line_1_1' title="bbox 364 154 1869 250; baseline 0.003 -15"><span class='ocrx_word' id='word_1_1' title='bbox 364 240 451 250; x_wconf 13' lang='lat' dir='ltr'>‚ff</span> <span class='ocrx_word' id='word_1_2' title='bbox 503 154 866 242; x_wconf 58' lang='lat' dir='ltr'>trena</span> <span class='ocrx_word' id='word_1_3' title='bbox 929 180 1050 230; x_wconf 83' lang='lat'>111.</span> <span class='ocrx_word' id='word_1_4' title='bbox 1114 182 1683 236; x_wconf 71' lang='lat' dir='ltr'>EPISToLA</span> <span class='ocrx_word' id='word_1_5' title='bbox 1746 187 1869 239; x_wconf 88' lang='lat' dir='ltr'>v11.</span> 
     </span>
     <span class='ocr_line' id='line_1_2' title="bbox 158 249 1379 330; baseline -0.011 -4"><span class='ocrx_word' id='word_1_6' title='bbox 158 249 481 327; x_wconf 73' lang='lat' dir='ltr'>Dofflffimis</span> <span class='ocrx_word' id='word_1_7' title='bbox 512 260 844 317; x_wconf 86' lang='lat' dir='ltr'>sermonibus</span> <span class='ocrx_word' id='word_1_8' title='bbox 879 258 994 312; x_wconf 87' lang='lat' dir='ltr'>dies</span> <span class='ocrx_word' id='word_1_9' title='bbox 1030 258 1379 330; x_wconf 78' lang='lat' dir='ltr'>transigebat,</span> 
     </span>
    </p>
   </div>
   <div class='ocr_carea' id='block_1_2' title="bbox 1418 214 2257 330">
    <p class='ocr_par' dir='ltr' id='par_1_2' title="bbox 1418 214 2257 330">
     <span class='ocr_line' id='line_1_3' title="bbox 2155 214 2257 251; baseline 0.039 -4"><span class='ocrx_word' id='word_1_10' title='bbox 2155 214 2216 251; x_wconf 64' lang='grc' dir='ltr'>ιο</span> <span class='ocrx_word' id='word_1_11' title='bbox 2248 230 2257 235; x_wconf 88' lang='lat'><em>-</em></span> 
     </span>
     <span class='ocr_line' id='line_1_4' title="bbox 1418 215 2250 330; baseline 0.017 -16"><span class='ocrx_word' id='word_1_12' title='bbox 1418 263 1430 284; x_wconf 84' lang='lat'>⁸</span> <span class='ocrx_word' id='word_1_13' title='bbox 1466 279 1654 316; x_wconf 80' lang='lat' dir='ltr'>cuma</span> <span class='ocrx_word' id='word_1_14' title='bbox 1692 264 1974 322; x_wconf 81' lang='lat' dir='ltr'>scribendo</span> <span class='ocrx_word' id='word_1_15' title='bbox 2039 215 2250 330; x_wconf 60' lang='lat' dir='ltr'>vacareI</span> 
     </span>
    </p>
   </div>
   <div class='ocr_carea' id='block_1_3' title="bbox 157 331 2247 410">
    <p class='ocr_par' dir='ltr' id='par_1_3' title="bbox 157 331 2247 410">
     <span class='ocr_line' id='line_1_5' title="bbox 157 331 2247 410; baseline 0.002 -17"><span class='ocrx_word' id='word_1_16' title='bbox 157 335 179 376; x_wconf 58' lang='grc' dir='ltr'><strong><em>ί</em></strong></span> <span class='ocrx_word' id='word_1_17' title='bbox 195 335 466 394; x_wconf 85' lang='lat' dir='ltr'>Scribebat</span> <span class='ocrx_word' id='word_1_18' title='bbox 491 335 723 390; x_wconf 89' lang='lat' dir='ltr'>carmina</span> <span class='ocrx_word' id='word_1_19' title='bbox 748 331 945 398; x_wconf 79' lang='lat' dir='ltr'>majore</span> <span class='ocrx_word' id='word_1_20' title='bbox 971 346 1123 392; x_wconf 88' lang='lat' dir='ltr'>cura,</span> <span class='ocrx_word' id='word_1_21' title='bbox 1154 348 1323 410; x_wconf 31' lang='lat' dir='ltr'>‘quam</span> <span class='ocrx_word' id='word_1_22' title='bbox 1351 332 1365 358; x_wconf 80' lang='lat'>³</span> <span class='ocrx_word' id='word_1_23' title='bbox 1401 332 1652 402; x_wconf 84' lang='lat' dir='ltr'>ingenio:</span> <span class='ocrx_word' id='word_1_24' title='bbox 1693 350 2075 408; x_wconf 85' lang='lat' dir='ltr'>nonnunquam</span> <span class='ocrx_word' id='word_1_25' title='bbox 2106 341 2247 409; x_wconf 88' lang='lat' dir='ltr'>judi-</span> 
     </span>
    </p>
   </div>
   <div class='ocr_carea' id='block_1_4' title="bbox 153 402 1375 471">
    <p class='ocr_par' dir='ltr' id='par_1_4' title="bbox 153 402 1375 471">
     <span class='ocr_line' id='line_1_6' title="bbox 153 402 1375 471; baseline -0.004 -8"><span class='ocrx_word' id='word_1_26' title='bbox 153 407 538 470; x_wconf 66' lang='lat' dir='ltr'>eia=hominum</span> <span class='ocrx_word' id='word_1_27' title='bbox 560 402 958 461; x_wconf 80' lang='lat' dir='ltr'>recitationibus</span> <span class='ocrx_word' id='word_1_28' title='bbox 983 403 1375 471; x_wconf 83' lang='lat' dir='ltr'>experiebatur.</span> 
     </span>
    </p>
   </div>
   <div class='ocr_carea' id='block_1_5' title="bbox 1454 403 2249 474">
    <p class='ocr_par' dir='ltr' id='par_1_5' title="bbox 1454 403 2249 474">
     <span class='ocr_line' id='line_1_7' title="bbox 1454 403 2249 474; baseline 0.011 -16"><span class='ocrx_word' id='word_1_29' title='bbox 1454 403 1783 463; x_wconf 85' lang='lat' dir='ltr'>Noviffime‚</span> <span class='ocrx_word' id='word_1_30' title='bbox 1822 406 1895 459; x_wconf 88' lang='lat' dir='ltr'>ita</span> <span class='ocrx_word' id='word_1_31' title='bbox 1927 410 1946 434; x_wconf 84' lang='lat'><strong>⁴</strong></span> <span class='ocrx_word' id='word_1_32' title='bbox 1980 410 2249 474; x_wconf 82' lang='lat' dir='ltr'>suadenti-</span> 
     </span>
    </p>
   </div>
   <div class='ocr_carea' id='block_1_6' title="bbox 153 472 2241 546">
    <p class='ocr_par' dir='ltr' id='par_1_6' title="bbox 153 472 2241 546">
     <span class='ocr_line' id='line_1_8' title="bbox 153 472 2241 546; baseline 0.002 -12"><span class='ocrx_word' id='word_1_33' title='bbox 153 475 250 536; x_wconf 87' lang='lat' dir='ltr'>bus</span> <span class='ocrx_word' id='word_1_34' title='bbox 273 480 448 544; x_wconf 74' lang='lat' dir='ltr'>anniS,</span> <span class='ocrx_word' id='word_1_35' title='bbox 483 478 548 532; x_wconf 91' lang='lat' dir='ltr'>ab</span> <span class='ocrx_word' id='word_1_36' title='bbox 576 473 957 536; x_wconf 83' lang='lat' dir='ltr'>urbeseeeffit,</span> <span class='ocrx_word' id='word_1_37' title='bbox 992 472 1155 545; x_wconf 88' lang='lat' dir='ltr'>seque</span> <span class='ocrx_word' id='word_1_38' title='bbox 1183 475 1237 528; x_wconf 91' lang='lat' dir='ltr'>in</span> <span class='ocrx_word' id='word_1_39' title='bbox 1252 474 1544 546; x_wconf 81' lang='lat' dir='ltr'>Campania</span> <span class='ocrx_word' id='word_1_40' title='bbox 1568 477 1774 539; x_wconf 85' lang='lat' dir='ltr'>tenuit,</span> <span class='ocrx_word' id='word_1_41' title='bbox 1809 494 1869 544; x_wconf 84' lang='lat' dir='ltr'>ac</span> <span class='ocrx_word' id='word_1_42' title='bbox 1885 495 1954 532; x_wconf 91' lang='lat' dir='ltr'>ne</span> <span class='ocrx_word' id='word_1_43' title='bbox 1977 479 2241 539; x_wconf 86' lang='lat' dir='ltr'>⁵adventu</span> 
     </span>
    </p>
   </div>
   <div class='ocr_carea' id='block_1_7' title="bbox 128 677 1188 2228">
    <p class='ocr_par' dir='ltr' id='par_1_7' title="bbox 128 677 1188 2228">
     <span class='ocr_line' id='line_1_9' title="bbox 153 677 1188 736; baseline -0.004 -12"><span class='ocrx_word' id='word_1_44' title='bbox 153 686 201 725; x_wconf 83' lang='lat' dir='ltr'>ad</span> <span class='ocrx_word' id='word_1_45' title='bbox 231 684 447 736; x_wconf 69' lang='lat' dir='ltr'>magistratus</span> <span class='ocrx_word' id='word_1_46' title='bbox 477 683 636 734; x_wconf 87' lang='lat' dir='ltr'>aspirant.</span> <span class='ocrx_word' id='word_1_47' title='bbox 688 678 758 718; x_wconf 88' lang='lat' dir='ltr'>Sed</span> <span class='ocrx_word' id='word_1_48' title='bbox 793 678 956 734; x_wconf 79' lang='lat' dir='ltr'>praesens</span> <span class='ocrx_word' id='word_1_49' title='bbox 985 679 1087 720; x_wconf 83' lang='lat' dir='ltr'>locus</span> <span class='ocrx_word' id='word_1_50' title='bbox 1112 677 1188 736; x_wconf 62' lang='lat' dir='ltr'>adl</span> 
     </span>
     <span class='ocr_line' id='line_1_10' title="bbox 155 730 1187 785; baseline -0.006 -9"><span class='ocrx_word' id='word_1_51' title='bbox 155 739 311 785; x_wconf 82' lang='lat' dir='ltr'>primam</span> <span class='ocrx_word' id='word_1_52' title='bbox 334 737 505 784; x_wconf 72' lang='lat' dir='ltr'>pertinet:</span> <span class='ocrx_word' id='word_1_53' title='bbox 534 743 614 783; x_wconf 14' lang='lat' dir='ltr'>quor</span> <span class='ocrx_word' id='word_1_54' title='bbox 633 731 741 769; x_wconf 76' lang='lat' dir='ltr'>etiam</span> <span class='ocrx_word' id='word_1_55' title='bbox 764 730 896 779; x_wconf 70' lang='lat' dir='ltr'>spee&#39;tat</span> <span class='ocrx_word' id='word_1_56' title='bbox 918 732 1021 779; x_wconf 89' lang='lat' dir='ltr'>quod</span> <span class='ocrx_word' id='word_1_57' title='bbox 1037 732 1156 770; x_wconf 89' lang='lat' dir='ltr'>noster</span> <span class='ocrx_word' id='word_1_58' title='bbox 1185 738 1187 746; x_wconf 90' lang='grc'><strong>’</strong></span> 
     </span>
     <span class='ocr_line' id='line_1_11' title="bbox 157 782 1157 836; baseline -0.007 -12"><span class='ocrx_word' id='word_1_59' title='bbox 157 787 246 836; x_wconf 84' lang='lat' dir='ltr'>Cap.</span> <span class='ocrx_word' id='word_1_60' title='bbox 267 785 526 831; x_wconf 81' lang='lat' dir='ltr'>LXILPaneg.</span> <span class='ocrx_word' id='word_1_61' title='bbox 546 782 787 819; x_wconf 79' lang='lat' dir='ltr'>adolescentes</span> <span class='ocrx_word' id='word_1_62' title='bbox 806 788 936 818; x_wconf 87' lang='lat' dir='ltr'>monet</span> <span class='ocrx_word' id='word_1_63' title='bbox 958 793 966 816; x_wconf 73' lang='grc' dir='ltr'>ε</span> <span class='ocrx_word' id='word_1_64' title='bbox 1006 784 1157 820; x_wconf 83' lang='lat' dir='ltr'>Adeant</span> 
     </span>
     <span class='ocr_line' id='line_1_12' title="bbox 143 828 1154 886; baseline -0.005 -14"><span class='ocrx_word' id='word_1_65' title='bbox 143 837 433 886; x_wconf 79' lang='lat' dir='ltr'>frequentemque</span> <span class='ocrx_word' id='word_1_66' title='bbox 433 833 610 882; x_wconf 79' lang='lat' dir='ltr'>seniorum</span> <span class='ocrx_word' id='word_1_67' title='bbox 623 832 741 868; x_wconf 80' lang='lat' dir='ltr'>domos</span> <span class='ocrx_word' id='word_1_68' title='bbox 752 846 766 876; x_wconf 24' lang='lat'>..-</span> <span class='ocrx_word' id='word_1_69' title='bbox 786 828 1049 881; x_wconf 81' lang='lat' dir='ltr'>existimentque</span> <span class='ocrx_word' id='word_1_70' title='bbox 1060 831 1154 870; x_wconf 87' lang='lat' dir='ltr'>hunc</span> 
     </span>
     <span class='ocr_line' id='line_1_13' title="bbox 154 881 1156 934; baseline -0.001 -12"><span class='ocrx_word' id='word_1_71' title='bbox 154 885 304 926; x_wconf 66' lang='lat' dir='ltr'>maxime</span> <span class='ocrx_word' id='word_1_72' title='bbox 329 882 514 934; x_wconf 66' lang='lat' dir='ltr'>promereri</span> <span class='ocrx_word' id='word_1_73' title='bbox 539 882 730 932; x_wconf 76' lang='lat' dir='ltr'>principem</span> <span class='ocrx_word' id='word_1_74' title='bbox 752 907 762 924; x_wconf 90' lang='lat'>‚</span> <span class='ocrx_word' id='word_1_75' title='bbox 808 881 963 930; x_wconf 80' lang='lat' dir='ltr'>quisquis</span> <span class='ocrx_word' id='word_1_76' title='bbox 992 882 1156 930; x_wconf 87' lang='lat' dir='ltr'>probatos</span> 
     </span>
     <span class='ocr_line' id='line_1_14' title="bbox 150 932 1154 982; baseline -0.001 -10"><span class='ocrx_word' id='word_1_77' title='bbox 150 932 291 972; x_wconf 77' lang='lat' dir='ltr'>Senatui</span> <span class='ocrx_word' id='word_1_78' title='bbox 306 932 400 972; x_wconf 72' lang='lat' dir='ltr'>viros</span> <span class='ocrx_word' id='word_1_79' title='bbox 416 932 597 982; x_wconf 76' lang='lat' dir='ltr'>suspiceret.</span> <span class='ocrx_word' id='word_1_80' title='bbox 623 933 850 980; x_wconf 78' lang='lat' dir='ltr'>Quanquam</span> <span class='ocrx_word' id='word_1_81' title='bbox 871 937 993 968; x_wconf 84' lang='lat' dir='ltr'>autem</span> <span class='ocrx_word' id='word_1_82' title='bbox 1008 934 1130 971; x_wconf 88' lang='lat' dir='ltr'>&amp;hoc</span> <span class='ocrx_word' id='word_1_83' title='bbox 1143 962 1154 979; x_wconf 93' lang='lat'>,</span> 
     </span>
     <span class='ocr_line' id='line_1_15' title="bbox 148 976 1153 1031; baseline -0.001 -8"><span class='ocrx_word' id='word_1_84' title='bbox 148 976 190 1023; x_wconf 66' lang='lat' dir='ltr'>Bc</span> <span class='ocrx_word' id='word_1_85' title='bbox 206 992 344 1023; x_wconf 82' lang='lat' dir='ltr'>caetera</span> <span class='ocrx_word' id='word_1_86' title='bbox 366 976 571 1021; x_wconf 75' lang='lat' dir='ltr'>officiorum</span> <span class='ocrx_word' id='word_1_87' title='bbox 593 979 802 1031; x_wconf 80' lang='lat' dir='ltr'>hujusmodi</span> <span class='ocrx_word' id='word_1_88' title='bbox 831 989 965 1027; x_wconf 86' lang='lat' dir='ltr'>genera</span> <span class='ocrx_word' id='word_1_89' title='bbox 994 984 1153 1022; x_wconf 87' lang='lat' dir='ltr'>multum</span> 
     </span>
     <span class='ocr_line' id='line_1_16' title="bbox 147 1029 1151 1084; baseline 0.001 -13"><span class='ocrx_word' id='word_1_90' title='bbox 147 1029 361 1084; x_wconf 79' lang='lat' dir='ltr'>plerumque</span> <span class='ocrx_word' id='word_1_91' title='bbox 391 1033 565 1072; x_wconf 88' lang='lat' dir='ltr'>haberent</span> <span class='ocrx_word' id='word_1_92' title='bbox 596 1032 671 1069; x_wconf 79' lang='lat' dir='ltr'>fuci</span> <span class='ocrx_word' id='word_1_93' title='bbox 701 1058 713 1075; x_wconf 85' lang='lat'><strong>,</strong></span> <span class='ocrx_word' id='word_1_94' title='bbox 761 1040 889 1080; x_wconf 84' lang='lat' dir='ltr'>parum</span> <span class='ocrx_word' id='word_1_95' title='bbox 922 1029 1151 1080; x_wconf 72' lang='lat' dir='ltr'>sinceritatis5</span> 
     </span>
     <span class='ocr_line' id='line_1_17' title="bbox 145 1079 1155 1137; baseline 0 -16"><span class='ocrx_word' id='word_1_96' title='bbox 145 1084 328 1132; x_wconf 78' lang='lat' dir='ltr'>magisque</span> <span class='ocrx_word' id='word_1_97' title='bbox 350 1084 519 1122; x_wconf 82' lang='lat' dir='ltr'>fortunae</span> <span class='ocrx_word' id='word_1_98' title='bbox 541 1111 552 1128; x_wconf 94' lang='lat'>‚</span> <span class='ocrx_word' id='word_1_99' title='bbox 579 1082 821 1120; x_wconf 82' lang='lat' dir='ltr'>emolumenti</span> <span class='ocrx_word' id='word_1_100' title='bbox 841 1079 900 1128; x_wconf 85' lang='lat' dir='ltr'>spe</span> <span class='ocrx_word' id='word_1_101' title='bbox 924 1092 1074 1137; x_wconf 21' lang='lat' dir='ltr'>,tquam</span> <span class='ocrx_word' id='word_1_102' title='bbox 1098 1097 1155 1124; x_wconf 88' lang='lat' dir='ltr'>re-</span> 
     </span>
     <span class='ocr_line' id='line_1_18' title="bbox 144 1128 1153 1184; baseline 0.001 -14"><span class='ocrx_word' id='word_1_103' title='bbox 144 1134 328 1172; x_wconf 69' lang='lat' dir='ltr'>verentia‘e</span> <span class='ocrx_word' id='word_1_104' title='bbox 361 1135 553 1184; x_wconf 85' lang='lat' dir='ltr'>amorique</span> <span class='ocrx_word' id='word_1_105' title='bbox 584 1132 757 1182; x_wconf 83' lang='lat' dir='ltr'>personae</span> <span class='ocrx_word' id='word_1_106' title='bbox 789 1128 953 1180; x_wconf 82' lang='lat' dir='ltr'>praestari</span> <span class='ocrx_word' id='word_1_107' title='bbox 974 1133 1153 1181; x_wconf 65' lang='lat' dir='ltr'>solerent,</span> 
     </span>
     <span class='ocr_line' id='line_1_19' title="bbox 143 1181 1152 1231; baseline 0.003 -10"><span class='ocrx_word' id='word_1_108' title='bbox 143 1182 240 1221; x_wconf 86' lang='lat' dir='ltr'>unde</span> <span class='ocrx_word' id='word_1_109' title='bbox 261 1184 329 1222; x_wconf 89' lang='lat' dir='ltr'>hos</span> <span class='ocrx_word' id='word_1_110' title='bbox 347 1183 459 1222; x_wconf 82' lang='lat' dir='ltr'>bellos</span> <span class='ocrx_word' id='word_1_111' title='bbox 479 1195 521 1222; x_wconf 88' lang='lat' dir='ltr'>ac</span> <span class='ocrx_word' id='word_1_112' title='bbox 539 1183 695 1221; x_wconf 86' lang='lat' dir='ltr'>urbanos</span> <span class='ocrx_word' id='word_1_113' title='bbox 715 1182 885 1219; x_wconf 87' lang='lat' dir='ltr'>homines</span> <span class='ocrx_word' id='word_1_114' title='bbox 909 1181 1027 1220; x_wconf 86' lang='lat' dir='ltr'>noster</span> <span class='ocrx_word' id='word_1_115' title='bbox 1048 1184 1152 1231; x_wconf 86' lang='lat' dir='ltr'>alibi,</span> 
     </span>
     <span class='ocr_line' id='line_1_20' title="bbox 141 1231 1152 1283; baseline 0.003 -12"><span class='ocrx_word' id='word_1_116' title='bbox 141 1234 198 1271; x_wconf 58' lang='grc' dir='ltr'>ἐπ’</span> <span class='ocrx_word' id='word_1_117' title='bbox 219 1235 344 1271; x_wconf 87' lang='lat' dir='ltr'>animo</span> <span class='ocrx_word' id='word_1_118' title='bbox 378 1236 501 1272; x_wconf 86' lang='lat' dir='ltr'>amicis</span> <span class='ocrx_word' id='word_1_119' title='bbox 532 1234 688 1283; x_wconf 84' lang='lat' dir='ltr'>opponit</span> <span class='ocrx_word' id='word_1_120' title='bbox 709 1246 721 1275; x_wconf 85' lang='grc'>;</span> <span class='ocrx_word' id='word_1_121' title='bbox 761 1232 819 1269; x_wconf 77' lang='lat' dir='ltr'>hic</span> <span class='ocrx_word' id='word_1_122' title='bbox 842 1231 941 1268; x_wconf 74' lang='lat' dir='ltr'>aliter</span> <span class='ocrx_word' id='word_1_123' title='bbox 963 1239 1087 1271; x_wconf 83' lang='lat' dir='ltr'>tamen</span> <span class='ocrx_word' id='word_1_124' title='bbox 1115 1237 1152 1274; x_wconf 88' lang='lat' dir='ltr'>in</span> 
     </span>
     <span class='ocr_line' id='line_1_21' title="bbox 141 1282 1150 1326; baseline 0.001 -4"><span class='ocrx_word' id='word_1_125' title='bbox 141 1283 405 1326; x_wconf 65' lang='lat' dir='ltr'>Siliosastum</span> <span class='ocrx_word' id='word_1_126' title='bbox 440 1285 574 1323; x_wconf 79' lang='lat' dir='ltr'>Plinius</span> <span class='ocrx_word' id='word_1_127' title='bbox 610 1292 738 1321; x_wconf 74' lang='lat' dir='ltr'>narrat.</span> <span class='ocrx_word' id='word_1_128' title='bbox 793 1282 906 1320; x_wconf 86' lang='lat' dir='ltr'>Cuius</span> <span class='ocrx_word' id='word_1_129' title='bbox 943 1283 1150 1323; x_wconf 87' lang='lat' dir='ltr'>cubiculum</span> 
     </span>
     <span class='ocr_line' id='line_1_22' title="bbox 139 1331 1152 1384; baseline -0.001 -13"><span class='ocrx_word' id='word_1_130' title='bbox 139 1331 310 1383; x_wconf 80' lang='lat' dir='ltr'>frequens</span> <span class='ocrx_word' id='word_1_131' title='bbox 328 1335 468 1384; x_wconf 83' lang='lat' dir='ltr'>semper</span> <span class='ocrx_word' id='word_1_132' title='bbox 492 1333 594 1373; x_wconf 81' lang='lat' dir='ltr'>fuilIe</span> <span class='ocrx_word' id='word_1_133' title='bbox 616 1331 812 1382; x_wconf 79' lang='lat' dir='ltr'>fignificat,</span> <span class='ocrx_word' id='word_1_134' title='bbox 837 1344 914 1368; x_wconf 90' lang='lat' dir='ltr'>non</span> <span class='ocrx_word' id='word_1_135' title='bbox 926 1333 1008 1380; x_wconf 87' lang='lat' dir='ltr'>quia</span> <span class='ocrx_word' id='word_1_136' title='bbox 1021 1343 1152 1382; x_wconf 82' lang='lat' dir='ltr'>potens</span> 
     </span>
     <span class='ocr_line' id='line_1_23' title="bbox 139 1382 1151 1433; baseline 0.001 -12"><span class='ocrx_word' id='word_1_137' title='bbox 139 1386 182 1421; x_wconf 73' lang='lat' dir='ltr'>ac</span> <span class='ocrx_word' id='word_1_138' title='bbox 215 1382 316 1422; x_wconf 83' lang='lat' dir='ltr'>dives</span> <span class='ocrx_word' id='word_1_139' title='bbox 348 1387 385 1424; x_wconf 76' lang='grc' dir='ltr'>ὃ(</span> <span class='ocrx_word' id='word_1_140' title='bbox 416 1388 509 1423; x_wconf 86' lang='lat' dir='ltr'>inter</span> <span class='ocrx_word' id='word_1_141' title='bbox 539 1385 716 1433; x_wconf 81' lang='lat' dir='ltr'>p1·incip.·s</span> <span class='ocrx_word' id='word_1_142' title='bbox 742 1382 892 1420; x_wconf 77' lang='lat' dir='ltr'>civit-atis</span> <span class='ocrx_word' id='word_1_143' title='bbox 916 1397 927 1425; x_wconf 85' lang='lat'>;</span> <span class='ocrx_word' id='word_1_144' title='bbox 971 1382 1030 1420; x_wconf 82' lang='lat' dir='ltr'>sed</span> <span class='ocrx_word' id='word_1_145' title='bbox 1066 1388 1151 1433; x_wconf 71' lang='lat' dir='ltr'>quia</span> 
     </span>
     <span class='ocr_line' id='line_1_24' title="bbox 137 1431 1150 1482; baseline 0.001 -11"><span class='ocrx_word' id='word_1_146' title='bbox 137 1433 253 1474; x_wconf 83' lang='lat' dir='ltr'>multa</span> <span class='ocrx_word' id='word_1_147' title='bbox 283 1433 320 1471; x_wconf 93' lang='lat' dir='ltr'>in</span> <span class='ocrx_word' id='word_1_148' title='bbox 351 1446 398 1472; x_wconf 90' lang='lat' dir='ltr'>eo</span> <span class='ocrx_word' id='word_1_149' title='bbox 427 1436 567 1472; x_wconf 85' lang='lat' dir='ltr'>virtutis</span> <span class='ocrx_word' id='word_1_150' title='bbox 591 1460 601 1477; x_wconf 89' lang='lat'><strong>,</strong></span> <span class='ocrx_word' id='word_1_151' title='bbox 649 1443 759 1481; x_wconf 84' lang='lat' dir='ltr'>atque</span> <span class='ocrx_word' id='word_1_152' title='bbox 793 1431 978 1470; x_wconf 65' lang='lat' dir='ltr'>doetrinae</span> <span class='ocrx_word' id='word_1_153' title='bbox 1023 1436 1150 1482; x_wconf 90' lang='lat' dir='ltr'>opinio</span> 
     </span>
     <span class='ocr_line' id='line_1_25' title="bbox 139 1481 1183 1534; baseline -0.002 -13"><span class='ocrx_word' id='word_1_154' title='bbox 139 1482 247 1521; x_wconf 73' lang='lat' dir='ltr'>esset:</span> <span class='ocrx_word' id='word_1_155' title='bbox 279 1482 383 1522; x_wconf 85' lang='lat' dir='ltr'>unde</span> <span class='ocrx_word' id='word_1_156' title='bbox 396 1492 586 1534; x_wconf 77' lang='lat' dir='ltr'>praecepta</span> <span class='ocrx_word' id='word_1_157' title='bbox 605 1482 848 1530; x_wconf 70' lang='lat' dir='ltr'>exsmplaque</span> <span class='ocrx_word' id='word_1_158' title='bbox 878 1481 1085 1527; x_wconf 78' lang='lat' dir='ltr'>haurirent,</span> <span class='ocrx_word' id='word_1_159' title='bbox 1113 1488 1151 1523; x_wconf 70' lang='grc' dir='ltr'>ὅ(</span> <span class='ocrx_word' id='word_1_160' title='bbox 1179 1485 1183 1522; x_wconf 97' lang='grc' dir='ltr'>Ι</span> 
     </span>
     <span class='ocr_line' id='line_1_26' title="bbox 139 1533 1152 1585; baseline 0.008 -16"><span class='ocrx_word' id='word_1_161' title='bbox 139 1535 333 1577; x_wconf 88' lang='lat' dir='ltr'>meliores,</span> <span class='ocrx_word' id='word_1_162' title='bbox 360 1546 439 1571; x_wconf 87' lang='lat' dir='ltr'>non</span> <span class='ocrx_word' id='word_1_163' title='bbox 463 1533 743 1573; x_wconf 74' lang='lat' dir='ltr'>fortunatiorcs‚</span> <span class='ocrx_word' id='word_1_164' title='bbox 781 1539 1003 1585; x_wconf 73' lang='lat' dir='ltr'>reverterent</span> <span class='ocrx_word' id='word_1_165' title='bbox 1026 1533 1071 1569; x_wconf 64' lang='lat' dir='ltr'>ad</span> <span class='ocrx_word' id='word_1_166' title='bbox 1091 1534 1126 1570; x_wconf 70' lang='lat' dir='ltr'>se</span> <span class='ocrx_word' id='word_1_167' title='bbox 1143 1562 1152 1577; x_wconf 81' lang='grc'><em>,</em></span> 
     </span>
     <span class='ocr_line' id='line_1_27' title="bbox 138 1577 1152 1633; baseline 0.001 -15"><span class='ocrx_word' id='word_1_168' title='bbox 138 1584 200 1629; x_wconf 88' lang='lat' dir='ltr'>qui</span> <span class='ocrx_word' id='word_1_169' title='bbox 223 1581 394 1620; x_wconf 84' lang='lat' dir='ltr'>adiissent.</span> <span class='ocrx_word' id='word_1_170' title='bbox 448 1583 575 1630; x_wconf 85' lang='lat' dir='ltr'>Itaque</span> <span class='ocrx_word' id='word_1_171' title='bbox 599 1591 689 1618; x_wconf 82' lang='lat' dir='ltr'>mox</span> <span class='ocrx_word' id='word_1_172' title='bbox 707 1581 779 1621; x_wconf 88' lang='lat' dir='ltr'>ait,</span> <span class='ocrx_word' id='word_1_173' title='bbox 806 1577 1006 1633; x_wconf 54' lang='lat' dir='ltr'>Docbffinns</span> <span class='ocrx_word' id='word_1_174' title='bbox 1018 1582 1152 1629; x_wconf 87' lang='lat' dir='ltr'>sermo-</span> 
     </span>
     <span class='ocr_line' id='line_1_28' title="bbox 138 1629 1148 1682; baseline 0.001 -13"><span class='ocrx_word' id='word_1_175' title='bbox 138 1631 241 1669; x_wconf 79' lang='lat' dir='ltr'>nibus</span> <span class='ocrx_word' id='word_1_176' title='bbox 262 1630 478 1682; x_wconf 77' lang='lat' dir='ltr'>tranfigebat</span> <span class='ocrx_word' id='word_1_177' title='bbox 500 1632 582 1668; x_wconf 80' lang='lat' dir='ltr'>dies.</span> <span class='ocrx_word' id='word_1_178' title='bbox 609 1630 814 1667; x_wconf 61' lang='lat' dir='ltr'>Euenum.</span> <span class='ocrx_word' id='word_1_179' title='bbox 844 1629 998 1666; x_wconf 71' lang='lat' dir='ltr'>Videtur</span> <span class='ocrx_word' id='word_1_180' title='bbox 1020 1632 1148 1670; x_wconf 87' lang='lat' dir='ltr'>tollen-</span> 
     </span>
     <span class='ocr_line' id='line_1_29' title="bbox 139 1677 1148 1730; baseline -0.004 -11"><span class='ocrx_word' id='word_1_181' title='bbox 139 1681 185 1719; x_wconf 88' lang='lat' dir='ltr'>da</span> <span class='ocrx_word' id='word_1_182' title='bbox 218 1683 362 1730; x_wconf 78' lang='lat' dir='ltr'>negatio</span> <span class='ocrx_word' id='word_1_183' title='bbox 387 1710 399 1725; x_wconf 89' lang='lat'>‚</span> <span class='ocrx_word' id='word_1_184' title='bbox 435 1690 475 1719; x_wconf 90' lang='lat' dir='ltr'>ut</span> <span class='ocrx_word' id='word_1_185' title='bbox 506 1681 576 1718; x_wconf 81' lang='lat' dir='ltr'>sit:</span> <span class='ocrx_word' id='word_1_186' title='bbox 615 1677 762 1716; x_wconf 79' lang='lat' dir='ltr'>cubiculo</span> <span class='ocrx_word' id='word_1_187' title='bbox 790 1681 918 1726; x_wconf 80' lang='lat' dir='ltr'>semper</span> <span class='ocrx_word' id='word_1_188' title='bbox 940 1692 982 1715; x_wconf 84' lang='lat' dir='ltr'>ex</span> <span class='ocrx_word' id='word_1_189' title='bbox 993 1680 1148 1726; x_wconf 78' lang='lat' dir='ltr'>fortuna</span> 
     </span>
     <span class='ocr_line' id='line_1_30' title="bbox 130 1728 1149 1781; baseline -0.003 -11"><span class='ocrx_word' id='word_1_190' title='bbox 130 1733 326 1781; x_wconf 67' lang='lat' dir='ltr'>frequenti.</span> <span class='ocrx_word' id='word_1_191' title='bbox 368 1731 520 1770; x_wconf 63' lang='lat' dir='ltr'>Bima.</span> <span class='ocrx_word' id='word_1_192' title='bbox 555 1730 602 1768; x_wconf 84' lang='lat' dir='ltr'>Et</span> <span class='ocrx_word' id='word_1_193' title='bbox 631 1728 760 1766; x_wconf 83' lang='lat' dir='ltr'>sustulit</span> <span class='ocrx_word' id='word_1_194' title='bbox 792 1729 1025 1775; x_wconf 73' lang='lat' dir='ltr'>negationem</span> <span class='ocrx_word' id='word_1_195' title='bbox 1050 1732 1149 1780; x_wconf 85' lang='lat' dir='ltr'>Gry-</span> 
     </span>
     <span class='ocr_line' id='line_1_31' title="bbox 138 1776 1145 1831; baseline -0.003 -13"><span class='ocrx_word' id='word_1_196' title='bbox 138 1782 244 1829; x_wconf 87' lang='lat' dir='ltr'>phius</span> <span class='ocrx_word' id='word_1_197' title='bbox 272 1810 282 1825; x_wconf 98' lang='lat'>,</span> <span class='ocrx_word' id='word_1_198' title='bbox 317 1782 380 1831; x_wconf 84' lang='lat' dir='ltr'>qui</span> <span class='ocrx_word' id='word_1_199' title='bbox 409 1781 503 1818; x_wconf 84' lang='lat' dir='ltr'>hanc</span> <span class='ocrx_word' id='word_1_200' title='bbox 532 1781 730 1818; x_wconf 62' lang='lat' dir='ltr'>lectionem</span> <span class='ocrx_word' id='word_1_201' title='bbox 755 1776 853 1815; x_wconf 87' lang='lat' dir='ltr'>dedit</span> <span class='ocrx_word' id='word_1_202' title='bbox 876 1791 884 1814; x_wconf 87' lang='lat'>:</span> <span class='ocrx_word' id='word_1_203' title='bbox 923 1778 1145 1831; x_wconf 63' lang='lat' dir='ltr'>multumque</span> 
     </span>
     <span class='ocr_line' id='line_1_32' title="bbox 137 1828 1142 1884; baseline -0.003 -15"><span class='ocrx_word' id='word_1_204' title='bbox 137 1834 177 1869; x_wconf 68' lang='lat' dir='ltr'>in</span> <span class='ocrx_word' id='word_1_205' title='bbox 199 1831 317 1868; x_wconf 56' lang='lat' dir='ltr'>lectulo</span> <span class='ocrx_word' id='word_1_206' title='bbox 339 1833 450 1869; x_wconf 73' lang='lat' dir='ltr'>iacens</span> <span class='ocrx_word' id='word_1_207' title='bbox 473 1830 621 1868; x_wconf 72' lang='lat' dir='ltr'>cubiculo</span> <span class='ocrx_word' id='word_1_208' title='bbox 634 1830 767 1878; x_wconf 78' lang='lat' dir='ltr'>semper</span> <span class='ocrx_word' id='word_1_209' title='bbox 782 1855 792 1871; x_wconf 95' lang='lat'>,</span> <span class='ocrx_word' id='word_1_210' title='bbox 816 1828 886 1865; x_wconf 81' lang='lat' dir='ltr'>eius</span> <span class='ocrx_word' id='word_1_211' title='bbox 905 1841 947 1884; x_wconf 67' lang='lat'>⁸³?</span> <span class='ocrx_word' id='word_1_212' title='bbox 962 1829 1117 1875; x_wconf 78' lang='lat' dir='ltr'>fortuna</span> <span class='ocrx_word' id='word_1_213' title='bbox 1134 1861 1142 1875; x_wconf 93' lang='lat'><em>‚</em></span> 
     </span>
     <span class='ocr_line' id='line_1_33' title="bbox 128 1877 1143 1928; baseline 0.001 -14"><span class='ocrx_word' id='word_1_214' title='bbox 128 1880 321 1928; x_wconf 79' lang='lat' dir='ltr'>frequenti.</span> <span class='ocrx_word' id='word_1_215' title='bbox 374 1880 443 1917; x_wconf 85' lang='lat' dir='ltr'>Sed</span> <span class='ocrx_word' id='word_1_216' title='bbox 459 1881 533 1918; x_wconf 85' lang='lat' dir='ltr'>hoc</span> <span class='ocrx_word' id='word_1_217' title='bbox 555 1887 683 1926; x_wconf 60' lang='lat' dir='ltr'>eontra&gt;</span> <span class='ocrx_word' id='word_1_218' title='bbox 698 1877 841 1916; x_wconf 84' lang='lat' dir='ltr'>codices</span> <span class='ocrx_word' id='word_1_219' title='bbox 871 1882 973 1915; x_wconf 80' lang='lat' dir='ltr'>auius</span> <span class='ocrx_word' id='word_1_220' title='bbox 1006 1879 1076 1924; x_wconf 86' lang='lat' dir='ltr'>est,</span> <span class='ocrx_word' id='word_1_221' title='bbox 1104 1883 1143 1920; x_wconf 65' lang='grc' dir='ltr'>ὃς</span> 
     </span>
     <span class='ocr_line' id='line_1_34' title="bbox 139 1928 1141 1978; baseline 0.004 -13"><span class='ocrx_word' id='word_1_222' title='bbox 139 1940 187 1966; x_wconf 89' lang='lat' dir='ltr'>ne</span> <span class='ocrx_word' id='word_1_223' title='bbox 232 1928 278 1965; x_wconf 86' lang='lat' dir='ltr'>fic</span> <span class='ocrx_word' id='word_1_224' title='bbox 310 1929 474 1978; x_wconf 64' lang='lat' dir='ltr'>‚quidem</span> <span class='ocrx_word' id='word_1_225' title='bbox 507 1929 697 1978; x_wconf 88' lang='lat' dir='ltr'>promovit</span> <span class='ocrx_word' id='word_1_226' title='bbox 731 1928 899 1965; x_wconf 89' lang='lat' dir='ltr'>multum.</span> <span class='ocrx_word' id='word_1_227' title='bbox 951 1929 1141 1970; x_wconf 86' lang='lat' dir='ltr'>Revocavi</span> 
     </span>
     <span class='ocr_line' id='line_1_35' title="bbox 139 1977 1139 2028; baseline 0.005 -14"><span class='ocrx_word' id='word_1_228' title='bbox 139 1989 292 2016; x_wconf 82' lang='lat' dir='ltr'>manum</span> <span class='ocrx_word' id='word_1_229' title='bbox 322 1979 456 2022; x_wconf 87' lang='lat' dir='ltr'>Plinii,</span> <span class='ocrx_word' id='word_1_230' title='bbox 492 1985 601 2028; x_wconf 83' lang='lat' dir='ltr'>quam</span> <span class='ocrx_word' id='word_1_231' title='bbox 633 1979 785 2017; x_wconf 83' lang='lat' dir='ltr'>servavit</span> <span class='ocrx_word' id='word_1_232' title='bbox 813 1978 915 2015; x_wconf 84' lang='lat' dir='ltr'>nobis</span> <span class='ocrx_word' id='word_1_233' title='bbox 936 1977 1139 2019; x_wconf 82' lang='lat' dir='ltr'>castiffnnus</span> 
     </span>
     <span class='ocr_line' id='line_1_36' title="bbox 136 2023 1140 2082; baseline -0.001 -20"><span class='ocrx_word' id='word_1_234' title='bbox 136 2025 355 2082; x_wconf 50' lang='lat' dir='ltr'>Mediceuffi</span> <span class='ocrx_word' id='word_1_235' title='bbox 379 2030 418 2074; x_wconf 74' lang='grc' dir='ltr'>δε</span> <span class='ocrx_word' id='word_1_236' title='bbox 438 2029 510 2066; x_wconf 77' lang='lat' dir='ltr'>iam</span> <span class='ocrx_word' id='word_1_237' title='bbox 531 2023 701 2068; x_wconf 82' lang='lat' dir='ltr'>indicavit</span> <span class='ocrx_word' id='word_1_238' title='bbox 723 2029 924 2066; x_wconf 75' lang='lat' dir='ltr'>Catanaeus</span> <span class='ocrx_word' id='word_1_239' title='bbox 947 2041 956 2064; x_wconf 89' lang='grc'>;</span> <span class='ocrx_word' id='word_1_240' title='bbox 996 2030 1140 2068; x_wconf 74' lang='lat' dir='ltr'>Saluta-</span> 
     </span>
     <span class='ocr_line' id='line_1_37' title="bbox 133 2074 1138 2128; baseline 0.003 -16"><span class='ocrx_word' id='word_1_241' title='bbox 133 2074 244 2112; x_wconf 78' lang='lat' dir='ltr'>batur</span> <span class='ocrx_word' id='word_1_242' title='bbox 267 2105 277 2120; x_wconf 92' lang='lat'><em>,</em></span> <span class='ocrx_word' id='word_1_243' title='bbox 314 2077 486 2116; x_wconf 83' lang='lat' dir='ltr'>colebatur</span> <span class='ocrx_word' id='word_1_244' title='bbox 509 2106 520 2122; x_wconf 90' lang='lat'><strong>,</strong></span> <span class='ocrx_word' id='word_1_245' title='bbox 555 2078 784 2128; x_wconf 77' lang='lat' dir='ltr'>multumque</span> <span class='ocrx_word' id='word_1_246' title='bbox 804 2077 841 2114; x_wconf 85' lang='lat' dir='ltr'>in</span> <span class='ocrx_word' id='word_1_247' title='bbox 863 2076 983 2115; x_wconf 64' lang='lat' dir='ltr'>lectulo</span> <span class='ocrx_word' id='word_1_248' title='bbox 1003 2079 1138 2128; x_wconf 77' lang='lat' dir='ltr'>iacens,</span> 
     </span>
     <span class='ocr_line' id='line_1_38' title="bbox 135 2126 1140 2178; baseline 0.007 -17"><span class='ocrx_word' id='word_1_249' title='bbox 135 2127 288 2164; x_wconf 65' lang='lat' dir='ltr'>eubiculo</span> <span class='ocrx_word' id='word_1_250' title='bbox 303 2126 435 2178; x_wconf 69' lang='lat' dir='ltr'>semper</span> <span class='ocrx_word' id='word_1_251' title='bbox 455 2156 466 2174; x_wconf 85' lang='lat'><strong>,</strong></span> <span class='ocrx_word' id='word_1_252' title='bbox 502 2142 571 2165; x_wconf 86' lang='lat' dir='ltr'>non</span> <span class='ocrx_word' id='word_1_253' title='bbox 591 2142 633 2166; x_wconf 85' lang='lat' dir='ltr'>ex</span> <span class='ocrx_word' id='word_1_254' title='bbox 647 2132 799 2175; x_wconf 80' lang='lat' dir='ltr'>fortuna</span> <span class='ocrx_word' id='word_1_255' title='bbox 818 2128 1002 2178; x_wconf 79' lang='lat' dir='ltr'>praesenti.</span> <span class='ocrx_word' id='word_1_256' title='bbox 1052 2131 1140 2169; x_wconf 87' lang='lat' dir='ltr'>Iun-</span> 
     </span>
     <span class='ocr_line' id='line_1_39' title="bbox 134 2175 1138 2228; baseline 0.006 -16"><span class='ocrx_word' id='word_1_257' title='bbox 134 2178 251 2222; x_wconf 74' lang='lat' dir='ltr'>geuda</span> <span class='ocrx_word' id='word_1_258' title='bbox 279 2175 356 2216; x_wconf 87' lang='lat' dir='ltr'>sunt</span> <span class='ocrx_word' id='word_1_259' title='bbox 385 2178 440 2216; x_wconf 77' lang='lat' dir='ltr'>illa</span> <span class='ocrx_word' id='word_1_260' title='bbox 464 2177 727 2228; x_wconf 80' lang='lat' dir='ltr'>:salutabatur</span> <span class='ocrx_word' id='word_1_261' title='bbox 751 2207 762 2224; x_wconf 92' lang='lat'><strong><em>‚</em></strong></span> <span class='ocrx_word' id='word_1_262' title='bbox 802 2177 980 2216; x_wconf 82' lang='lat' dir='ltr'>colebatur</span> <span class='ocrx_word' id='word_1_263' title='bbox 1006 2193 1074 2218; x_wconf 86' lang='lat' dir='ltr'>non</span> <span class='ocrx_word' id='word_1_264' title='bbox 1096 2196 1138 2218; x_wconf 85' lang='lat' dir='ltr'>ex</span> 
     </span>
    </p>
   </div>
   <div class='ocr_carea' id='block_1_8' title="bbox 123 2225 1176 2278">
    <p class='ocr_par' dir='ltr' id='par_1_8' title="bbox 123 2225 1176 2278">
     <span class='ocr_line' id='line_1_40' title="bbox 123 2225 1176 2278; baseline 0.003 -15"><span class='ocrx_word' id='word_1_265' title='bbox 123 2227 280 2271; x_wconf 80' lang='lat' dir='ltr'>fortuna</span> <span class='ocrx_word' id='word_1_266' title='bbox 314 2229 485 2278; x_wconf 70' lang='lat' dir='ltr'>praesente</span> <span class='ocrx_word' id='word_1_267' title='bbox 505 2256 517 2274; x_wconf 93' lang='lat'><strong>,</strong></span> <span class='ocrx_word' id='word_1_268' title='bbox 563 2231 585 2268; x_wconf 85' lang='lat' dir='ltr'>i.</span> <span class='ocrx_word' id='word_1_269' title='bbox 629 2241 705 2266; x_wconf 90' lang='lat' dir='ltr'>non</span> <span class='ocrx_word' id='word_1_270' title='bbox 736 2236 884 2277; x_wconf 83' lang='lat' dir='ltr'>propter</span> <span class='ocrx_word' id='word_1_271' title='bbox 916 2230 1139 2277; x_wconf 72' lang='lat' dir='ltr'>praesentem</span> <span class='ocrx_word' id='word_1_272' title='bbox 1170 2225 1176 2266; x_wconf 76' lang='lat' dir='ltr'>l</span> 
     </span>
    </p>
   </div>
   <div class='ocr_carea' id='block_1_9' title="bbox 130 2274 1142 2580">
    <p class='ocr_par' dir='ltr' id='par_1_9' title="bbox 130 2274 1142 2580">
     <span class='ocr_line' id='line_1_41' title="bbox 132 2274 1140 2328; baseline 0.008 -17"><span class='ocrx_word' id='word_1_273' title='bbox 132 2274 232 2315; x_wconf 75' lang='lat' dir='ltr'>sunm</span> <span class='ocrx_word' id='word_1_274' title='bbox 257 2278 440 2317; x_wconf 85' lang='lat' dir='ltr'>fortunam</span> <span class='ocrx_word' id='word_1_275' title='bbox 457 2307 468 2325; x_wconf 94' lang='lat'>,</span> <span class='ocrx_word' id='word_1_276' title='bbox 500 2280 562 2328; x_wconf 90' lang='lat' dir='ltr'>qui</span> <span class='ocrx_word' id='word_1_277' title='bbox 583 2280 622 2317; x_wconf 89' lang='lat'>&amp;</span> <span class='ocrx_word' id='word_1_278' title='bbox 643 2281 757 2328; x_wconf 79' lang='lat' dir='ltr'>gloria</span> <span class='ocrx_word' id='word_1_279' title='bbox 779 2278 929 2328; x_wconf 82' lang='lat' dir='ltr'>florebat</span> <span class='ocrx_word' id='word_1_280' title='bbox 952 2306 962 2322; x_wconf 92' lang='lat'>‚</span> <span class='ocrx_word' id='word_1_281' title='bbox 990 2282 1028 2317; x_wconf 69' lang='grc' dir='ltr'>ὃς</span> <span class='ocrx_word' id='word_1_282' title='bbox 1051 2283 1140 2319; x_wconf 89' lang='lat' dir='ltr'>ami-</span> 
     </span>
     <span class='ocr_line' id='line_1_42' title="bbox 133 2327 1142 2378; baseline 0.005 -14"><span class='ocrx_word' id='word_1_283' title='bbox 133 2327 214 2364; x_wconf 79' lang='lat' dir='ltr'>citia</span> <span class='ocrx_word' id='word_1_284' title='bbox 255 2329 418 2378; x_wconf 87' lang='lat' dir='ltr'>principis</span> <span class='ocrx_word' id='word_1_285' title='bbox 450 2330 608 2366; x_wconf 87' lang='lat' dir='ltr'>multum</span> <span class='ocrx_word' id='word_1_286' title='bbox 641 2337 781 2377; x_wconf 84' lang='lat' dir='ltr'>poterat</span> <span class='ocrx_word' id='word_1_287' title='bbox 802 2356 814 2373; x_wconf 92' lang='lat'>‚</span> <span class='ocrx_word' id='word_1_288' title='bbox 860 2327 919 2366; x_wconf 91' lang='lat' dir='ltr'>sed</span> <span class='ocrx_word' id='word_1_289' title='bbox 955 2327 1142 2369; x_wconf 70' lang='lat' dir='ltr'>doetrinae</span> 
     </span>
     <span class='ocr_line' id='line_1_43' title="bbox 130 2372 1141 2423; baseline 0.006 -11"><span class='ocrx_word' id='word_1_290' title='bbox 130 2377 258 2416; x_wconf 78' lang='lat' dir='ltr'>caussa.</span> <span class='ocrx_word' id='word_1_291' title='bbox 311 2375 352 2416; x_wconf 90' lang='lat' dir='ltr'>Id</span> <span class='ocrx_word' id='word_1_292' title='bbox 380 2381 477 2417; x_wconf 90' lang='lat' dir='ltr'>enim</span> <span class='ocrx_word' id='word_1_293' title='bbox 517 2391 661 2417; x_wconf 89' lang='lat' dir='ltr'>novum</span> <span class='ocrx_word' id='word_1_294' title='bbox 685 2390 762 2416; x_wconf 89' lang='lat' dir='ltr'>non</span> <span class='ocrx_word' id='word_1_295' title='bbox 784 2386 878 2423; x_wconf 78' lang='lat' dir='ltr'>erat,</span> <span class='ocrx_word' id='word_1_296' title='bbox 907 2386 946 2415; x_wconf 87' lang='lat' dir='ltr'>ut</span> <span class='ocrx_word' id='word_1_297' title='bbox 967 2372 1141 2418; x_wconf 76' lang='lat' dir='ltr'>fortunati</span> 
     </span>
     <span class='ocr_line' id='line_1_44' title="bbox 130 2424 1141 2481; baseline 0.005 -19"><span class='ocrx_word' id='word_1_298' title='bbox 130 2424 302 2467; x_wconf 82' lang='lat' dir='ltr'>homines</span> <span class='ocrx_word' id='word_1_299' title='bbox 324 2437 470 2478; x_wconf 84' lang='lat' dir='ltr'>propter</span> <span class='ocrx_word' id='word_1_300' title='bbox 492 2428 678 2466; x_wconf 84' lang='lat' dir='ltr'>fortunam</span> <span class='ocrx_word' id='word_1_301' title='bbox 699 2429 903 2465; x_wconf 82' lang='lat' dir='ltr'>colerentur</span> <span class='ocrx_word' id='word_1_302' title='bbox 928 2440 936 2464; x_wconf 87' lang='lat'>:</span> <span class='ocrx_word' id='word_1_303' title='bbox 965 2429 1068 2481; x_wconf 81' lang='lat' dir='ltr'>quod</span> <span class='ocrx_word' id='word_1_304' title='bbox 1089 2439 1141 2467; x_wconf 82' lang='lat' dir='ltr'>ta-</span> 
     </span>
     <span class='ocr_line' id='line_1_45' title="bbox 130 2474 1142 2525; baseline 0.001 -7"><span class='ocrx_word' id='word_1_305' title='bbox 130 2486 220 2518; x_wconf 79' lang='lat' dir='ltr'>men</span> <span class='ocrx_word' id='word_1_306' title='bbox 239 2474 336 2517; x_wconf 79' lang='lat' dir='ltr'>aliter</span> <span class='ocrx_word' id='word_1_307' title='bbox 359 2488 432 2516; x_wconf 86' lang='lat' dir='ltr'>erat</span> <span class='ocrx_word' id='word_1_308' title='bbox 451 2479 489 2516; x_wconf 89' lang='lat' dir='ltr'>in</span> <span class='ocrx_word' id='word_1_309' title='bbox 503 2479 598 2518; x_wconf 83' lang='lat' dir='ltr'>Silio.</span> <span class='ocrx_word' id='word_1_310' title='bbox 624 2478 685 2516; x_wconf 89' lang='lat' dir='ltr'>De</span> <span class='ocrx_word' id='word_1_311' title='bbox 706 2478 770 2517; x_wconf 83' lang='lat' dir='ltr'>illis</span> <span class='ocrx_word' id='word_1_312' title='bbox 791 2477 971 2525; x_wconf 84' lang='lat' dir='ltr'>eleganter</span> <span class='ocrx_word' id='word_1_313' title='bbox 985 2479 1142 2518; x_wconf 79' lang='lat' dir='ltr'>Ovidius</span> 
     </span>
     <span class='ocr_line' id='line_1_46' title="bbox 133 2522 639 2580; baseline 0.004 -16"><span class='ocrx_word' id='word_1_314' title='bbox 133 2522 162 2570; x_wconf 80' lang='lat'>1.</span> <span class='ocrx_word' id='word_1_315' title='bbox 184 2526 292 2567; x_wconf 86' lang='lat' dir='ltr'>Trist.</span> <span class='ocrx_word' id='word_1_316' title='bbox 314 2527 412 2576; x_wconf 85' lang='lat' dir='ltr'>Eleg.</span> <span class='ocrx_word' id='word_1_317' title='bbox 435 2529 482 2566; x_wconf 89' lang='lat' dir='ltr'>V.</span> <span class='ocrx_word' id='word_1_318' title='bbox 508 2540 558 2568; x_wconf 88' lang='lat' dir='ltr'>vs.</span> <span class='ocrx_word' id='word_1_319' title='bbox 580 2540 639 2580; x_wconf 80' lang='lat'>33.</span> 
     </span>
    </p>
   </div>
   <div class='ocr_carea' id='block_1_10' title="bbox 134 2622 1038 2728">
    <p class='ocr_par' dir='ltr' id='par_1_10' title="bbox 134 2622 1038 2728">
     <span class='ocr_line' id='line_1_47' title="bbox 134 2622 1038 2681; baseline 0.008 -18"><span class='ocrx_word' id='word_1_320' title='bbox 134 2673 137 2679; x_wconf 31' lang='grc'>1</span> <span class='ocrx_word' id='word_1_321' title='bbox 169 2622 248 2664; x_wconf 61' lang='lat' dir='ltr'>&#39;Vix</span> <span class='ocrx_word' id='word_1_322' title='bbox 268 2630 335 2668; x_wconf 80' lang='lat' dir='ltr'>duo</span> <span class='ocrx_word' id='word_1_323' title='bbox 357 2641 473 2668; x_wconf 84' lang='lat' dir='ltr'>tresve</span> <span class='ocrx_word' id='word_1_324' title='bbox 489 2629 579 2668; x_wconf 82' lang='lat' dir='ltr'>mihi</span> <span class='ocrx_word' id='word_1_325' title='bbox 599 2631 639 2668; x_wconf 86' lang='lat' dir='ltr'>de</span> <span class='ocrx_word' id='word_1_326' title='bbox 664 2641 716 2668; x_wconf 85' lang='lat' dir='ltr'>tot</span> <span class='ocrx_word' id='word_1_327' title='bbox 729 2622 905 2681; x_wconf 65' lang='lat' dir='ltr'>fiaperestir</span> <span class='ocrx_word' id='word_1_328' title='bbox 923 2630 1038 2670; x_wconf 82' lang='lat' dir='ltr'>amici.</span> 
     </span>
     <span class='ocr_line' id='line_1_48' title="bbox 234 2680 1036 2728; baseline 0.002 -12"><span class='ocrx_word' id='word_1_329' title='bbox 234 2683 360 2717; x_wconf 82' lang='lat' dir='ltr'>Cetera</span> <span class='ocrx_word' id='word_1_330' title='bbox 386 2680 580 2727; x_wconf 80' lang='lat' dir='ltr'>fortunae,</span> <span class='ocrx_word' id='word_1_331' title='bbox 606 2694 676 2718; x_wconf 84' lang='lat' dir='ltr'>non</span> <span class='ocrx_word' id='word_1_332' title='bbox 697 2694 774 2719; x_wconf 89' lang='lat' dir='ltr'>mea</span> <span class='ocrx_word' id='word_1_333' title='bbox 789 2709 800 2727; x_wconf 91' lang='lat'><em>,</em></span> <span class='ocrx_word' id='word_1_334' title='bbox 828 2683 930 2720; x_wconf 85' lang='lat' dir='ltr'>turba</span> <span class='ocrx_word' id='word_1_335' title='bbox 946 2683 1036 2728; x_wconf 82' lang='lat' dir='ltr'>suit.</span> 
     </span>
    </p>
   </div>
   <div class='ocr_carea' id='block_1_11' title="bbox 138 2770 1142 2883">
    <p class='ocr_par' dir='ltr' id='par_1_11' title="bbox 138 2770 1142 2883">
     <span class='ocr_line' id='line_1_49' title="bbox 138 2770 1140 2828; baseline 0.001 -8"><span class='ocrx_word' id='word_1_336' title='bbox 138 2770 268 2820; x_wconf 56' lang='lat' dir='ltr'>⁴Qfflffia</span> <span class='ocrx_word' id='word_1_337' title='bbox 287 2780 409 2828; x_wconf 83' lang='lat' dir='ltr'>paffim</span> <span class='ocrx_word' id='word_1_338' title='bbox 430 2781 617 2819; x_wconf 84' lang='lat' dir='ltr'>habentur.</span> <span class='ocrx_word' id='word_1_339' title='bbox 643 2781 741 2820; x_wconf 87' lang='lat' dir='ltr'>Vide</span> <span class='ocrx_word' id='word_1_340' title='bbox 762 2783 908 2821; x_wconf 85' lang='lat' dir='ltr'>interim</span> <span class='ocrx_word' id='word_1_341' title='bbox 930 2782 976 2821; x_wconf 85' lang='lat' dir='ltr'>ad</span> <span class='ocrx_word' id='word_1_342' title='bbox 1002 2783 1140 2822; x_wconf 83' lang='lat' dir='ltr'>Lucan.</span> 
     </span>
     <span class='ocr_line' id='line_1_50' title="bbox 150 2814 1142 2883; baseline 0.009 -20"><span class='ocrx_word' id='word_1_343' title='bbox 150 2814 226 2859; x_wconf 56' lang='lat' dir='ltr'>Lssx</span> <span class='ocrx_word' id='word_1_344' title='bbox 256 2827 361 2871; x_wconf 77' lang='lat' dir='ltr'>viu.</span> <span class='ocrx_word' id='word_1_345' title='bbox 388 2843 438 2868; x_wconf 80' lang='lat' dir='ltr'>vs.</span> <span class='ocrx_word' id='word_1_346' title='bbox 473 2832 531 2880; x_wconf 70' lang='grc' dir='ltr'>ες.</span> <span class='ocrx_word' id='word_1_347' title='bbox 559 2833 641 2871; x_wconf 84' lang='lat' dir='ltr'>Nec</span> <span class='ocrx_word' id='word_1_348' title='bbox 663 2833 854 2871; x_wconf 77' lang='lat' dir='ltr'>obscumm</span> <span class='ocrx_word' id='word_1_349' title='bbox 877 2833 950 2879; x_wconf 80' lang='lat' dir='ltr'>est,</span> <span class='ocrx_word' id='word_1_350' title='bbox 978 2834 1064 2883; x_wconf 66' lang='lat' dir='ltr'>quid</span> <span class='ocrx_word' id='word_1_351' title='bbox 1086 2834 1142 2872; x_wconf 84' lang='lat'>10-</span> 
     </span>
    </p>
   </div>
   <div class='ocr_carea' id='block_1_12' title="bbox 2130 557 2303 625">
    <p class='ocr_par' dir='ltr' id='par_1_12' title="bbox 2130 557 2303 625">
     <span class='ocr_line' id='line_1_51' title="bbox 2130 557 2303 625; baseline 0 0"><span class='ocrx_word' id='word_1_352' title='bbox 2130 557 2249 625; x_wconf 73' lang='lat' dir='ltr'>qui-</span> <span class='ocrx_word' id='word_1_353' title='bbox 2294 620 2303 625; x_wconf 84' lang='lat'>.</span> 
     </span>
    </p>
   </div>
   <div class='ocr_carea' id='block_1_13' title="bbox 1207 681 2251 2889">
    <p class='ocr_par' dir='ltr' id='par_1_13' title="bbox 1207 681 2251 2333">
     <span class='ocr_line' id='line_1_52' title="bbox 1227 681 2250 734; baseline 0.011 -17"><span class='ocrx_word' id='word_1_354' title='bbox 1227 692 1305 721; x_wconf 85' lang='lat' dir='ltr'>rere</span> <span class='ocrx_word' id='word_1_355' title='bbox 1328 692 1529 733; x_wconf 83' lang='lat' dir='ltr'>putarunt..</span> <span class='ocrx_word' id='word_1_356' title='bbox 1559 684 1613 722; x_wconf 87' lang='lat' dir='ltr'>At</span> <span class='ocrx_word' id='word_1_357' title='bbox 1641 683 1729 734; x_wconf 90' lang='lat' dir='ltr'>quid</span> <span class='ocrx_word' id='word_1_358' title='bbox 1753 683 1822 724; x_wconf 75' lang='lat' dir='ltr'>erit&#39;</span> <span class='ocrx_word' id='word_1_359' title='bbox 1839 681 2127 733; x_wconf 81' lang='lat' dir='ltr'>inconcinnum,</span> <span class='ocrx_word' id='word_1_360' title='bbox 2154 688 2179 727; x_wconf 88' lang='lat' dir='ltr'>fi</span> <span class='ocrx_word' id='word_1_361' title='bbox 2199 687 2250 728; x_wconf 75' lang='lat' dir='ltr'>ita-</span> 
     </span>
     <span class='ocr_line' id='line_1_53' title="bbox 1227 734 2251 786; baseline 0.008 -18"><span class='ocrx_word' id='word_1_362' title='bbox 1227 741 1351 780; x_wconf 83' lang='lat' dir='ltr'>aptes:</span> <span class='ocrx_word' id='word_1_363' title='bbox 1381 734 1643 778; x_wconf 73' lang='lat' dir='ltr'>Salutabatur,</span> <span class='ocrx_word' id='word_1_364' title='bbox 1671 735 1846 772; x_wconf 81' lang='lat' dir='ltr'>colebatur</span> <span class='ocrx_word' id='word_1_365' title='bbox 1858 737 1992 786; x_wconf 80' lang='lat' dir='ltr'>semper</span> <span class='ocrx_word' id='word_1_366' title='bbox 2013 739 2051 774; x_wconf 79' lang='lat' dir='ltr'>in</span> <span class='ocrx_word' id='word_1_367' title='bbox 2073 740 2251 776; x_wconf 79' lang='lat' dir='ltr'>cubiculo?</span> 
     </span>
     <span class='ocr_line' id='line_1_54' title="bbox 1229 783 2251 835; baseline 0.007 -17"><span class='ocrx_word' id='word_1_368' title='bbox 1229 783 1332 830; x_wconf 86' lang='lat' dir='ltr'>Quid</span> <span class='ocrx_word' id='word_1_369' title='bbox 1363 786 1432 822; x_wconf 87' lang='lat' dir='ltr'>erit</span> <span class='ocrx_word' id='word_1_370' title='bbox 1462 785 1726 822; x_wconf 86' lang='lat' dir='ltr'>inconcinnum</span> <span class='ocrx_word' id='word_1_371' title='bbox 1750 813 1760 828; x_wconf 95' lang='lat'>‚</span> <span class='ocrx_word' id='word_1_372' title='bbox 1789 785 1814 822; x_wconf 85' lang='lat' dir='ltr'>sl</span> <span class='ocrx_word' id='word_1_373' title='bbox 1838 788 1947 824; x_wconf 82' lang='lat' dir='ltr'>etiam</span> <span class='ocrx_word' id='word_1_374' title='bbox 1971 789 2094 835; x_wconf 82' lang='lat' dir='ltr'>iungas</span> <span class='ocrx_word' id='word_1_375' title='bbox 2119 801 2127 825; x_wconf 76' lang='lat' dir='ltr'><em>z</em></span> <span class='ocrx_word' id='word_1_376' title='bbox 2155 790 2251 826; x_wconf 86' lang='lat' dir='ltr'>mul-</span> 
     </span>
     <span class='ocr_line' id='line_1_55' title="bbox 1227 833 2250 886; baseline 0.01 -19"><span class='ocrx_word' id='word_1_377' title='bbox 1227 838 1304 869; x_wconf 84' lang='lat' dir='ltr'>tum</span> <span class='ocrx_word' id='word_1_378' title='bbox 1321 833 1359 870; x_wconf 84' lang='lat' dir='ltr'>in</span> <span class='ocrx_word' id='word_1_379' title='bbox 1379 834 1500 872; x_wconf 65' lang='lat' dir='ltr'>leerulo</span> <span class='ocrx_word' id='word_1_380' title='bbox 1522 835 1641 872; x_wconf 85' lang='lat' dir='ltr'>iacens</span> <span class='ocrx_word' id='word_1_381' title='bbox 1656 862 1667 878; x_wconf 92' lang='lat'>‚</span> <span class='ocrx_word' id='word_1_382' title='bbox 1693 835 1846 872; x_wconf 81' lang='lat' dir='ltr'>cubiculo</span> <span class='ocrx_word' id='word_1_383' title='bbox 1850 836 2009 886; x_wconf 67' lang='lat' dir='ltr'>semper,</span> <span class='ocrx_word' id='word_1_384' title='bbox 2037 847 2116 876; x_wconf 89' lang='lat' dir='ltr'>utut</span> <span class='ocrx_word' id='word_1_385' title='bbox 2137 840 2250 877; x_wconf 77' lang='lat' dir='ltr'>iacem</span> 
     </span>
     <span class='ocr_line' id='line_1_56' title="bbox 1231 883 2249 940; baseline 0.01 -22"><span class='ocrx_word' id='word_1_386' title='bbox 1231 883 1352 930; x_wconf 86' lang='lat' dir='ltr'>paullo</span> <span class='ocrx_word' id='word_1_387' title='bbox 1384 885 1455 923; x_wconf 85' lang='lat' dir='ltr'>alio</span> <span class='ocrx_word' id='word_1_388' title='bbox 1485 883 1585 922; x_wconf 89' lang='lat' dir='ltr'>sensu</span> <span class='ocrx_word' id='word_1_389' title='bbox 1617 883 1658 920; x_wconf 80' lang='lat' dir='ltr'>sit</span> <span class='ocrx_word' id='word_1_390' title='bbox 1689 885 1906 933; x_wconf 80' lang='lat' dir='ltr'>capiendum</span> <span class='ocrx_word' id='word_1_391' title='bbox 1925 915 1936 932; x_wconf 91' lang='lat'>‚</span> <span class='ocrx_word' id='word_1_392' title='bbox 1976 896 2016 925; x_wconf 90' lang='lat' dir='ltr'>ut</span> <span class='ocrx_word' id='word_1_393' title='bbox 2038 897 2144 932; x_wconf 83' lang='lat' dir='ltr'>notet</span> <span class='ocrx_word' id='word_1_394' title='bbox 2159 890 2249 940; x_wconf 81' lang='lat' dir='ltr'>pofi-</span> 
     </span>
     <span class='ocr_line' id='line_1_57' title="bbox 1230 935 2251 987; baseline 0.01 -18"><span class='ocrx_word' id='word_1_395' title='bbox 1230 943 1309 969; x_wconf 89' lang='lat' dir='ltr'>tum</span> <span class='ocrx_word' id='word_1_396' title='bbox 1324 961 1334 979; x_wconf 88' lang='lat'>‚</span> <span class='ocrx_word' id='word_1_397' title='bbox 1363 945 1564 972; x_wconf 79' lang='lat' dir='ltr'>contentum</span> <span class='ocrx_word' id='word_1_398' title='bbox 1579 962 1591 979; x_wconf 92' lang='lat'>,</span> <span class='ocrx_word' id='word_1_399' title='bbox 1618 935 1793 982; x_wconf 80' lang='lat' dir='ltr'>degentem</span> <span class='ocrx_word' id='word_1_400' title='bbox 1815 945 1830 972; x_wconf 65' lang='lat'>&gt;²</span> <span class='ocrx_word' id='word_1_401' title='bbox 1868 936 1922 974; x_wconf 87' lang='lat' dir='ltr'>At</span> <span class='ocrx_word' id='word_1_402' title='bbox 1944 948 2065 987; x_wconf 88' lang='lat' dir='ltr'>neque</span> <span class='ocrx_word' id='word_1_403' title='bbox 2086 938 2161 976; x_wconf 81' lang='lat' dir='ltr'>hoc</span> <span class='ocrx_word' id='word_1_404' title='bbox 2178 953 2251 979; x_wconf 85' lang='lat' dir='ltr'>no-</span> 
     </span>
     <span class='ocr_line' id='line_1_58' title="bbox 1228 983 2250 1030; baseline 0.011 -11"><span class='ocrx_word' id='word_1_405' title='bbox 1228 993 1318 1021; x_wconf 91' lang='lat' dir='ltr'>vum</span> <span class='ocrx_word' id='word_1_406' title='bbox 1341 983 1414 1030; x_wconf 91' lang='lat' dir='ltr'>est,</span> <span class='ocrx_word' id='word_1_407' title='bbox 1441 993 1483 1022; x_wconf 87' lang='lat' dir='ltr'>ut</span> <span class='ocrx_word' id='word_1_408' title='bbox 1502 996 1619 1022; x_wconf 90' lang='lat' dir='ltr'>unum</span> <span class='ocrx_word' id='word_1_409' title='bbox 1641 985 1864 1022; x_wconf 82' lang='lat' dir='ltr'>vocabulum</span> <span class='ocrx_word' id='word_1_410' title='bbox 1888 986 2028 1024; x_wconf 84' lang='lat' dir='ltr'>diuerso</span> <span class='ocrx_word' id='word_1_411' title='bbox 2061 989 2161 1028; x_wconf 86' lang='lat' dir='ltr'>sensu</span> <span class='ocrx_word' id='word_1_412' title='bbox 2191 993 2250 1030; x_wconf 86' lang='lat' dir='ltr'>in·</span> 
     </span>
     <span class='ocr_line' id='line_1_59' title="bbox 1227 1034 2248 1086; baseline 0.007 -16"><span class='ocrx_word' id='word_1_413' title='bbox 1227 1034 1407 1082; x_wconf 83' lang='lat' dir='ltr'>telligatur</span> <span class='ocrx_word' id='word_1_414' title='bbox 1433 1062 1443 1080; x_wconf 90' lang='lat'>‚</span> <span class='ocrx_word' id='word_1_415' title='bbox 1481 1036 1519 1072; x_wconf 68' lang='grc' dir='ltr'>ὃς</span> <span class='ocrx_word' id='word_1_416' title='bbox 1538 1036 1657 1073; x_wconf 78' lang='lat' dir='ltr'>‘toties</span> <span class='ocrx_word' id='word_1_417' title='bbox 1687 1036 1754 1072; x_wconf 84' lang='lat' dir='ltr'>viri</span> <span class='ocrx_word' id='word_1_418' title='bbox 1788 1035 1888 1073; x_wconf 67' lang='lat' dir='ltr'>doen</span> <span class='ocrx_word' id='word_1_419' title='bbox 1921 1048 2146 1077; x_wconf 83' lang='lat' dir='ltr'>monuerunt</span> <span class='ocrx_word' id='word_1_420' title='bbox 2168 1069 2179 1086; x_wconf 92' lang='lat'><strong><em>,</em></strong></span> <span class='ocrx_word' id='word_1_421' title='bbox 2205 1049 2248 1080; x_wconf 82' lang='lat' dir='ltr'>ut</span> 
     </span>
     <span class='ocr_line' id='line_1_60' title="bbox 1223 1084 2247 1135; baseline 0.007 -14"><span class='ocrx_word' id='word_1_422' title='bbox 1223 1085 1343 1131; x_wconf 82' lang='lat' dir='ltr'>pigeat</span> <span class='ocrx_word' id='word_1_423' title='bbox 1374 1086 1488 1123; x_wconf 85' lang='lat' dir='ltr'>multa</span> <span class='ocrx_word' id='word_1_424' title='bbox 1523 1085 1583 1123; x_wconf 87' lang='lat' dir='ltr'>hic</span> <span class='ocrx_word' id='word_1_425' title='bbox 1615 1084 1786 1125; x_wconf 85' lang='lat' dir='ltr'>adlinere.</span> <span class='ocrx_word' id='word_1_426' title='bbox 1842 1085 2066 1124; x_wconf 72' lang='lat' dir='ltr'>Notavimus</span> <span class='ocrx_word' id='word_1_427' title='bbox 2106 1090 2173 1135; x_wconf 79' lang='lat' dir='ltr'>ipsi</span> <span class='ocrx_word' id='word_1_428' title='bbox 2199 1093 2247 1132; x_wconf 88' lang='lat' dir='ltr'>ad</span> 
     </span>
     <span class='ocr_line' id='line_1_61' title="bbox 1224 1134 2246 1185; baseline 0.007 -14"><span class='ocrx_word' id='word_1_429' title='bbox 1224 1134 1356 1172; x_wconf 82' lang='lat' dir='ltr'>Sallust.</span> <span class='ocrx_word' id='word_1_430' title='bbox 1382 1135 1460 1183; x_wconf 83' lang='lat' dir='ltr'>lug.</span> <span class='ocrx_word' id='word_1_431' title='bbox 1483 1147 1559 1185; x_wconf 86' lang='lat' dir='ltr'>cap.</span> <span class='ocrx_word' id='word_1_432' title='bbox 1580 1135 1704 1173; x_wconf 80' lang='lat' dir='ltr'>XLII.</span> <span class='ocrx_word' id='word_1_433' title='bbox 1739 1147 1774 1173; x_wconf 90' lang='lat' dir='ltr'>n.</span> <span class='ocrx_word' id='word_1_434' title='bbox 1804 1146 1838 1181; x_wconf 84' lang='lat'>4.</span> <span class='ocrx_word' id='word_1_435' title='bbox 1871 1147 1948 1185; x_wconf 78' lang='lat' dir='ltr'>cap.</span> <span class='ocrx_word' id='word_1_436' title='bbox 1979 1136 2121 1175; x_wconf 86' lang='lat' dir='ltr'>XLIV.</span> <span class='ocrx_word' id='word_1_437' title='bbox 2148 1152 2183 1178; x_wconf 89' lang='lat' dir='ltr'>n.</span> <span class='ocrx_word' id='word_1_438' title='bbox 2213 1155 2246 1182; x_wconf 89' lang='lat'>1.</span> 
     </span>
     <span class='ocr_line' id='line_1_62' title="bbox 1224 1184 2246 1240; baseline 0.006 -20"><span class='ocrx_word' id='word_1_439' title='bbox 1224 1195 1299 1233; x_wconf 89' lang='lat' dir='ltr'>cap.</span> <span class='ocrx_word' id='word_1_440' title='bbox 1331 1186 1469 1224; x_wconf 80' lang='lat' dir='ltr'>XLIX.</span> <span class='ocrx_word' id='word_1_441' title='bbox 1504 1197 1540 1223; x_wconf 93' lang='lat' dir='ltr'>n.</span> <span class='ocrx_word' id='word_1_442' title='bbox 1574 1197 1608 1232; x_wconf 86' lang='lat'><em>4</em></span> <span class='ocrx_word' id='word_1_443' title='bbox 1641 1186 1710 1223; x_wconf 93' lang='lat' dir='ltr'>IV.</span> <span class='ocrx_word' id='word_1_444' title='bbox 1732 1185 1825 1223; x_wconf 87' lang='lat' dir='ltr'>Hist.</span> <span class='ocrx_word' id='word_1_445' title='bbox 1848 1186 1957 1235; x_wconf 73' lang='lat' dir='ltr'>Epist.</span> <span class='ocrx_word' id='word_1_446' title='bbox 1982 1184 2108 1225; x_wconf 86' lang='lat' dir='ltr'>Mithr.</span> <span class='ocrx_word' id='word_1_447' title='bbox 2128 1201 2166 1228; x_wconf 83' lang='lat' dir='ltr'>n.</span> <span class='ocrx_word' id='word_1_448' title='bbox 2189 1201 2246 1240; x_wconf 71' lang='grc' dir='ltr'>ις.</span> 
     </span>
     <span class='ocr_line' id='line_1_63' title="bbox 1217 1233 2244 1292; baseline 0.009 -22"><span class='ocrx_word' id='word_1_449' title='bbox 1217 1233 1313 1273; x_wconf 79' lang='lat' dir='ltr'>Tale</span> <span class='ocrx_word' id='word_1_450' title='bbox 1338 1236 1385 1273; x_wconf 87' lang='lat' dir='ltr'>est</span> <span class='ocrx_word' id='word_1_451' title='bbox 1409 1238 1517 1275; x_wconf 83' lang='lat' dir='ltr'>etiam</span> <span class='ocrx_word' id='word_1_452' title='bbox 1540 1235 1626 1274; x_wconf 88' lang='lat' dir='ltr'>illud</span> <span class='ocrx_word' id='word_1_453' title='bbox 1651 1238 1838 1275; x_wconf 85' lang='lat' dir='ltr'>Ciceronis</span> <span class='ocrx_word' id='word_1_454' title='bbox 1862 1237 1910 1274; x_wconf 90' lang='lat' dir='ltr'>ll.</span> <span class='ocrx_word' id='word_1_455' title='bbox 1943 1237 1988 1275; x_wconf 91' lang='lat' dir='ltr'>de</span> <span class='ocrx_word' id='word_1_456' title='bbox 2021 1237 2133 1276; x_wconf 88' lang='lat' dir='ltr'>Finib.</span> <span class='ocrx_word' id='word_1_457' title='bbox 2166 1252 2244 1292; x_wconf 81' lang='lat' dir='ltr'>cap.</span> 
     </span>
     <span class='ocr_line' id='line_1_64' title="bbox 1220 1283 2243 1338; baseline 0.004 -14"><span class='ocrx_word' id='word_1_458' title='bbox 1220 1283 1379 1324; x_wconf 84' lang='lat' dir='ltr'>XXV11.</span> <span class='ocrx_word' id='word_1_459' title='bbox 1394 1292 1540 1336; x_wconf 78' lang='lat' dir='ltr'>Uterque</span> <span class='ocrx_word' id='word_1_460' title='bbox 1558 1287 1650 1324; x_wconf 84' lang='lat' dir='ltr'>enim</span> <span class='ocrx_word' id='word_1_461' title='bbox 1666 1287 1809 1334; x_wconf 85' lang='lat' dir='ltr'>summo</span> <span class='ocrx_word' id='word_1_462' title='bbox 1830 1286 1914 1323; x_wconf 84' lang='lat' dir='ltr'>bono</span> <span class='ocrx_word' id='word_1_463' title='bbox 1937 1287 2087 1335; x_wconf 74' lang='lat' dir='ltr'>fruitur,</span> <span class='ocrx_word' id='word_1_464' title='bbox 2114 1291 2154 1326; x_wconf 87' lang='lat' dir='ltr'>id</span> <span class='ocrx_word' id='word_1_465' title='bbox 2173 1294 2243 1338; x_wconf 82' lang='lat' dir='ltr'>est,</span> 
     </span>
     <span class='ocr_line' id='line_1_65' title="bbox 1219 1334 2241 1385; baseline 0.011 -17"><span class='ocrx_word' id='word_1_466' title='bbox 1219 1334 1398 1385; x_wconf 78' lang='lat' dir='ltr'>voluptate</span> <span class='ocrx_word' id='word_1_467' title='bbox 1423 1353 1434 1372; x_wconf 92' lang='grc'>.·</span> <span class='ocrx_word' id='word_1_468' title='bbox 1475 1341 1533 1373; x_wconf 82' lang='lat' dir='ltr'>At</span> <span class='ocrx_word' id='word_1_469' title='bbox 1563 1338 1655 1374; x_wconf 85' lang='lat' dir='ltr'>enim</span> <span class='ocrx_word' id='word_1_470' title='bbox 1677 1336 1732 1375; x_wconf 86' lang='lat' dir='ltr'>hic</span> <span class='ocrx_word' id='word_1_471' title='bbox 1752 1338 1863 1374; x_wconf 80' lang='lat' dir='ltr'>ctiam</span> <span class='ocrx_word' id='word_1_472' title='bbox 1886 1337 2025 1375; x_wconf 83' lang='lat' dir='ltr'>dolore.</span> <span class='ocrx_word' id='word_1_473' title='bbox 2045 1340 2107 1377; x_wconf 90' lang='lat' dir='ltr'>ubi</span> <span class='ocrx_word' id='word_1_474' title='bbox 2130 1341 2241 1382; x_wconf 72' lang='lat' dir='ltr'>adeas</span> 
     </span>
     <span class='ocr_line' id='line_1_66' title="bbox 1221 1383 2240 1438; baseline 0.008 -18"><span class='ocrx_word' id='word_1_475' title='bbox 1221 1383 1274 1420; x_wconf 94' lang='lat' dir='ltr'>Cl.</span> <span class='ocrx_word' id='word_1_476' title='bbox 1298 1386 1503 1424; x_wconf 82' lang='lat' dir='ltr'>Davisium.</span> <span class='ocrx_word' id='word_1_477' title='bbox 1532 1386 1614 1424; x_wconf 86' lang='lat' dir='ltr'>Nec</span> <span class='ocrx_word' id='word_1_478' title='bbox 1637 1386 1756 1424; x_wconf 87' lang='lat' dir='ltr'>differt</span> <span class='ocrx_word' id='word_1_479' title='bbox 1779 1387 1938 1425; x_wconf 88' lang='lat' dir='ltr'>multum</span> <span class='ocrx_word' id='word_1_480' title='bbox 1954 1414 1965 1430; x_wconf 91' lang='lat'><em>,</em></span> <span class='ocrx_word' id='word_1_481' title='bbox 1993 1388 2094 1438; x_wconf 85' lang='lat' dir='ltr'>quod</span> <span class='ocrx_word' id='word_1_482' title='bbox 2110 1391 2240 1431; x_wconf 58' lang='lat' dir='ltr'>auctor</span> 
     </span>
     <span class='ocr_line' id='line_1_67' title="bbox 1217 1433 2240 1484; baseline 0.008 -14"><span class='ocrx_word' id='word_1_483' title='bbox 1217 1433 1316 1483; x_wconf 90' lang='lat' dir='ltr'>supra</span> <span class='ocrx_word' id='word_1_484' title='bbox 1340 1436 1470 1484; x_wconf 82' lang='lat' dir='ltr'>scripsit</span> <span class='ocrx_word' id='word_1_485' title='bbox 1493 1435 1600 1484; x_wconf 84' lang='lat' dir='ltr'>Epist.</span> <span class='ocrx_word' id='word_1_486' title='bbox 1621 1436 1670 1472; x_wconf 92' lang='lat' dir='ltr'>V.</span> <span class='ocrx_word' id='word_1_487' title='bbox 1691 1447 1727 1473; x_wconf 91' lang='lat' dir='ltr'>n.</span> <span class='ocrx_word' id='word_1_488' title='bbox 1748 1448 1786 1484; x_wconf 86' lang='lat'>9.</span> <span class='ocrx_word' id='word_1_489' title='bbox 1832 1444 1933 1475; x_wconf 83' lang='lat' dir='ltr'>Ante</span> <span class='ocrx_word' id='word_1_490' title='bbox 1953 1438 2065 1475; x_wconf 65' lang='lat' dir='ltr'>lucem</span> <span class='ocrx_word' id='word_1_491' title='bbox 2088 1439 2162 1478; x_wconf 81' lang='lat' dir='ltr'>ibat</span> <span class='ocrx_word' id='word_1_492' title='bbox 2193 1443 2240 1480; x_wconf 88' lang='lat' dir='ltr'>ad</span> 
     </span>
     <span class='ocr_line' id='line_1_68' title="bbox 1216 1484 2247 1538; baseline 0.008 -18"><span class='ocrx_word' id='word_1_493' title='bbox 1216 1484 1457 1534; x_wconf 81' lang='lat' dir='ltr'>Vespasianum</span> <span class='ocrx_word' id='word_1_494' title='bbox 1490 1486 1731 1535; x_wconf 72' lang='lat' dir='ltr'>imperatorem</span> <span class='ocrx_word' id='word_1_495' title='bbox 1849 1486 1931 1524; x_wconf 79' lang='lat' dir='ltr'>inde</span> <span class='ocrx_word' id='word_1_496' title='bbox 1961 1485 2006 1523; x_wconf 82' lang='lat' dir='ltr'>ad</span> <span class='ocrx_word' id='word_1_497' title='bbox 2040 1488 2247 1538; x_wconf 75' lang='lat' dir='ltr'>delegaram·</span> 
     </span>
     <span class='ocr_line' id='line_1_69' title="bbox 1214 1531 2240 1585; baseline 0.008 -13"><span class='ocrx_word' id='word_1_498' title='bbox 1214 1531 1275 1572; x_wconf 70' lang='lat' dir='ltr'>filu</span> <span class='ocrx_word' id='word_1_499' title='bbox 1295 1535 1470 1572; x_wconf 84' lang='lat' dir='ltr'>officium.</span> <span class='ocrx_word' id='word_1_500' title='bbox 1497 1536 1630 1573; x_wconf 87' lang='lat' dir='ltr'>Unum</span> <span class='ocrx_word' id='word_1_501' title='bbox 1649 1535 1722 1585; x_wconf 75' lang='lat' dir='ltr'>est,¹</span> <span class='ocrx_word' id='word_1_502' title='bbox 1747 1535 1851 1585; x_wconf 88' lang='lat' dir='ltr'>quod</span> <span class='ocrx_word' id='word_1_503' title='bbox 1874 1537 1964 1576; x_wconf 88' lang='lat' dir='ltr'>mihi</span> <span class='ocrx_word' id='word_1_504' title='bbox 1985 1537 2024 1574; x_wconf 83' lang='lat' dir='ltr'>in</span> <span class='ocrx_word' id='word_1_505' title='bbox 2035 1538 2098 1576; x_wconf 87' lang='lat' dir='ltr'>ista</span> <span class='ocrx_word' id='word_1_506' title='bbox 2110 1540 2240 1579; x_wconf 65' lang='lat' dir='ltr'>lectio·</span> 
     </span>
     <span class='ocr_line' id='line_1_70' title="bbox 1213 1585 2240 1640; baseline 0.006 -21"><span class='ocrx_word' id='word_1_507' title='bbox 1213 1595 1260 1620; x_wconf 88' lang='lat' dir='ltr'>ne</span> <span class='ocrx_word' id='word_1_508' title='bbox 1285 1586 1525 1623; x_wconf 82' lang='lat' dir='ltr'>vehementer</span> <span class='ocrx_word' id='word_1_509' title='bbox 1547 1586 1730 1634; x_wconf 85' lang='lat' dir='ltr'>displicet,</span> <span class='ocrx_word' id='word_1_510' title='bbox 1756 1585 1842 1624; x_wconf 91' lang='lat' dir='ltr'>illud</span> <span class='ocrx_word' id='word_1_511' title='bbox 1853 1598 1989 1635; x_wconf 88' lang='lat' dir='ltr'>nempe</span> <span class='ocrx_word' id='word_1_512' title='bbox 2000 1589 2240 1640; x_wconf 71' lang='lat' dir='ltr'>multumque,</span> 
     </span>
     <span class='ocr_line' id='line_1_71' title="bbox 1213 1633 2234 1688; baseline 0.01 -19"><span class='ocrx_word' id='word_1_513' title='bbox 1213 1633 1368 1686; x_wconf 83' lang='lat' dir='ltr'>Accipio</span> <span class='ocrx_word' id='word_1_514' title='bbox 1392 1635 1564 1683; x_wconf 87' lang='lat' dir='ltr'>equidem</span> <span class='ocrx_word' id='word_1_515' title='bbox 1587 1638 1661 1673; x_wconf 90' lang='lat' dir='ltr'>hoc</span> <span class='ocrx_word' id='word_1_516' title='bbox 1683 1648 1746 1685; x_wconf 74' lang='lat' dir='ltr'>que</span> <span class='ocrx_word' id='word_1_517' title='bbox 1766 1647 1833 1684; x_wconf 88' lang='lat' dir='ltr'>pro</span> <span class='ocrx_word' id='word_1_518' title='bbox 1847 1635 2076 1685; x_wconf 83' lang='lat' dir='ltr'>expositione</span> <span class='ocrx_word' id='word_1_519' title='bbox 2090 1665 2100 1682; x_wconf 90' lang='lat'><em>,</em></span> <span class='ocrx_word' id='word_1_520' title='bbox 2131 1642 2234 1688; x_wconf 75' lang='lat' dir='ltr'>quasi</span> 
     </span>
     <span class='ocr_line' id='line_1_72' title="bbox 1211 1681 2237 1738; baseline 0.012 -19"><span class='ocrx_word' id='word_1_521' title='bbox 1211 1681 1350 1721; x_wconf 83' lang='lat' dir='ltr'>dixisset</span> <span class='ocrx_word' id='word_1_522' title='bbox 1380 1695 1424 1722; x_wconf 64' lang='lat'>(7¹</span> <span class='ocrx_word' id='word_1_523' title='bbox 1455 1684 1612 1721; x_wconf 83' lang='lat' dir='ltr'>multum</span> <span class='ocrx_word' id='word_1_524' title='bbox 1645 1685 1786 1734; x_wconf 83' lang='lat' dir='ltr'>quidem</span> <span class='ocrx_word' id='word_1_525' title='bbox 1809 1713 1821 1730; x_wconf 88' lang='lat'>,</span> <span class='ocrx_word' id='word_1_526' title='bbox 1858 1694 1900 1723; x_wconf 88' lang='lat' dir='ltr'>ut</span> <span class='ocrx_word' id='word_1_527' title='bbox 1929 1686 2012 1724; x_wconf 79' lang='lat' dir='ltr'>alibi</span> <span class='ocrx_word' id='word_1_528' title='bbox 2043 1700 2052 1724; x_wconf 70' lang='grc' dir='ltr'>ε</span> <span class='ocrx_word' id='word_1_529' title='bbox 2080 1688 2237 1738; x_wconf 72' lang='lat' dir='ltr'>suspicor</span> 
     </span>
     <span class='ocr_line' id='line_1_73' title="bbox 1210 1733 2236 1784; baseline 0.011 -16"><span class='ocrx_word' id='word_1_530' title='bbox 1210 1739 1336 1770; x_wconf 81' lang='lat' dir='ltr'>tamen</span> <span class='ocrx_word' id='word_1_531' title='bbox 1357 1734 1516 1771; x_wconf 86' lang='lat' dir='ltr'>Plinium</span> <span class='ocrx_word' id='word_1_532' title='bbox 1540 1733 1727 1784; x_wconf 70' lang='lat' dir='ltr'>scripsisse:</span> <span class='ocrx_word' id='word_1_533' title='bbox 1746 1734 2009 1783; x_wconf 83' lang='lat' dir='ltr'>salutabatur,</span> <span class='ocrx_word' id='word_1_534' title='bbox 2036 1738 2236 1779; x_wconf 76' lang='lat' dir='ltr'>colebatur-</span> 
     </span>
     <span class='ocr_line' id='line_1_74' title="bbox 1212 1783 2233 1835; baseline 0.011 -16"><span class='ocrx_word' id='word_1_535' title='bbox 1212 1793 1283 1831; x_wconf 89' lang='lat' dir='ltr'>que</span> <span class='ocrx_word' id='word_1_536' title='bbox 1297 1811 1307 1828; x_wconf 93' lang='lat'>‚</span> <span class='ocrx_word' id='word_1_537' title='bbox 1335 1783 1494 1821; x_wconf 88' lang='lat' dir='ltr'>multum</span> <span class='ocrx_word' id='word_1_538' title='bbox 1516 1784 1554 1822; x_wconf 85' lang='lat' dir='ltr'>in</span> <span class='ocrx_word' id='word_1_539' title='bbox 1576 1784 1696 1822; x_wconf 67' lang='lat' dir='ltr'>lec‘tulo</span> <span class='ocrx_word' id='word_1_540' title='bbox 1718 1793 1786 1822; x_wconf 87' lang='lat' dir='ltr'>cet.</span> <span class='ocrx_word' id='word_1_541' title='bbox 1810 1794 1850 1824; x_wconf 83' lang='lat' dir='ltr'>ut</span> <span class='ocrx_word' id='word_1_542' title='bbox 1873 1799 1937 1835; x_wconf 84' lang='lat' dir='ltr'>que</span> <span class='ocrx_word' id='word_1_543' title='bbox 1967 1792 2233 1830; x_wconf 87' lang='lat' dir='ltr'>tantummodo</span> 
     </span>
     <span class='ocr_line' id='line_1_75' title="bbox 1208 1833 2234 1878; baseline 0.008 -8"><span class='ocrx_word' id='word_1_544' title='bbox 1208 1833 1246 1870; x_wconf 87' lang='lat' dir='ltr'>in</span> <span class='ocrx_word' id='word_1_545' title='bbox 1267 1834 1378 1871; x_wconf 83' lang='lat' dir='ltr'>alium</span> <span class='ocrx_word' id='word_1_546' title='bbox 1400 1834 1528 1871; x_wconf 88' lang='lat' dir='ltr'>locum</span> <span class='ocrx_word' id='word_1_547' title='bbox 1564 1834 1606 1872; x_wconf 81' lang='lat' dir='ltr'>sit</span> <span class='ocrx_word' id='word_1_548' title='bbox 1637 1835 1842 1874; x_wconf 67' lang='lat' dir='ltr'>traiectum.</span> <span class='ocrx_word' id='word_1_549' title='bbox 1897 1838 2006 1875; x_wconf 85' lang='lat' dir='ltr'>Certe</span> <span class='ocrx_word' id='word_1_550' title='bbox 2034 1839 2070 1875; x_wconf 88' lang='lat' dir='ltr'>in</span> <span class='ocrx_word' id='word_1_551' title='bbox 2099 1840 2234 1878; x_wconf 85' lang='lat' dir='ltr'>Helin-</span> 
     </span>
     <span class='ocr_line' id='line_1_76' title="bbox 1209 1880 2235 1932; baseline 0.013 -14"><span class='ocrx_word' id='word_1_552' title='bbox 1209 1880 1292 1919; x_wconf 89' lang='lat' dir='ltr'>stad.</span> <span class='ocrx_word' id='word_1_553' title='bbox 1326 1885 1441 1932; x_wconf 87' lang='lat' dir='ltr'>reperi</span> <span class='ocrx_word' id='word_1_554' title='bbox 1471 1894 1516 1922; x_wconf 67' lang='grc'>(7</span> <span class='ocrx_word' id='word_1_555' title='bbox 1546 1884 1734 1923; x_wconf 83' lang='lat' dir='ltr'>colebatur.</span> <span class='ocrx_word' id='word_1_556' title='bbox 1771 1886 1869 1923; x_wconf 88' lang='lat' dir='ltr'>Infra</span> <span class='ocrx_word' id='word_1_557' title='bbox 1903 1888 2123 1926; x_wconf 87' lang='lat' dir='ltr'>Mediceus:</span> <span class='ocrx_word' id='word_1_558' title='bbox 2161 1893 2235 1931; x_wconf 74' lang='lat' dir='ltr'>dieo</span> 
     </span>
     <span class='ocr_line' id='line_1_77' title="bbox 1209 1931 2232 1987; baseline 0.011 -18"><span class='ocrx_word' id='word_1_559' title='bbox 1209 1931 1415 1982; x_wconf 80' lang='lat' dir='ltr'>tranfiebat.</span> <span class='ocrx_word' id='word_1_560' title='bbox 1454 1938 1655 1984; x_wconf 81' lang='lat' dir='ltr'>corruptius</span> <span class='ocrx_word' id='word_1_561' title='bbox 1692 1937 1852 1984; x_wconf 77' lang='lat' dir='ltr'>Arnzen.</span> <span class='ocrx_word' id='word_1_562' title='bbox 1893 1938 2232 1987; x_wconf 72' lang='lat' dir='ltr'>lransgrediebatur.</span> 
     </span>
     <span class='ocr_line' id='line_1_78' title="bbox 1209 1983 2232 2037; baseline 0.013 -19"><span class='ocrx_word' id='word_1_563' title='bbox 1209 1983 1372 2033; x_wconf 80' lang='lat' dir='ltr'>Transire</span> <span class='ocrx_word' id='word_1_564' title='bbox 1392 1985 1431 2023; x_wconf 71' lang='grc' dir='ltr'>δε</span> <span class='ocrx_word' id='word_1_565' title='bbox 1452 1984 1641 2035; x_wconf 77' lang='lat' dir='ltr'>tranfigere</span> <span class='ocrx_word' id='word_1_566' title='bbox 1665 1985 1815 2024; x_wconf 77' lang='lat' dir='ltr'>confusa</span> <span class='ocrx_word' id='word_1_567' title='bbox 1837 1985 1997 2026; x_wconf 84' lang='lat' dir='ltr'>vidimus</span> <span class='ocrx_word' id='word_1_568' title='bbox 2029 1990 2126 2037; x_wconf 85' lang='lat' dir='ltr'>apud</span> <span class='ocrx_word' id='word_1_569' title='bbox 2156 1992 2232 2031; x_wconf 84' lang='lat' dir='ltr'>Sal-</span> 
     </span>
     <span class='ocr_line' id='line_1_79' title="bbox 1209 2032 2231 2087; baseline 0.011 -18"><span class='ocrx_word' id='word_1_570' title='bbox 1209 2032 1286 2070; x_wconf 76' lang='lat' dir='ltr'>lust.</span> <span class='ocrx_word' id='word_1_571' title='bbox 1315 2034 1395 2072; x_wconf 86' lang='lat' dir='ltr'>Cat.</span> <span class='ocrx_word' id='word_1_572' title='bbox 1419 2046 1497 2084; x_wconf 87' lang='lat' dir='ltr'>cap.</span> <span class='ocrx_word' id='word_1_573' title='bbox 1520 2035 1566 2073; x_wconf 88' lang='grc' dir='ltr'>ΙΙ.</span> <span class='ocrx_word' id='word_1_574' title='bbox 1589 2048 1623 2073; x_wconf 91' lang='lat' dir='ltr'>n.</span> <span class='ocrx_word' id='word_1_575' title='bbox 1647 2037 1681 2074; x_wconf 83' lang='lat'>8.</span> <span class='ocrx_word' id='word_1_576' title='bbox 1705 2048 1750 2074; x_wconf 86' lang='lat' dir='ltr'>ex</span> <span class='ocrx_word' id='word_1_577' title='bbox 1772 2038 1873 2075; x_wconf 87' lang='lat' dir='ltr'>cuius</span> <span class='ocrx_word' id='word_1_578' title='bbox 1894 2049 1971 2087; x_wconf 77' lang='lat' dir='ltr'>cap.</span> <span class='ocrx_word' id='word_1_579' title='bbox 1992 2039 2020 2076; x_wconf 92' lang='grc' dir='ltr'>Ι.</span> <span class='ocrx_word' id='word_1_580' title='bbox 2032 2048 2166 2078; x_wconf 90' lang='lat' dir='ltr'>notum</span> <span class='ocrx_word' id='word_1_581' title='bbox 2181 2044 2231 2082; x_wconf 89' lang='lat' dir='ltr'>est</span> 
     </span>
     <span class='ocr_line' id='line_1_80' title="bbox 1207 2084 2229 2134; baseline 0.012 -15"><span class='ocrx_word' id='word_1_582' title='bbox 1207 2085 1328 2121; x_wconf 80' lang='lat' dir='ltr'>vitam</span> <span class='ocrx_word' id='word_1_583' title='bbox 1339 2084 1478 2134; x_wconf 79' lang='lat' dir='ltr'>silentio</span> <span class='ocrx_word' id='word_1_584' title='bbox 1502 2085 1663 2132; x_wconf 75' lang='lat' dir='ltr'>tranfire.</span> <span class='ocrx_word' id='word_1_585' title='bbox 1691 2087 1748 2124; x_wconf 90' lang='lat' dir='ltr'>Sic</span> <span class='ocrx_word' id='word_1_586' title='bbox 1771 2090 1809 2126; x_wconf 69' lang='grc' dir='ltr'>ὃ(</span> <span class='ocrx_word' id='word_1_587' title='bbox 1831 2088 1969 2126; x_wconf 85' lang='lat' dir='ltr'>Seneca</span> <span class='ocrx_word' id='word_1_588' title='bbox 1983 2088 2029 2126; x_wconf 88' lang='lat' dir='ltr'>II.</span> <span class='ocrx_word' id='word_1_589' title='bbox 2045 2091 2229 2132; x_wconf 60' lang='lat' dir='ltr'>Controt</span> 
     </span>
     <span class='ocr_line' id='line_1_81' title="bbox 1208 2131 2230 2187; baseline 0.014 -19"><span class='ocrx_word' id='word_1_590' title='bbox 1208 2131 1312 2171; x_wconf 86' lang='lat' dir='ltr'>XIV.</span> <span class='ocrx_word' id='word_1_591' title='bbox 1343 2146 1387 2174; x_wconf 68' lang='lat' dir='ltr'>&lt;y</span> <span class='ocrx_word' id='word_1_592' title='bbox 1416 2135 1590 2173; x_wconf 76' lang='lat' dir='ltr'>lubricum</span> <span class='ocrx_word' id='word_1_593' title='bbox 1627 2145 1772 2185; x_wconf 85' lang='lat' dir='ltr'>tempus</span> <span class='ocrx_word' id='word_1_594' title='bbox 1796 2136 1870 2187; x_wconf 79' lang='lat' dir='ltr'>fine</span> <span class='ocrx_word' id='word_1_595' title='bbox 1898 2138 2050 2184; x_wconf 76' lang='lat' dir='ltr'>infamia</span> <span class='ocrx_word' id='word_1_596' title='bbox 2083 2143 2230 2182; x_wconf 79' lang='lat' dir='ltr'>translit.</span> 
     </span>
     <span class='ocr_line' id='line_1_82' title="bbox 1209 2183 2229 2240; baseline 0.006 -20"><span class='ocrx_word' id='word_1_597' title='bbox 1209 2183 1290 2222; x_wconf 90' lang='lat' dir='ltr'>Nec</span> <span class='ocrx_word' id='word_1_598' title='bbox 1311 2183 1505 2232; x_wconf 81' lang='lat' dir='ltr'>tranfimus</span> <span class='ocrx_word' id='word_1_599' title='bbox 1528 2186 1646 2225; x_wconf 88' lang='lat' dir='ltr'>modo</span> <span class='ocrx_word' id='word_1_600' title='bbox 1668 2187 1757 2225; x_wconf 85' lang='lat' dir='ltr'>diem</span> <span class='ocrx_word' id='word_1_601' title='bbox 1772 2215 1783 2232; x_wconf 91' lang='lat'><strong>,</strong></span> <span class='ocrx_word' id='word_1_602' title='bbox 1809 2188 1870 2225; x_wconf 91' lang='lat' dir='ltr'>sed</span> <span class='ocrx_word' id='word_1_603' title='bbox 1903 2189 1942 2225; x_wconf 70' lang='grc' dir='ltr'>ὅ(</span> <span class='ocrx_word' id='word_1_604' title='bbox 1974 2190 2044 2226; x_wconf 86' lang='lat' dir='ltr'>dies</span> <span class='ocrx_word' id='word_1_605' title='bbox 2073 2192 2229 2240; x_wconf 71' lang='lat' dir='ltr'>transit,</span> 
     </span>
     <span class='ocr_line' id='line_1_83' title="bbox 1208 2234 2229 2280; baseline 0.008 -9"><span class='ocrx_word' id='word_1_606' title='bbox 1208 2241 1248 2270; x_wconf 90' lang='lat' dir='ltr'>ut</span> <span class='ocrx_word' id='word_1_607' title='bbox 1270 2234 1370 2272; x_wconf 88' lang='lat' dir='ltr'>idem</span> <span class='ocrx_word' id='word_1_608' title='bbox 1395 2237 1530 2273; x_wconf 86' lang='lat' dir='ltr'>Seneca</span> <span class='ocrx_word' id='word_1_609' title='bbox 1552 2237 1600 2274; x_wconf 87' lang='lat' dir='ltr'>V.</span> <span class='ocrx_word' id='word_1_610' title='bbox 1623 2238 1806 2275; x_wconf 88' lang='lat' dir='ltr'>Controv.</span> <span class='ocrx_word' id='word_1_611' title='bbox 1830 2237 1986 2275; x_wconf 85' lang='lat' dir='ltr'>XXXII.</span> <span class='ocrx_word' id='word_1_612' title='bbox 2013 2241 2052 2276; x_wconf 67' lang='grc' dir='ltr'>ὃς</span> <span class='ocrx_word' id='word_1_613' title='bbox 2081 2241 2140 2278; x_wconf 82' lang='lat' dir='ltr'>alii</span> <span class='ocrx_word' id='word_1_614' title='bbox 2171 2243 2229 2280; x_wconf 93' lang='lat' dir='ltr'>lo-</span> 
     </span>
     <span class='ocr_line' id='line_1_84' title="bbox 1211 2286 1565 2333; baseline 0.011 -14"><span class='ocrx_word' id='word_1_615' title='bbox 1211 2292 1382 2333; x_wconf 89' lang='lat' dir='ltr'>quuntur.</span> <span class='ocrx_word' id='word_1_616' title='bbox 1411 2286 1565 2323; x_wconf 68' lang='lat' dir='ltr'>Com-E.</span> 
     </span>
    </p>

    <p class='ocr_par' dir='ltr' id='par_1_14' title="bbox 1208 2335 2232 2521">
     <span class='ocr_line' id='line_1_85' title="bbox 1262 2335 2232 2385; baseline 0.008 -15"><span class='ocrx_word' id='word_1_617' title='bbox 1262 2345 1277 2371; x_wconf 91' lang='lat'>1</span> <span class='ocrx_word' id='word_1_618' title='bbox 1309 2339 1401 2371; x_wconf 87' lang='lat' dir='ltr'>Cum</span> <span class='ocrx_word' id='word_1_619' title='bbox 1422 2335 1639 2382; x_wconf 76' lang='lat' dir='ltr'>ascribendo</span> <span class='ocrx_word' id='word_1_620' title='bbox 1661 2336 1854 2385; x_wconf 81' lang='lat' dir='ltr'>vacaret.]</span> <span class='ocrx_word' id='word_1_621' title='bbox 1883 2336 1938 2374; x_wconf 93' lang='lat' dir='ltr'>Ut</span> <span class='ocrx_word' id='word_1_622' title='bbox 1958 2338 2160 2377; x_wconf 79' lang='lat' dir='ltr'>referantur</span> <span class='ocrx_word' id='word_1_623' title='bbox 2180 2341 2232 2382; x_wconf 83' lang='lat' dir='ltr'>ad</span> 
     </span>
     <span class='ocr_line' id='line_1_86' title="bbox 1209 2383 2232 2437; baseline 0.009 -18"><span class='ocrx_word' id='word_1_624' title='bbox 1209 2383 1460 2428; x_wconf 80' lang='lat' dir='ltr'>praecedentia</span> <span class='ocrx_word' id='word_1_625' title='bbox 1474 2413 1483 2428; x_wconf 96' lang='lat'>,</span> <span class='ocrx_word' id='word_1_626' title='bbox 1512 2384 1571 2422; x_wconf 87' lang='lat' dir='ltr'>sed</span> <span class='ocrx_word' id='word_1_627' title='bbox 1595 2384 1621 2420; x_wconf 85' lang='lat' dir='ltr'>fi</span> <span class='ocrx_word' id='word_1_628' title='bbox 1642 2386 1779 2432; x_wconf 81' lang='lat' dir='ltr'>legatur</span> <span class='ocrx_word' id='word_1_629' title='bbox 1801 2399 1879 2424; x_wconf 89' lang='lat' dir='ltr'>cum</span> <span class='ocrx_word' id='word_1_630' title='bbox 1898 2388 1947 2424; x_wconf 83' lang='lat' dir='ltr'>ad</span> <span class='ocrx_word' id='word_1_631' title='bbox 1971 2387 2232 2437; x_wconf 66' lang='lat' dir='ltr'>scribendum,</span> 
     </span>
     <span class='ocr_line' id='line_1_87' title="bbox 1208 2430 2225 2490; baseline 0.011 -22"><span class='ocrx_word' id='word_1_632' title='bbox 1208 2430 1244 2468; x_wconf 88' lang='lat' dir='ltr'>id</span> <span class='ocrx_word' id='word_1_633' title='bbox 1267 2433 1336 2477; x_wconf 88' lang='lat' dir='ltr'>est,</span> <span class='ocrx_word' id='word_1_634' title='bbox 1363 2433 1440 2471; x_wconf 87' lang='lat' dir='ltr'>stilo</span> <span class='ocrx_word' id='word_1_635' title='bbox 1464 2443 1632 2480; x_wconf 81' lang='lat' dir='ltr'>vacaret,</span> <span class='ocrx_word' id='word_1_636' title='bbox 1652 2443 1740 2473; x_wconf 87' lang='lat' dir='ltr'>tunc</span> <span class='ocrx_word' id='word_1_637' title='bbox 1763 2438 1943 2475; x_wconf 66' lang='lat' dir='ltr'>connecte</span> <span class='ocrx_word' id='word_1_638' title='bbox 1966 2449 2051 2475; x_wconf 83' lang='lat' dir='ltr'>cuin</span> <span class='ocrx_word' id='word_1_639' title='bbox 2072 2439 2225 2490; x_wconf 88' lang='lat' dir='ltr'>sequen-</span> 
     </span>
     <span class='ocr_line' id='line_1_88' title="bbox 1209 2481 1496 2521; baseline 0.014 -5"><span class='ocrx_word' id='word_1_640' title='bbox 1209 2481 1313 2520; x_wconf 82' lang='lat' dir='ltr'>tibus.</span> <span class='ocrx_word' id='word_1_641' title='bbox 1343 2484 1496 2521; x_wconf 65' lang='lat' dir='ltr'>cmm.</span> 
     </span>
    </p>

    <p class='ocr_par' dir='ltr' id='par_1_15' title="bbox 1207 2533 2226 2668">
     <span class='ocr_line' id='line_1_89' title="bbox 1257 2533 2226 2592; baseline 0.015 -24"><span class='ocrx_word' id='word_1_642' title='bbox 1257 2544 1277 2568; x_wconf 82' lang='lat'>2</span> <span class='ocrx_word' id='word_1_643' title='bbox 1305 2533 1480 2570; x_wconf 80' lang='lat' dir='ltr'>Scribebat</span> <span class='ocrx_word' id='word_1_644' title='bbox 1511 2534 1714 2585; x_wconf 60' lang='lat' dir='ltr'>carmina]</span> <span class='ocrx_word' id='word_1_645' title='bbox 1761 2537 1971 2576; x_wconf 84' lang='lat' dir='ltr'>Secundum</span> <span class='ocrx_word' id='word_1_646' title='bbox 1996 2539 2131 2592; x_wconf 81' lang='lat' dir='ltr'>bellum</span> <span class='ocrx_word' id='word_1_647' title='bbox 2154 2545 2226 2582; x_wconf 93' lang='lat' dir='ltr'>Pu-</span> 
     </span>
     <span class='ocr_line' id='line_1_90' title="bbox 1207 2584 2226 2668; baseline 0.016 -51"><span class='ocrx_word' id='word_1_648' title='bbox 1207 2584 1332 2668; x_wconf 55' lang='lat' dir='ltr'>picum</span> <span class='ocrx_word' id='word_1_649' title='bbox 1377 2592 1498 2622; x_wconf 87' lang='lat' dir='ltr'>metro</span> <span class='ocrx_word' id='word_1_650' title='bbox 1543 2586 1803 2635; x_wconf 87' lang='lat' dir='ltr'>componebat.</span> <span class='ocrx_word' id='word_1_651' title='bbox 1856 2588 1955 2628; x_wconf 88' lang='lat' dir='ltr'>Vide</span> <span class='ocrx_word' id='word_1_652' title='bbox 2003 2593 2226 2635; x_wconf 82' lang='lat' dir='ltr'>Martialem.</span> 
     </span>
    </p>

    <p class='ocr_par' dir='ltr' id='par_1_16' title="bbox 1229 2646 1320 2670">
     <span class='ocr_line' id='line_1_91' title="bbox 1229 2646 1320 2670; baseline 0.022 -2"><span class='ocrx_word' id='word_1_653' title='bbox 1229 2646 1320 2670; x_wconf 72' lang='lat' dir='ltr'>DEM.</span> 
     </span>
    </p>

    <p class='ocr_par' dir='ltr' id='par_1_17' title="bbox 1209 2684 2224 2824">
     <span class='ocr_line' id='line_1_92' title="bbox 1258 2684 2224 2740; baseline 0.016 -21"><span class='ocrx_word' id='word_1_654' title='bbox 1258 2697 1276 2734; x_wconf 88' lang='lat'>3</span> <span class='ocrx_word' id='word_1_655' title='bbox 1310 2686 1457 2733; x_wconf 72' lang='lat' dir='ltr'>[ngenio.</span> <span class='ocrx_word' id='word_1_656' title='bbox 1481 2684 1497 2734; x_wconf 93' lang='lat'>]</span> <span class='ocrx_word' id='word_1_657' title='bbox 1538 2686 1689 2724; x_wconf 85' lang='lat' dir='ltr'>Natura.</span> <span class='ocrx_word' id='word_1_658' title='bbox 1735 2687 1834 2727; x_wconf 80' lang='lat' dir='ltr'>Nam</span> <span class='ocrx_word' id='word_1_659' title='bbox 1884 2697 2045 2730; x_wconf 69' lang='lat' dir='ltr'>oratores</span> <span class='ocrx_word' id='word_1_660' title='bbox 2091 2692 2224 2740; x_wconf 86' lang='lat' dir='ltr'>fimus,</span> 
     </span>
     <span class='ocr_line' id='line_1_93' title="bbox 1209 2735 2224 2795; baseline 0.013 -24"><span class='ocrx_word' id='word_1_661' title='bbox 1209 2739 1342 2782; x_wconf 80' lang='lat' dir='ltr'>poetae</span> <span class='ocrx_word' id='word_1_662' title='bbox 1374 2735 1551 2774; x_wconf 66' lang='lat' dir='ltr'>nascimur</span> <span class='ocrx_word' id='word_1_663' title='bbox 1573 2750 1583 2774; x_wconf 74' lang='grc' dir='ltr'><strong><em>ε</em></strong></span> <span class='ocrx_word' id='word_1_664' title='bbox 1625 2738 1663 2775; x_wconf 69' lang='grc' dir='ltr'>ὅ(</span> <span class='ocrx_word' id='word_1_665' title='bbox 1694 2741 1805 2786; x_wconf 83' lang='lat' dir='ltr'>poe&#39;ta</span> <span class='ocrx_word' id='word_1_666' title='bbox 1826 2748 1952 2778; x_wconf 82' lang='lat' dir='ltr'>natura</span> <span class='ocrx_word' id='word_1_667' title='bbox 1973 2744 2088 2792; x_wconf 83' lang='lat' dir='ltr'>magis</span> <span class='ocrx_word' id='word_1_668' title='bbox 2110 2756 2224 2795; x_wconf 85' lang='lat' dir='ltr'>quam</span> 
     </span>
     <span class='ocr_line' id='line_1_94' title="bbox 1216 2786 2118 2824; baseline 0.011 -4"><span class='ocrx_word' id='word_1_669' title='bbox 1216 2793 1291 2823; x_wconf 80' lang='lat' dir='ltr'>arte</span> <span class='ocrx_word' id='word_1_670' title='bbox 1314 2786 1465 2823; x_wconf 81' lang='lat' dir='ltr'>constat.</span> <span class='ocrx_word' id='word_1_671' title='bbox 1492 2786 1606 2824; x_wconf 69' lang='lat' dir='ltr'>Imm.</span> <span class='ocrx_word' id='word_1_672' title='bbox 1665 2809 1668 2812; x_wconf 97' lang='lat'>-</span> <span class='ocrx_word' id='word_1_673' title='bbox 2116 2804 2118 2806; x_wconf 87' lang='lat'>·</span> 
     </span>
    </p>

    <p class='ocr_par' dir='ltr' id='par_1_18' title="bbox 1258 2836 2223 2889">
     <span class='ocr_line' id='line_1_95' title="bbox 1258 2836 2223 2889; baseline 0.015 -19"><span class='ocrx_word' id='word_1_674' title='bbox 1258 2848 1280 2882; x_wconf 80' lang='lat'><strong>4</strong></span> <span class='ocrx_word' id='word_1_675' title='bbox 1305 2837 1538 2875; x_wconf 55' lang='lat' dir='ltr'>&amp;cadentibus</span> <span class='ocrx_word' id='word_1_676' title='bbox 1558 2836 1702 2886; x_wconf 85' lang='lat' dir='ltr'>anni5.]</span> <span class='ocrx_word' id='word_1_677' title='bbox 1737 2838 1821 2876; x_wconf 90' lang='lat' dir='ltr'>Post</span> <span class='ocrx_word' id='word_1_678' title='bbox 1843 2840 2103 2889; x_wconf 81' lang='lat' dir='ltr'>sexagesimum</span> <span class='ocrx_word' id='word_1_679' title='bbox 2125 2854 2223 2884; x_wconf 76' lang='lat' dir='ltr'>aeta-</span> 
     </span>
    </p>
   </div>
   <div class='ocr_carea' id='block_1_14' title="bbox 151 2877 2225 2935">
    <p class='ocr_par' dir='ltr' id='par_1_19' title="bbox 151 2877 2225 2935">
     <span class='ocr_line' id='line_1_96' title="bbox 151 2877 2225 2935; baseline 0.006 -19"><span class='ocrx_word' id='word_1_680' title='bbox 151 2877 234 2912; x_wconf 60' lang='lat' dir='ltr'>OEm</span> <span class='ocrx_word' id='word_1_681' title='bbox 260 2882 458 2928; x_wconf 61' lang='lat' dir='ltr'>corruperit.</span> <span class='ocrx_word' id='word_1_682' title='bbox 513 2879 725 2932; x_wconf 77' lang='lat' dir='ltr'>Interposita</span> <span class='ocrx_word' id='word_1_683' title='bbox 765 2883 820 2921; x_wconf 78' lang='lat' dir='ltr'>illa</span> <span class='ocrx_word' id='word_1_684' title='bbox 843 2897 851 2921; x_wconf 89' lang='lat'>:</span> <span class='ocrx_word' id='word_1_685' title='bbox 897 2884 1053 2921; x_wconf 81' lang='lat' dir='ltr'>multum</span> <span class='ocrx_word' id='word_1_686' title='bbox 1101 2884 1142 2920; x_wconf 87' lang='lat' dir='ltr'>in</span> <span class='ocrx_word' id='word_1_687' title='bbox 1173 2894 1177 2925; x_wconf 73' lang='grc' dir='ltr'>ι</span> <span class='ocrx_word' id='word_1_688' title='bbox 1210 2886 1252 2922; x_wconf 80' lang='lat' dir='ltr'>tis</span> <span class='ocrx_word' id='word_1_689' title='bbox 1275 2897 1436 2925; x_wconf 84' lang='lat' dir='ltr'>annum:</span> <span class='ocrx_word' id='word_1_690' title='bbox 1464 2899 1548 2925; x_wconf 86' lang='lat' dir='ltr'>cum</span> <span class='ocrx_word' id='word_1_691' title='bbox 1567 2887 1722 2926; x_wconf 85' lang='lat' dir='ltr'>liberum</span> <span class='ocrx_word' id='word_1_692' title='bbox 1744 2898 1820 2927; x_wconf 89' lang='lat' dir='ltr'>erat</span> <span class='ocrx_word' id='word_1_693' title='bbox 1842 2892 2008 2932; x_wconf 80' lang='lat' dir='ltr'>Senatori</span> <span class='ocrx_word' id='word_1_694' title='bbox 2030 2904 2160 2934; x_wconf 79' lang='lat' dir='ltr'>vacare</span> <span class='ocrx_word' id='word_1_695' title='bbox 2179 2897 2225 2935; x_wconf 79' lang='lat' dir='ltr'>ab</span> 
     </span>
    </p>
   </div>
   <div class='ocr_carea' id='block_1_15' title="bbox 150 2913 1176 2984">
    <p class='ocr_par' dir='ltr' id='par_1_20' title="bbox 150 2913 1176 2984">
     <span class='ocr_line' id='line_1_97' title="bbox 150 2913 1176 2984; baseline 0.009 -20"><span class='ocrx_word' id='word_1_696' title='bbox 150 2913 264 2958; x_wconf 47' lang='lat' dir='ltr'>mul·</span> <span class='ocrx_word' id='word_1_697' title='bbox 283 2926 393 2967; x_wconf 62' lang='lat' dir='ltr'>iicens</span> <span class='ocrx_word' id='word_1_698' title='bbox 414 2958 425 2975; x_wconf 91' lang='lat'><strong>,</strong></span> <span class='ocrx_word' id='word_1_699' title='bbox 459 2931 607 2970; x_wconf 81' lang='lat' dir='ltr'>cubiculo</span> <span class='ocrx_word' id='word_1_700' title='bbox 616 2934 748 2983; x_wconf 82' lang='lat' dir='ltr'>semper</span> <span class='ocrx_word' id='word_1_701' title='bbox 773 2961 782 2978; x_wconf 95' lang='lat'>,</span> <span class='ocrx_word' id='word_1_702' title='bbox 819 2932 844 2970; x_wconf 86' lang='lat' dir='ltr'><strong>fi</strong></span> <span class='ocrx_word' id='word_1_703' title='bbox 867 2946 928 2984; x_wconf 84' lang='lat' dir='ltr'>per</span> <span class='ocrx_word' id='word_1_704' title='bbox 951 2935 985 2972; x_wconf 85' lang='lat' dir='ltr'>se</span> <span class='ocrx_word' id='word_1_705' title='bbox 1014 2935 1140 2972; x_wconf 87' lang='lat' dir='ltr'>intelli·</span> <span class='ocrx_word' id='word_1_706' title='bbox 1173 2929 1176 2936; x_wconf 80' lang='grc'><strong>’</strong></span> 
     </span>
    </p>
   </div>
   <div class='ocr_carea' id='block_1_16' title="bbox 154 2965 1138 3031">
    <p class='ocr_par' dir='ltr' id='par_1_21' title="bbox 154 2965 1138 3031">
     <span class='ocr_line' id='line_1_98' title="bbox 154 2965 1138 3031; baseline 0.013 -21"><span class='ocrx_word' id='word_1_707' title='bbox 154 2965 266 3010; x_wconf 60' lang='grc' dir='ltr'>δθῦἆὶ</span> <span class='ocrx_word' id='word_1_708' title='bbox 282 2971 408 3024; x_wconf 62' lang='lat' dir='ltr'>estem,</span> <span class='ocrx_word' id='word_1_709' title='bbox 433 2991 509 3018; x_wconf 90' lang='lat' dir='ltr'>non</span> <span class='ocrx_word' id='word_1_710' title='bbox 531 2982 600 3020; x_wconf 86' lang='lat' dir='ltr'>visa</span> <span class='ocrx_word' id='word_1_711' title='bbox 620 2983 699 3022; x_wconf 89' lang='lat' dir='ltr'>sunt</span> <span class='ocrx_word' id='word_1_712' title='bbox 728 2985 864 3031; x_wconf 79' lang='lat' dir='ltr'>integra</span> <span class='ocrx_word' id='word_1_713' title='bbox 888 2998 896 3022; x_wconf 91' lang='lat'>:</span> <span class='ocrx_word' id='word_1_714' title='bbox 932 2986 1055 3024; x_wconf 85' lang='lat' dir='ltr'>saltem</span> <span class='ocrx_word' id='word_1_715' title='bbox 1083 2986 1138 3023; x_wconf 85' lang='lat' dir='ltr'>illa</span> 
     </span>
    </p>
   </div>
   <div class='ocr_carea' id='block_1_17' title="bbox 153 3010 1175 3086">
    <p class='ocr_par' dir='ltr' id='par_1_22' title="bbox 153 3010 1175 3086">
     <span class='ocr_line' id='line_1_99' title="bbox 153 3010 1175 3086; baseline 0.023 -20"><span class='ocrx_word' id='word_1_716' title='bbox 153 3010 432 3076; x_wconf 50' lang='lat' dir='ltr'>cubicua‘smw</span> <span class='ocrx_word' id='word_1_717' title='bbox 451 3030 546 3075; x_wconf 74' lang='lat' dir='ltr'>aliud</span> <span class='ocrx_word' id='word_1_718' title='bbox 563 3033 716 3073; x_wconf 87' lang='lat' dir='ltr'>Nomen</span> <span class='ocrx_word' id='word_1_719' title='bbox 735 3044 799 3079; x_wconf 71' lang='lat' dir='ltr'>aut</span> <span class='ocrx_word' id='word_1_720' title='bbox 823 3035 986 3080; x_wconf 71' lang='lat' dir='ltr'>Verbum</span> <span class='ocrx_word' id='word_1_721' title='bbox 1020 3038 1140 3086; x_wconf 80' lang='lat' dir='ltr'>requi·</span> <span class='ocrx_word' id='word_1_722' title='bbox 1171 3047 1175 3064; x_wconf 90' lang='lat'><strong>¹</strong></span> 
     </span>
    </p>
   </div>
   <div class='ocr_carea' id='block_1_18' title="bbox 1211 2935 2227 3129">
    <p class='ocr_par' dir='ltr' id='par_1_23' title="bbox 1211 2935 2227 3129">
     <span class='ocr_line' id='line_1_100' title="bbox 1211 2935 1655 2986; baseline 0.009 -14"><span class='ocrx_word' id='word_1_723' title='bbox 1211 2935 1335 2974; x_wconf 83' lang='lat' dir='ltr'>officiis</span> <span class='ocrx_word' id='word_1_724' title='bbox 1358 2938 1514 2986; x_wconf 82' lang='lat' dir='ltr'>publiciS.</span> <span class='ocrx_word' id='word_1_725' title='bbox 1542 2938 1655 2976; x_wconf 70' lang='lat' dir='ltr'>IDEM.</span> 
     </span>
     <span class='ocr_line' id='line_1_101' title="bbox 1264 2987 2225 3040; baseline 0.01 -17"><span class='ocrx_word' id='word_1_726' title='bbox 1264 3000 1281 3034; x_wconf 81' lang='grc' dir='ltr'><strong><em>ς</em></strong></span> <span class='ocrx_word' id='word_1_727' title='bbox 1308 2990 1487 3027; x_wconf 76' lang='lat' dir='ltr'>Adventu</span> <span class='ocrx_word' id='word_1_728' title='bbox 1509 2989 1595 3026; x_wconf 83' lang='lat' dir='ltr'>novi</span> <span class='ocrx_word' id='word_1_729' title='bbox 1609 2987 1809 3038; x_wconf 82' lang='lat' dir='ltr'>principis.]</span> <span class='ocrx_word' id='word_1_730' title='bbox 1839 2989 1990 3039; x_wconf 78' lang='lat' dir='ltr'>Trajani</span> <span class='ocrx_word' id='word_1_731' title='bbox 2012 2994 2046 3031; x_wconf 89' lang='lat' dir='ltr'>in</span> <span class='ocrx_word' id='word_1_732' title='bbox 2071 2996 2197 3032; x_wconf 86' lang='lat' dir='ltr'>urbem</span> <span class='ocrx_word' id='word_1_733' title='bbox 2212 3023 2225 3040; x_wconf 91' lang='lat'><strong>,</strong></span> 
     </span>
     <span class='ocr_line' id='line_1_102' title="bbox 1212 3037 2227 3129; baseline 0.012 -54"><span class='ocrx_word' id='word_1_734' title='bbox 1212 3039 1275 3087; x_wconf 85' lang='lat' dir='ltr'>qui</span> <span class='ocrx_word' id='word_1_735' title='bbox 1305 3037 1393 3078; x_wconf 84' lang='lat' dir='ltr'>dum</span> <span class='ocrx_word' id='word_1_736' title='bbox 1422 3039 1508 3080; x_wconf 74' lang='lat' dir='ltr'>esset</span> <span class='ocrx_word' id='word_1_737' title='bbox 1536 3040 1575 3079; x_wconf 86' lang='lat' dir='ltr'>in</span> <span class='ocrx_word' id='word_1_738' title='bbox 1607 3038 1841 3127; x_wconf 43' lang='lat' dir='ltr'>expeditione</span> <span class='ocrx_word' id='word_1_739' title='bbox 1872 3049 1998 3080; x_wconf 85' lang='lat' dir='ltr'>contra</span> <span class='ocrx_word' id='word_1_740' title='bbox 2021 3044 2227 3129; x_wconf 51' lang='lat' dir='ltr'>Germano}</span> 
     </span>
     <span class='ocr_line' id='line_1_103' title="bbox 1698 3100 1758 3128; baseline 0.017 -1"><span class='ocrx_word' id='word_1_741' title='bbox 1698 3100 1718 3127; x_wconf 89' lang='lat' dir='ltr'>c</span> <span class='ocrx_word' id='word_1_742' title='bbox 1738 3101 1758 3128; x_wconf 83' lang='lat'>2.</span> 
     </span>
    </p>
   </div>
  </div>
 </body>
</html>
