2616 3686
276 248 279 249 γ
439 185 898 242 .1.113ER
962 188 1714 250 1V.EPISTOLA
1785 207 1885 257 xx.

139 271 234 344 qui
251 265 491 328 illustrari
502 265 738 323 seculum
766 264 921 318 suum
942 269 955 288 ¹
977 262 1240 328 eiusmodi
1269 270 1529 338 exemplis
1555 270 1903 347 arbitraretur
1920 315 1933 336 ‚
1952 279 1966 297 ²

2185 231 2276 279 υς

1983 273 2259 337 Ponti-licis

142 342 375 402 Maximi
401 340 548 411 jure,
587 341 678 394 seu
705 339 885 409 potius
913 336 1245 391 immanitate
1279 342 1520 408 tyranni,
1560 341 1770 397 lies-ntia.
1800 353 1812 378 ³
1837 344 2064 399 Domini
2091 386 2107 411 ,
2145 355 2161 379 ⁴
2188 369 2270 404 re..

140 417 312 487 liquos
338 413 666 473 Pontifices,
703 425 813 465 non
841 412 898 464 in
922 407 935 434 ⁵
967 411 1200 481 regiam,
1243 411 1334 465 sed
1361 413 1418 467 in
1450 409 1468 432 ⁶
1493 413 1748 467 Albansnz
1781 416 1959 470 villam
1997 436 2267 475 convoca..

141 488 236 542 vit.

320 487 338 516 ⁷
362 487 481 542 Nec
510 488 719 540 minore
748 480 948 536 scelere
972 519 987 544 ,
1026 499 1187 553 qnam
1226 483 1377 556 quod
1418 485 1598 540 ulcisci
1639 486 1951 549 videbitur,
1993 489 2267 549 absentem

140 559 546 631 inauditamque
576 553 847 613 damnavit
873 548 890 575 ⁸
914 554 1128 620 incesti,
1170 573 1299 613 cum
1323 557 1433 630 ipse
1457 558 1476 584 ⁹
1504 558 1679 616 fratris
1702 559 1862 616 filiam
1899 561 2108 618 incesto
2152 582 2266 622 non

139 770 317 819 Jacobum
339 770 556 809 Gutherium
578 766 661 805 Lib.
684 765 731 804 II.
755 765 801 805 de
812 766 942 804 Veteri
953 764 1040 812 Jure
1049 766 1150 805 Pon-

139 820 252 861 tificio
273 831 348 870 cap.
374 821 421 859 11.
445 819 652 857 Euenum.
680 817 1150 864 Helmst.defoderevivam

142 871 382 920 concupisceret.
411 869 611 908 Lindenbr.
641 868 771 906 Oxon.
806 869 845 906 ὃς
877 867 1016 906 Aldus:
1045 869 1153 919 cupis-

134 923 210 1012 ᾷη
238 919 339 959 Voff.
368 921 482 972 cupiffe
501 934 512 964 ;
551 919 743 958 Mediceus
767 919 806 956 &
827 919 958 969 reliqui
979 930 1066 957 cuin
1085 920 1152 959 Ed.

180 980 225 1011 et.
244 971 445 1022 concupiffet.
473 1014 477 1015 ⁷

191 1033 207 1061 x
245 1022 436 1072 Ejusmodi.
459 1020 475 1071 ]
516 1021 745 1060 Notabilibus
769 1049 780 1066 ‚
808 1022 1002 1070 punitione
1024 1020 1153 1059 Vesta-

136 1073 223 1116 lium
249 1100 260 1117 ,
306 1085 417 1123 quarn
448 1073 654 1122 negleitam
685 1084 707 1110 a
737 1071 960 1122 Vespafiano
995 1073 1034 1110 &
1059 1072 1153 1111 Tito

135 1123 368 1165 Domitianus
399 1127 521 1162 levere
553 1125 728 1162 coercuit.
781 1124 954 1162 Ocellatis
976 1122 1154 1167 sororibus

137 1176 176 1214 δε
204 1173 414 1213 Varonillae
444 1174 579 1214 Vestali
608 1175 766 1214 liberum
798 1176 927 1213 mortis
966 1175 1153 1214 arbitrium

165 1223 318 1270 ermifit‚
346 1227 385 1265 &
406 1234 638 1275 corruptores
670 1237 795 1264 earum
827 1226 1012 1274 relegavit.
1065 1225 1155 1265 Hoc

164 1275 300 1325 apinius
321 1276 452 1316 laudat.
506 1277 660 1315 Tacitus
682 1278 773 1315 circa
793 1275 910 1314 finem
935 1276 1156 1324 fragmenta-

134 1332 192 1366 tae
220 1325 386 1366 historiae
408 1355 420 1373 ,
472 1327 664 1366 Cerealem
694 1325 844 1377 patrass'e
875 1326 1038 1376 stuprum
1069 1339 1155 1365 cum

133 1375 287 1416 Claudia
318 1377 448 1415 sacrata
479 1379 630 1416 muliere
664 1378 785 1416 refert.
834 1377 991 1415 CATAN.
1029 1378 1156 1426 Scripsi

134 1437 221 1466 cum
256 1427 433 1466 Mediceo
456 1455 468 1472 ,
503 1427 660 1466 Helmst.
693 1430 731 1467 ὅ(
763 1426 833 1465 Ed.
863 1428 952 1465 Vet.
992 1429 1158 1466 eiusmodi

133 1477 299 1527 exemplis
324 1506 336 1520 ‚
380 1477 484 1527 quod
516 1480 627 1516 etiam
659 1489 705 1516 ex
746 1478 835 1514 Vet.
876 1477 973 1519 Cod.
1013 1481 1158 1518 notavit

135 1529 273 1567 Minos.
301 1527 506 1575 Vulgarum
528 1536 626 1565 erat:
653 1528 820 1564 eiusmodi
841 1527 1004 1574 exemplo.

189 1591 210 1615 2
238 1577 414 1625 Pontificis
437 1583 545 1614 Max.
560 1576 679 1625 jum]
710 1577 781 1614 Cui
811 1575 942 1613 licebat
973 1578 1156 1628 inquirere

136 1628 337 1668 Vestalium
362 1629 513 1666 crimina
536 1629 576 1666 &
597 1625 780 1665 vindicare
805 1653 817 1670 ‚
843 1625 1002 1676 denique
1025 1627 1157 1669 omnes

138 1678 251 1718 sacras
288 1678 409 1716 causas
445 1678 650 1726 dijudicare.
705 1675 787 1715 Fuit
822 1684 948 1714 autem
978 1679 1153 1718 Pontifex

138 1728 242 1767 Max.
287 1730 537 1768 Domitianus.
569 1726 673 1778 quod
703 1726 873 1766 testantur
905 1738 1010 1766 aerea
1047 1730 1155 1779 ipfius

139 1780 372 1819 numismata.
397 1781 436 1819 &
457 1779 640 1826 Juvenalis
663 1778 732 1816 Sat.
750 1777 818 1816 IV.

193 1880 355 1926 Destinat
377 1878 438 1918 hac
459 1881 650 1928 monstrum
675 1879 816 1931 cymbae
836 1879 964 1931 linique
993 1879 1156 1931 magister

194 1931 356 1977 Pontifici
371 1930 525 1979 summo.

146 2028 180 2064 C
194 2041 215 2064 A
231 2042 252 2066 τ
269 2042 289 2065 Α
305 2042 341 2067 Ν.
376 2031 551 2079 Pontificis
574 2060 584 2077 ,
619 2031 716 2081 wan]
744 2030 866 2082 Hujus
890 2034 990 2071 enim
1016 2043 1089 2072 erat
1111 2035 1156 2073 de

144 2078 347 2119 Verla'ibus
376 2082 592 2131 cognoscere
623 2083 661 2120 ὃς
694 2083 844 2121 crimina
874 2084 1014 2121 illarum
1038 2085 1157 2124 vindi-

145 2138 236 2165 care.
286 2131 381 2170 Vide
402 2133 518 2171 modo
539 2133 708 2181 allegatos
733 2134 908 2172 auctores.
946 2135 1154 2174 Rucuma.

144 2180 317 2219 Parthicis
333 2211 343 2228 ‚
367 2181 466 2231 eya]
499 2183 684 2232 Lamprid.
707 2184 753 2222 de
774 2184 881 2222 Alex.
908 2186 1154 2235 Accepitprize-

142 2240 281 2266 terr-271
304 2233 409 2272 etiam
430 2247 506 2270 cum
522 2235 626 2283 sacra
637 2235 772 2281 faceret
787 2263 797 2279 ‚
823 2236 880 2281 sed
903 2234 968 2272 loco
986 2237 1157 2285 pontificis

141 2293 201 2315 rm
219 2285 315 2326 ami,
343 2297 410 2321 non
440 2285 668 2333 imperatoris.
721 2285 860 2324 Scilicet
881 2297 1012 2323 omnes
1037 2287 1156 2336 Irnpp.

142 2331 187 2366 ab
211 2333 239 2367 A
253 2333 375 2381 agust«)
396 2335 590 2374 Pontifices
613 2335 669 2371 M.
693 2347 769 2373 non
789 2345 931 2373 tantum
947 2336 1028 2372 dssc'j
1046 2368 1054 2380 ‚

1084 2338 1158 2376 sae*
1192 2358 1194 2362 Α

139 2391 259 2431 peque
291 2386 398 2422 ctiam
432 2386 506 2434 ejus
539 2384 662 2422 officio
689 2385 939 2434 fungebantur.
968 2387 1063 2423 Vule
1087 2387 1157 2424 Ca·
1193 2381 1195 2411 i

136 2429 230 2468 saub.
253 2435 284 2471 in
312 2437 483 2483 Spartian.
511 2436 557 2472 Et
580 2436 655 2484 ejus
676 2438 726 2472 rei
749 2437 891 2474 causam
905 2445 1156 2485 exponentem

139 2480 184 2519 ad
206 2484 355 2520 Struit-m.
380 2487 460 2524 Lib.
483 2486 532 2523 ΙΙ.
555 2497 585 2523 c.
608 2484 745 2523 XXXI.
771 2487 930 2524 Vama.

195 2545 214 2581 3
247 2537 401 2573 Domini.
424 2536 440 2586 ]

143 2584 231 2624 'uffit
249 2613 258 2629 ‚
286 2589 453 2623 tradente
475 2586 697 2636 Tranquillo
712 2615 723 2631 ,
751 2589 789 2626 &
814 2587 980 2625 Martiale
1004 2588 1052 2625 1ic
1070 2588 1159 2627 adu-

146 2643 232 2722 C’te
254 2664 265 2679 ,
313 2636 373 2675 sed
419 2636 498 2687 post
548 2638 622 2683 ejus
669 2638 857 2676 interitum
905 2639 1158 2686 exprobrante.

192 2697 212 2723 Α
225 2699 248 2725 τ
262 2698 284 2723 Α
297 2699 334 2724 Ν.

195 2746 217 2781 4
240 2736 394 2787 Reliquos
425 2737 619 2785 Pontifices.
644 2738 661 2789 ]
701 2740 800 2777 Nam
824 2739 896 2788 ipse
919 2738 1159 2780 Domitianus

150 2778 278 2839 Pontif,
303 2788 488 2827 Maximus
521 2797 606 2826 erat.
661 2790 770 2828 Hanc
802 2791 902 2832 enim
943 2788 1157 2838 dignitatern

153 2827 216 2869 fila
230 2834 306 2876 solis
324 2838 551 2877 vindicarunt
576 2840 817 2887 Imperatores
837 2840 881 2877 ab
914 2840 1083 2888 Augusto
1106 2843 1160 2880 us-

157 2889 229 2928 que
247 2884 291 2938 §d
309 2887 544 2928 Gratianum:
571 2898 612 2928 ut
635 2890 741 2930 simul
765 2893 804 2930 ὅ(
823 2891 1043 2938 religionum
1060 2904 1161 2932 cerc-

158 2933 306 2987 ωῡῦῑῇδ,
331 2938 368 2975 8(
393 2940 530 2987 legibus
559 2941 724 2981 civilibus
745 2940 939 2991 praepositi
960 2953 1075 2980 omne
1093 2955 1161 2992 po-

160 2976 284 3034 t‘f'stms
301 2983 354 3029 lus
368 2990 704 3039 complecterentur.
748 2992 945 3030 Caeterum
969 2993 1160 3041 pontifices

161 3027 361 3069 dlcebanmr
389 3037 581 3081 sacerdotes
622 3055 752 3082 omnes
776 3057 784 3081 ι
823 3042 922 3081 unde
961 3056 1160 3083 nourtrrx

162 3089 267 3118 *Ol-1⁵
282 3105 293 3125 2
311 3091 501 3131 Pourxnx
511 3095 686 3133 vurcmx'
704 3123 715 3141 ‚
736 3105 975 3135 PORTIHCES
989 3107 1134 3136 vesun
1149 3125 1160 3142 ,

482 2537 526 2574 Se
550 2533 744 2573 Dominum
768 2539 806 2575 δ(
846 2541 958 2573 Deum
988 2538 1157 2585 appellari
1194 2560 1196 2565 ·

2153 638 2268 708 pol-

1237 768 1274 807 id
1307 768 1356 807 est
1381 798 1391 814 ‚
1428 771 1625 809 Sacerdotes
1647 799 1658 815 ‚
1697 772 1736 810 in
1767 773 1949 813 veteribus
1968 771 2267 824 Inscriptionibus

1237 821 1476 868 reperiuntur.
1530 822 1717 860 Maximus
1751 825 1858 872 igitur
1881 854 1892 869 ‚
1917 828 1981 875 qui
2004 832 2194 876 praeerat,
2219 827 2267 866 ad

1238 871 1466 920 reliquorum
1491 872 1733 910 differentiam
1762 876 2017 925 appellabatur.
2053 877 2267 917 Rucuma.

1290 934 1309 970 ς
1340 921 1526 972 Regiam]
1556 924 1686 972 Regia,
1710 923 1842 963 domus
1862 926 2098 966 pontificialis
2120 926 2180 964 est.
2207 929 2267 969 Sic

1238 972 1413 1020 appellata
1437 1001 1448 1018 ,
1486 973 1590 1023 quod
1623 975 1705 1012 Rex
1745 976 1968 1015 Sacrificulus
2002 979 2049 1016 ibi
2077 978 2267 1019 habitaret.

1236 1021 1315 1060 Dio
1340 1023 1421 1062 Lib.
1440 1023 1544 1062 LIX.
1572 1025 1610 1062 ὅτ
1633 1025 1777 1064 Servius
1807 1026 1853 1064 ad
1885 1027 1995 1066 VIlI.
2025 1028 2182 1067 Aeneid.
2210 1029 2268 1072 Ibi

1236 1081 1363 1112 autern
1386 1077 1588 1114 convenire
1610 1076 1818 1124 Collegium
1841 1078 2066 1116 Pontificum
2105 1079 2265 1127 solebat,

1236 1134 1278 1160 ac
1315 1124 1510 1175 disceptare
1546 1128 1585 1165 δί
1616 1127 1780 1176 judicare
1826 1126 2093 1167 controversias
2129 1129 2264 1176 sacras,

1237 1174 1342 1223 quod
1372 1177 1432 1215 hic
1461 1178 1585 1217 licenti
1615 1179 1834 1228 impotentia
1857 1190 1879 1216 a
1899 1180 2124 1218 Domitiano
2143 1188 2266 1230 mutaf

1236 1231 1342 1271 tum,
1370 1225 1416 1265 de
1437 1240 1516 1278 quo
1537 1227 1704 1266 videatur
1729 1228 1886 1279 Lipfius.

1284 1278 1309 1312 6
1334 1277 1526 1317 Albanam
1558 1279 1702 1318 villam.
1727 1279 1743 1330 ]
1784 1282 1877 1329 Quo
1899 1280 2098 1331 saepiffime
2120 1283 2266 1322 convoa'

1237 1325 1340 1366 cabat
1360 1337 1479 1379 patres
1498 1331 1537 1368 in
1559 1329 1765 1369 confilium.
1817 1332 2004 1379 Juvenalis
2025 1344 2173 1371 carmen
2203 1346 2268 1372 ex·

1235 1380 1287 1414 tat
1321 1378 1367 1417 de
1400 1391 1439 1418 re
1472 1380 1632 1418 consulta
1662 1381 1765 1431 super
1786 1383 1968 1421 Rhombo
1987 1385 2024 1421 in
2046 1381 2181 1422 secessu
2200 1384 2268 1424 Al-

1237 1425 1368 1467 banoz
1406 1431 1467 1469 ubi
1498 1429 1616 1470 afferit
1648 1432 1845 1471 Suetonius
1879 1433 2069 1472 confixisse
2104 1435 2268 1483 eundem

1239 1473 1507 1526 Imperatorem
1529 1483 1661 1519 multas
1683 1481 1798 1529 feras,
1825 1485 1864 1521 &
1886 1483 2062 1522 Martialis
2085 1487 2268 1536 quinqua-

1237 1529 1306 1565 tria
1323 1528 1467 1579 singulis
1487 1532 1589 1569 annis
1611 1533 1809 1571 Minervae
1831 1532 2036 1572 celebraffe.
2093 1535 2164 1574 Sed
2186 1548 2268 1577 non

1237 1576 1312 1616 fine
1334 1583 1498 1627 ratione,
1526 1581 1551 1619 fi
1571 1589 1699 1621 tamen
1721 1595 1764 1622 ea
1784 1585 1927 1622 ratione
1941 1592 2065 1623 motus
2079 1612 2093 1629 ‚
2116 1585 2163 1623 de
2174 1599 2268 1628 nece

1238 1627 1391 1669 Vestalis
1423 1631 1679 1671 deliberaturus
1709 1633 1902 1684 pontifices
1935 1635 1974 1672 in
1996 1635 2184 1674 Albanum
2206 1648 2267 1677 ac-

1235 1679 1344 1724 civit,
1371 1682 1476 1731 quod
1507 1682 1637 1722 scilicet
1666 1684 1910 1722 sacerdotium
1942 1684 2146 1724 Vestalium
2169 1688 2267 1729 insti-

1234 1735 1356 1769 tutum
1390 1730 1478 1770 effer
1497 1743 1528 1773 ,a
1561 1732 1737 1781 Trojanis
1757 1763 1767 1779 ,
1804 1736 1868 1785 qui
1897 1734 2033 1773 Albam
2055 1737 2266 1779 condidere.

1235 1777 1394 1820 Fuerant
1420 1783 1527 1830 igitur
1558 1783 1724 1830 Vestales
1753 1786 1877 1834 primo
1909 1784 2056 1833 Albae,
2082 1788 2168 1827 inde
2188 1790 2267 1828 Ro-

1233 1832 1544 1873 mamtranssatae.
1567 1834 2111 1887 CATAN.Albanamvilla7.>:1.]
2136 1840 2266 1887 Quam

1230 1881 1270 1918 in
1295 1882 1445 1922 Albano
1468 1892 1600 1923 monte
1622 1887 1865 1925 Domitianus
1890 1887 2017 1925 habuit
2036 1918 2046 1933 ,
2075 1890 2204 1939 &quo
2213 1891 2266 1929 se-

1232 1931 1330 1972 ceffu
1351 1933 1446 1972 adeo
1471 1934 1670 1974 delectatus
1696 1936 1790 1982 fuit,
1831 1945 1874 1976 ut
1896 1937 1996 1988 quasi
2017 1939 2175 1977 domum
2198 1942 2263 1980 iia·

1233 1981 1356 2030 beret,
1382 1986 1465 2024 imo
1498 1989 1538 2026 &
1567 1986 1720 2026 Curiam
1745 2018 1755 2034 ,
1783 2000 1906 2038 eoque
1931 1989 2068 2038 saepius
2089 2002 2264 2032 evocaret

1232 2042 1349 2082 patres
1363 2065 1372 2082 ,
1402 2036 1505 2087 quod
1527 2039 1567 2075 ὅ(
1587 2036 1762 2085 fignificat
1784 2041 1822 2077 ln
1843 2039 2041 2088 Agricolae
2076 2042 2152 2079 vita
2185 2042 2265 2081 Ta-

1232 2085 1321 2124 citus
1344 2099 1420 2136 cap.
1443 2087 1567 2126 XLV.
1591 2091 1629 2126 &
1653 2091 1836 2136 Juvenal-is
1858 2091 1897 2128 in
1927 2089 2076 2139 Satyris·
2097 2091 2261 2141 perstruu-
2320 2108 2331 2115 ·

1231 2136 1281 2182 git
1299 2147 1342 2173 ac
1363 2147 1477 2177 notat.
1535 2137 1766 2190 Parrhasiam
1787 2142 1912 2179 aulam
1935 2153 1978 2180 <5
2004 2143 2149 2179 domum
2173 2150 2263 2180 Para

1231 2186 1391 2236 rhasiam
1427 2202 1505 2228 non
1537 2189 1648 2227 seme-l
1680 2191 1854 2230 Mai-talis
1889 2192 1988 2228 dixit.
2046 2192 2263 2241 (Ἆρα-(ὠῶ-

1234 2248 1333 2275 mam
1373 2242 1447 2289 ejus
1478 2240 1694 2278 struant-am
1719 2243 1757 2280 &
1778 2240 2000 2278 summosam
2027 2243 2264 2289 insign-{neem-

1235 2287 1322 2325 tiam
1349 2290 1430 2326 Lib.
1452 2291 1561 2327 VIII.
1584 2289 1706 2338 Epigr.
1728 2290 1908 2327 XXXVI.
1929 2291 1978 2328 ita
2006 2293 2056 2327 cc?
2084 2292 2161 2327 bir-
2185 2321 2195 2336 ,
2223 2304 2263 2334 ut

1233 2338 1320 2375 nihil
1344 2339 1456 2378 simile
1477 2348 1560 2378 toto
1582 2348 1760 2377 terrarum
1779 2342 1868 2377 orbe
1891 2349 2012 2378 extare
2033 2345 2261 2388 psonuntiet.

1236 2393 1327 2433 Quo
1357 2390 1547 2428 referenda
1582 2391 1714 2437 opinor
1731 2418 1741 2434 ,
1764 2402 1857 2439 quae
1891 2391 2103 2430 Plutarchus
2126 2395 2160 2429 ⁴1³.
2188 2398 2261 2434 vita

1232 2436 1441 2478 Publicolae
1461 2441 1506 2478 de
1530 2439 1647 2476 domo
1671 2440 1877 2479 Domni-ani
1894 2471 1903 2485 ‚
1926 2442 1964 2479 &
1988 2442 2260 2484 dimnmlffma

1233 2487 1444 2526 aedificandi
1464 2489 1610 2527 libidine
1636 2499 1830 2528 memorat.
1883 2492 1921 2529 A
1944 2492 2095 2530 Rabirio
2126 2495 2261 2536 Archi-

1234 2538 1334 2574 τοίω
1359 2544 1563 2579 extructam
1584 2539 1684 2578 idem
1708 2541 1884 2579 Martialis
1907 2542 1989 2581 Lib.
2013 2542 2103 2581 VII.
2136 2545 2259 2597 Epigr.

1235 2588 1339 2625 LVI.
1363 2591 1454 2628 clare
1475 2590 1592 2630 tradit.
1620 2590 1833 2630 Bucnuna.

1286 2651 1304 2685 7
1338 2645 1408 2678 Nec
1434 2639 1610 2691 minam]
1641 2641 1767 2680 Sensus
1788 2643 1857 2681 est:
1887 2643 2151 2684 condemnavit
2165 2647 2262 2685 Cor-‘

1234 2690 1367 2729 neliam
1392 2692 1526 2731 indicta
1549 2691 1676 2738 causa,
1703 2693 1807 2742 quod
1831 2702 1906 2733 erat
1929 2706 2007 2731 non
2033 2698 2153 2734 minus
2183 2697 2257 2736 sce-

1233 2739 1296 2778 lus.
1316 2753 1428 2792 quam
1452 2743 1554 2792 quod
1575 2744 1625 2780 ira
1647 2742 1836 2782 videbatur
1855 2745 1955 2783 illam
1979 2745 2119 2785 trahere
2140 2746 2188 2785 ad
2206 2748 2263 2799 1117

1234 2791 1389 2830 tionem.
1418 2794 1450 2831 C
1464 2807 1486 2831 Α
1499 2807 1522 2832 τ
1539 2806 1561 2830 A
1574 2805 1611 2830 Ν.

1283 2843 1304 2880 8
1331 2843 1460 2890 Jncesti.
1486 2843 1501 2892 ]
1541 2845 1672 2893 Stupri.
1708 2846 1807 2884 Nam
1840 2847 1994 2886 incestus
2015 2850 2259 2889 committitur

1232 2895 1326 2933 inter
1346 2895 1457 2932 sacras
1479 2895 1647 2944 personas
1670 2897 1709 2934 &
1730 2896 1866 2934 affines.
1895 2896 1950 2935 In
1966 2912 1986 2937 ε
2003 2912 2043 2936 Μ.
2072 2899 2177 2949 Lege
2200 2901 2264 2939 hie-

1235 2944 1397 2993 Lipfium
1421 2945 1466 2985 de
1488 2945 1618 2983 Vestal.
1648 2957 1726 2996 cap.
1750 2946 1854 2985 XIII.
1883 2948 1911 2986 B
1926 2962 1946 2984 A
1961 2963 1985 2986 a
2000 2963 2024 2988 τ
2039 2961 2075 2988 H.
2104 2950 2262 2989 Helmst.

1235 2995 1426 3034 Clamavit
1449 2995 1585 3043 incesti:
1616 2995 1778 3035 Arnzen.
1802 3000 2000 3037 damnavit
2022 3001 2198 3049 incestum.

1285 3059 1308 3093 9
1337 3048 1476 3086 fratris
1502 3046 1629 3095 filiam.
1654 3045 1668 3094 ]
1711 3047 1856 3093 Julian,
1879 3050 1962 3089 Titi
1985 3050 2097 3089 filiam
2112 3083 2122 3096 ‚
2149 3061 2259 3099 quam

1233 3096 1353 3137 adhue
1375 3098 1556 3149 virginem
1568 3098 1745 3186 §immam
1775 3101 1815 3140 in
1847 3102 2128 3143 matrimonium
2160 3109 2261 3186 isecu-

1625 3159 1663 3186 m
1692 3160 1714 3187 2
2162 3158 2262 3198 -ΆΥΕΞ
