2616 3686
547 197 728 250 1⁴11*ss
766 189 895 247 ER
961 196 1044 247 11.
1109 197 1688 252 EPISTOLA
1755 206 1869 255 111.
2184 231 2274 282 103

186 280 409 338 dubites.
431 301 452 328 9
473 278 659 334 crebra
687 278 919 349 νοήματα,
952 271 1128 329 crebri
1153 277 1166 296 ¹
1192 275 1505 345 syllogismi,
1543 292 1560 310 ²
1581 279 1970 350 circumscripti
1999 281 2051 337 &
2071 284 2279 342 effef'ti:

184 351 331 425 quod
393 370 408 398 ³
453 350 569 408 stilo
617 367 839 424 quoque
901 346 1098 418 assequi
1159 362 1414 419 magnum
1478 349 1567 404 est.
1629 353 1648 378 ⁴
1704 350 2034 407 Incredibilis
2063 363 2283 414 ''memo-
2356 386 2389 434 4

184 426 283 488 ria,
321 443 334 469 ⁵
363 428 558 494 repetit
588 427 735 480 altius
759 437 896 494 quae
923 420 1062 475 dixit
1088 437 1158 475 ex
1187 436 1434 492 tempore
1455 458 1470 484 ,
1510 439 1578 475 ne
1609 423 1774 478 verbo
1799 424 2021 494 quidem
2063 428 2273 487 labitur.

183 496 248 550 ad
286 509 486 551 tantam
521 511 541 535 ⁶
579 495 668 562 ’ἕξιν
705 493 880 565 studio
916 493 970 547 &
1008 494 1399 548 exercitatione
1441 496 1706 566 pervenit.
1782 497 1922 551 Nam
1973 496 2160 554 diebus
2217 503 2277 558 δε

183 567 427 624 nofflbus
455 569 582 624 nihil
608 562 747 622 aliud
772 565 910 636 agit,
949 564 1079 619 nibil
1106 565 1286 629 audit,
1323 566 1449 620 nihil
1476 567 1737 639 loquitur.
1814 571 2035 623 Annum
2053 570 2275 644 sexage-
2355 583 2386 632 5

184 639 372 694 fimum
399 639 627 695 exceffit.
655 638 710 693 &
734 640 910 693 adhuc
935 640 951 667 ⁷
975 637 1313 694 scholasticus
1347 653 1556 695 tantum
1596 641 1685 694 est.
1726 657 1838 712 quo
1875 657 2074 713 genere
2100 644 2275 700 homi-

183 728 313 766 num
339 712 461 768 nihil
488 725 576 766 aut
602 711 911 781 fimplicius,
948 723 1038 764 aut
1066 710 1346 775 finceriUS,
1385 726 1473 766 aut
1509 714 1712 768 melius.
1791 715 1905 769 Nos
1948 716 2093 770 enim
2122 752 2137 778 ‚
2180 720 2276 790 qui

185 785 238 837 in
266 783 384 837 foro
411 784 651 855 verisque
678 783 853 838 litibus
881 785 1139 847 terimur,
1181 786 1407 839 multum
1433 785 1694 847 malitiae,
1734 787 1974 856 quamvis
2014 790 2276 855 nolimus,

160 853 514 918 addiscimus,
587 855 781 912 Schola
808 855 863 910 &
889 861 906 887 ⁸
929 855 1293 923 auditorium,
1332 860 1350 885 ⁹
1376 871 1432 912 ut
1457 856 1576 912 fieta
1606 857 1788 922 causa,
1828 858 1862 878 ¹⁰
1887 862 1959 914 ita
1982 877 2064 915 res
2089 860 2275 917 ¹¹iner-
2356 876 2386 917 6

412 951 433 981 ι
950 976 960 986 .
2137 936 2276 1003 mis,

180 1065 306 1116 legitur
338 1069 511 1108 duntaxat
544 1065 784 1111 ἐνθυμήματα.
837 1065 1032 1104 STEPHAN.
1068 1065 1191 1106 Etiam
1289 1068 1313 1105 6
1340 1066 1470 1118 Ε”ξιν.]
1501 1067 1698 1107 Habitum.
1722 1069 1859 1107 HENR.
1890 1069 2034 1107 ὃτι-ΡΗ.

181 1117 341 1158 Riccard.
364 1117 464 1157 Voff.
488 1119 616 1156 Oxon.
650 1116 848 1156 Lindenbr.
881 1117 993 1154 Arnz.
1027 1117 1196 1165 ignorant
1290 1130 1308 1166 7
1340 1118 1603 1170 scholasticus.]
1655 1121 1894 1159 Declamator
1918 1149 1928 1164 ‚
1955 1121 2072 1158 solum
2107 1122 2143 1159 in
2171 1122 2264 1163 ficiis

178 1167 263 1206 illud
285 1169 576 1209 additamentum
598 1167 661 1205 καὶ
684 1167 864 1209 νοήματα.
886 1168 1077 1206 Mediceus
1098 1167 1197 1207 simi-
1237 1169 1347 1208 causis
1382 1172 1420 1209 ὃς
1444 1169 1572 1208 ociofis
1602 1171 1758 1209 versatus
1782 1199 1793 1216 ‚
1830 1183 1908 1208 non
1940 1172 1978 1208 in
2010 1173 2105 1210 veris
2135 1174 2269 1214 litibus.

177 1216 256 1256 liter
277 1231 356 1259 uno
380 1221 562 1258 vocabulo
585 1227 781 1258 contentus
803 1219 872 1258 fuit
887 1247 898 1263 ‚
925 1218 987 1257 sed
1004 1219 1108 1268 quod
1132 1232 1196 1257 ex-
1235 1219 1390 1259 CATAN.
1419 1222 1485 1260 Sic.
1510 1222 1595 1259 Lib.
1614 1222 1642 1259 Ι.
1665 1222 1774 1272 Epist.
1797 1221 1940 1258 XXIV.
1963 1233 2044 1267 n.4.
2074 1223 2266 1264 Scholasti-

176 1267 299 1315 hibet,
327 1285 372 1310 ex
397 1283 443 1310 eo
466 1279 542 1309 tam
564 1269 808 1314 ἐνθυμῆιιωτα
827 1298 838 1315 ,
868 1280 980 1321 quam
1015 1266 1192 1317 νοέμκτκ,
1234 1271 1281 1307 cis
1309 1281 1412 1321 porro
1444 1272 1592 1310 dominis
1616 1302 1629 1317 ,
1654 1283 1696 1310 ut
1715 1273 1768 1310 hic
1790 1272 1835 1319 est
1855 1300 1866 1316 ‚
1887 1271 2017 1321 sufficit
2036 1272 2177 1312 abunde
2198 1285 2272 1315 cet.

177 1321 362 1362 extundas.
382 1321 497 1360 scribit
519 1322 640 1360 enim:
669 1321 805 1359 crebrae
830 1325 1169 1358 NOEEMNATA
1185 1351 1194 1367 ‚
1235 1319 1334 1359 Infra
1355 1323 1391 1361 h.
1411 1324 1434 1360 1.
1457 1323 1566 1371 Epist.
1589 1324 1672 1362 XX.
1696 1336 1732 1362 n.
1755 1338 1789 1373 9.
1827 1322 2011 1370 Sufficzunt
2037 1324 2127 1362 duae
2149 1326 2271 1372 fabu-

175 1370 284 1409 crebri
290 1372 496 1422 syllogismi.
550 1373 620 1411 Sed
641 1381 702 1411 aut
727 1373 760 1410 se
788 1374 911 1410 uentia
937 1385 945 1408 ε
983 1371 1195 1422 circumstri-
1234 1370 1298 1408 lae.
1352 1379 1416 1409 An
1438 1373 1641 1412 scholastica
1673 1374 1743 1423 lege
1778 1375 1926 1412 tertiam
1950 1375 2087 1423 poscis?
2117 1376 2266 1415 Auctor

168 1421 226 1468 pti
247 1433 292 1462 <9⁶
312 1423 417 1472 effecti
440 1451 450 1468 ‚
478 1435 524 1461 ex
547 1424 671 1462 insulsa
695 1385 820 1461 Glocil'a
848 1422 1130 1471 profluxerunt,
1159 1425 1197 1461 ὃς
1236 1421 1331 1460 Dial.
1355 1423 1401 1461 de
1423 1424 1570 1460 Orator.
1595 1436 1671 1473 cap.
1693 1425 1780 1461 XV.
1815 1430 2013 1460 Contentus
2035 1424 2265 1465 scholastico-

175 1481 218 1507 ea
251 1472 296 1510 de
330 1474 445 1512 caufla
478 1473 683 1512 inducenda
717 1473 796 1511 sunt
820 1501 831 1516 ,
868 1481 930 1509 aut
953 1472 1194 1515 ἐνθυμήματι
1236 1482 1319 1509 rum
1341 1473 1561 1510 clamoribus.
1577 1475 1680 1522 Lege
1696 1501 1706 1517 ‚
1733 1473 1888 1523 fiplacet
1904 1501 1914 1517 ,
1944 1473 2092 1511 Cresoll.
2108 1476 2146 1512 T
2150 1478 2264 1516 heatr.

175 1518 303 1560 locum
322 1525 383 1562 hic
400 1525 533 1562 habere
554 1531 753 1572 nequeunt.
808 1523 898 1558 Sunt
921 1523 1021 1559 enim
1045 1517 1195 1566 ἐνθυμνῖ-
1237 1521 1344 1560 Rhet.
1369 1524 1450 1561 Lib.
1475 1523 1541 1561 III.
1567 1535 1643 1573 cap.
1668 1523 1714 1561 Il.
1739 1526 1777 1562 &
1800 1523 2037 1572 Quinc‘tilian.
2071 1525 2153 1564 Lib.
2176 1528 2261 1566 XII.

174 1586 279 1613 ματα
297 1599 308 1616 ,
333 1574 438 1622 quod
460 1584 591 1610 omncs
623 1580 761 1608 norunt
787 1599 798 1615 ‚
827 1570 1022 1620 syllogismi
1047 1572 1195 1611 circum·
1236 1582 1313 1621 cap.
1335 1573 1402 1611 XI.
1428 1574 1556 1612 Oxon.
1572 1574 1794 1624 scholasticus
1816 1584 1946 1612 tamen
1967 1573 2027 1619 est..

167 1620 313 1670 scripti,
341 1625 424 1661 licet
447 1623 503 1660 alii
523 1623 621 1660 aliter
646 1621 682 1659 id
716 1621 937 1659 vocabulum
972 1623 1194 1671 interpretati
1285 1624 1306 1660 8
1335 1624 1608 1673 Auditorium.]
1649 1626 1696 1662 Et
1729 1636 1796 1674 pro
1830 1623 1910 1673 ipsis
1943 1625 2191 1672 auditoribus,
2221 1630 2262 1667 ὃς

177 1669 268 1716 fint‚
297 1681 336 1710 ut
360 1682 457 1722 patet
482 1685 526 1710 ex
549 1672 661 1711 Fabio
689 1672 768 1710 Lib.
791 1672 839 1708 V.
864 1671 944 1708 Inst·
979 1674 1083 1710 Orat.
1117 1686 1192 1724 cap.
1233 1673 1320 1710 loco
1353 1675 1392 1711 in
1425 1686 1537 1724 quem
1573 1674 1729 1713 audituri
1763 1675 2019 1719 conveniunt,
2046 1676 2261 1726 frequenter

177 1719 222 1758 X.
245 1726 355 1771 princ.
371 1724 512 1774 Scripsit
532 1725 678 1773 itaque:
706 1722 824 1759 crebra
865 1722 1021 1765 νοῆμοιτοι
1045 1752 1055 1768 ,
1083 1727 1194 1765 crebri
1234 1724 1431 1773 usurpatur.
1460 1725 1614 1764 Ciu-AN.

169 1770 397 1822 syllogismi,
435 1774 683 1824 circumscripti
714 1784 758 1812 ο·
787 1770 902 1820 effecti.
955 1773 1056 1811 Male
1100 1775 1193 1814 Edd.
1280 1788 1304 1823 9
1333 1780 1379 1811 Ut
1392 1774 1478 1822 ficta
1505 1774 1650 1825 causus]
1682 1775 1760 1812 Ubi
1783 1774 2069 1815 declamationes
2094 1778 2133 1815 δε
2155 1776 2264 1820 fidiae

178 1825 312 1863 multae
350 1828 389 1864 &
422 1827 638 1863 recentiores
670 1825 775 1863 MSS.
797 1829 836 1861 τό
858 1822 966 1861 crebri
990 1825 1168 1865 omittunt
1182 1826 1212 1874 ‚l
1233 1824 1508 1864 controversiae
1527 1827 1738 1864 tractantur.
1768 1825 1782 1862 I
1800 1839 1823 1862 D
1841 1838 1862 1863 E
1878 1839 1917 1863 M.

178 1873 304 1919 quod,
331 1885 371 1912 ut
393 1875 551 1914 vidimus
567 1904 577 1919 ,
603 1875 715 1914 servat
736 1875 935 1913 Mediceus.
964 1875 1121 1913 Coit‘rfi.
1207 1873 1211 1935 ff
1286 1885 1332 1913 10
1361 1876 1455 1926 Im]
1496 1877 1608 1915 Abest
1630 1878 1722 1915 haec
1745 1877 1878 1914 vocula
1902 1877 2019 1915 veteri
2044 1877 2199 1918 editioni
2224 1882 2264 1921 δε

232 1935 246 1960 1
278 1924 507 1976 syllogismi]
539 1925 768 1973 syllogismus
791 1925 838 1964 est
850 1923 1134 1965 instrumentum
1145 1928 1204 1995 adi
1231 1924 1303 1963 Pal.
1334 1927 1448 1964 Gau
1465 1941 1488 1965 ϊ
1504 1940 1574 1966 ER.
1615 1928 1727 1966 Abest
1752 1937 1792 1964 ea
1816 1928 1988 1976 particula
2012 1929 2122 1966 etiam
2163 1929 2264 1968 Bon-

178 1974 480 2014 manifestandum
523 1976 655 2026 aliquid
695 1977 885 2014 obscurum
919 1976 1113 2015 manifestis
1150 1981 1202 2020 ὃς,
1228 1976 1315 2022 gars.
1339 1978 1494 2015 Helmst.
1519 1979 1682 2016 Arnzen.
1706 1980 1744 2016 &
1768 1977 1973 2015 Vossiano:
2003 1978 2106 2026 quod
2120 1979 2261 2019 saetam

179 2027 339 2071 cognitis.
391 2027 451 2065 De
485 2038 560 2078 quo
599 2029 637 2065 δε
658 2030 937 2076 enthymemate
967 2026 1047 2076 lege
1080 2028 1203 2080 latius}
1229 2024 1254 2080 fi
1277 2029 1498 2075 probamus,
1525 2029 1726 2078 legendum
1751 2030 1818 2066 erit
1831 2039 1916 2065 cum
1931 2028 2262 2069 Riccard.&Vos-

178 2070 328 2113 Fabium
361 2079 399 2116 &
431 2077 610 2126 Hermog.
654 2079 734 2116 Lib.
777 2077 844 2115 ΙΙΙ.
889 2077 1204 2118 Rhetoricorum.l
1229 2076 1352 2116 hano:
1381 2079 1504 2117 Schola
1529 2092 1572 2119 (9⁴
1595 2082 1818 2118 auditorium
1843 2080 1881 2117 ὅ(
1897 2079 1981 2125 βέῖα
1996 2080 2108 2127 cauffa
2131 2094 2184 2118 res
2206 2083 2262 2117 in-

178 2123 330 2164 CATAN.
1228 2129 1332 2167 ermis
1365 2158 1376 2175 ,
1414 2131 1560 2168 innoxia
1600 2130 1645 2178 est
1670 2159 1680 2175 ,
1709 2140 1804 2179 quae
1835 2129 1947 2168 lectio
1971 2131 2143 2178 Gryphio
2168 2132 2262 2170 adri-

224 2187 244 2212 2
273 2176 564 2228 Circumscripti.]
594 2177 737 2218 Breves.
763 2179 863 2217 Nam
886 2179 1054 2217 brevibus
1067 2181 1182 2219 intcr-
1227 2178 1292 2223 fit;
1322 2190 1385 2219 aut
1408 2194 1492 2219 cum
1520 2182 1721 2220 Lindenbr.
1748 2181 1877 2217 Oxon.
1903 2183 1941 2218 δε
1963 2181 2132 2227 Bongars.
2161 2185 2264 2218 Scho-

174 2229 377 2274 pretabatur
406 2229 519 2267 isaeus
542 2256 552 2273 ,
601 2230 640 2266 &
668 2230 880 2268 universum
924 2240 1203 2278 argumentum¹
1227 2228 1263 2265 la
1289 2242 1332 2271 ω·
1352 2232 1571 2270 auditorium
1587 2231 1675 2278 ficta
1701 2230 1842 2279 caussa,
1871 2244 1923 2268 res
1953 2231 2093 2268 inermis
2121 2258 2131 2274 ‚
2159 2231 2262 2268 inno-

172 2280 293 2324 paucis
313 2278 509 2328 colligebat.
537 2277 780 2327 Philostratus.
1229 2281 1291 2317 xia
1310 2283 1364 2329 est.
1419 2282 1614 2319 Mediceus
1637 2290 1762 2318 tamen
1788 2280 1955 2327 vulgatae
1989 2282 2260 2328 patrocinatur,

222 2340 241 2377 3
272 2329 394 2379 stila]
427 2330 679 2370 Meditatione.
709 2332 864 2368 CATAN.
1229 2341 1351 2379 neque
1399 2344 1440 2369 ea
1479 2331 1687 2368 commodo
1742 2330 1840 2368 seni'u
1880 2329 2090 2368 destituitur.
2145 2332 2259 2380 Supra

220 2392 241 2424 4
274 2380 532 2430 1ncredibicis.]
584 2381 818 2419 Admiranda.
871 2380 1051 2430 Exempla
1088 2392 1187 2420 rarae
1230 2380 1333 2417 Vols.
1369 2384 1407 2419 ὅ(
1441 2383 1661 2429 Gryphius:
1701 2381 1867 2429 quamvis
1895 2380 2072 2423 nolente53
2102 2381 2258 2419 Helmst.

169 2433 374 2470 memoriae
396 2432 528 2470 Plinius
552 2431 631 2469 Lib.
655 2431 741 2468 Vll.
767 2433 805 2469 &
840 2431 981 2469 Solinus
1013 2400 1205 2468 i·eferunt.l
1232 2430 1270 2466 ἂ
1294 2431 1491 2468 Lindenbr.
1518 2431 1686 2479 quamvis
1710 2430 1895 2475 nolumus,
1923 2431 2026 2480 quod
2039 2430 2165 2468 falsum
2178 2444 2257 2470 non

171 2478 306 2518 Seneca
329 2483 435 2521 tradit
456 2483 490 2520 sc
511 2484 549 2520 in
567 2482 635 2518 hac
658 2480 813 2519 floruisse
828 2511 838 2526 ‚
865 2489 905 2518 ut
930 2493 1007 2518 non
1040 2489 1183 2518 tantum
1231 2478 1301 2517 effe
1316 2509 1326 2525 ,
1355 2481 1560 2519 observatio
1595 2481 1712 2518 nostra
1748 2481 1903 2519 declarat
1936 2481 1982 2518 ad
2005 2482 2149 2520 Lucani
2171 2483 2255 2522 Lib.

172 2529 216 2568 ad
237 2531 339 2569 usum
362 2533 559 2577 sufficeret,
586 2532 646 2570 sed
668 2533 704 2570 in
724 2533 930 2571 mirandum
955 2532 1065 2581 usque
1101 2543 1185 2580 pro-
1233 2530 1280 2567 11.
1306 2543 1356 2569 vs.
1381 2533 1465 2581 658.

173 2581 335 2620 cederet:
365 2594 459 2633 quae
482 2583 561 2620 sanc
584 2583 768 2620 thesaurus
791 2582 839 2620 cst
853 2594 970 2620 rerum
987 2585 1157 2621 omnium
1172 2612 1183 2628 ,

174 2632 211 2669 &
231 2633 294 2671 nisi
319 2634 434 2672 custos
456 2635 610 2672 inventis
632 2634 867 2682 cogitatisque
892 2634 1005 2671 verbis
1030 2634 1183 2671 &rebus
1277 2653 1340 2662 —
1391 2652 1462 2663 —-
1513 2652 1583 2664 —-
1638 2635 1804 2684 quamvis
1827 2631 2030 2682 possederat
2051 2646 2191 2672 omnem

175 2681 376 2723 adhibeatur
391 2714 401 2730 ‚
428 2684 659 2731 intelligimus
682 2685 790 2721 etiam
815 2681 839 2720 fi
865 2684 1012 2722 fuerunt
1026 2685 1182 2732 praecla-
1280 2683 1440 2721 Italiam.

177 2731 301 2771 nffima
321 2737 357 2773 in
380 2744 523 2774 oratore
545 2737 712 2784 peritura.
752 2735 853 2772 H2nc
877 2735 932 2771 M.
957 2735 1006 2772 T.
1037 2734 1182 2773 definit:

179 2782 347 2822 Memoria
370 2787 413 2831 est
435 2788 549 2824 animi
570 2786 676 2830 firma
700 2798 818 2824 rerum
838 2798 881 2826 (J
904 2785 1092 2823 verborttm
1117 2785 1180 2836 dis-

1226 2785 1298 2821 Pro
1331 2786 1481 2824 terimur
1513 2787 1663 2836 peffime
1695 2786 1862 2824 nonnulli
1894 2785 2040 2823 terimus
2072 2795 2228 2824 aetatem
2239 2787 2253 2833 ζ

1202 2821 1204 2830 >

175 2829 342 2878 positionis
354 2839 525 2886 perceptio.
555 2837 670 2875 lnam.
1201 2835 1203 2869 l
1228 2847 1313 2872 cum
1338 2837 1491 2874 alterum
1514 2849 1630 2886 acque
1655 2838 1838 2885 probum,
1869 2838 1907 2875 ὅ(
1931 2835 2066 2873 Nostro
2086 2838 2249 2875 maxime

231 2893 248 2926 ς
278 2887 399 2933 Repetit
430 2887 576 2936 altius.]
628 2889 765 2926 Seneca
799 2886 874 2924 duo
909 2888 1019 2924 millia
1059 2888 1184 2925 nomi-
1204 2924 1206 2931 .
1229 2887 1403 2924 familiare
1427 2887 1478 2925 sit.
1532 2887 1629 2925 Vide
1655 2887 1746 2925 infra
1772 2888 1853 2925 Lib.
1877 2887 1964 2923 VII.
1989 2887 2096 2936 Epist.
2121 2887 2188 2924 ΙΙΙ.
2213 2900 2249 2927 n.

182 2940 269 2966 num
303 2936 440 2974 recitata
473 2949 549 2986 quo
581 2939 708 2976 ordine
742 2947 842 2975 crant
866 2937 960 2976 dieta
984 2937 1206 2982 referebam*
1231 2949 1263 2987 3.
1294 2937 1331 2974 T
1336 2949 1434 2976 erere
1465 2941 1504 2977 in
1539 2937 1605 2974 hac
1636 2936 1744 2975 turba
1768 2966 1778 2982 ‚
1808 2950 1848 2975 ut
1874 2950 1906 2975 te
1928 2937 2078 2986 solitudo
2101 2938 2251 2978 delecta,

182 2982 221 3017 δ’(
244 2980 285 3016 ab
312 2982 348 3019 iis
371 2989 429 3034 qui
452 2989 496 3025 ad
527 2989 749 3026 audiendum
785 2998 1063 3038 praeceptorem
1096 3000 1187 3024 con·
1206 3002 1208 3006 ·
1231 2989 1293 3025 ubi
1318 2989 1485 3027 nonnihil
1508 2990 1680 3028 dicemus.
1710 2990 1865 3026 Cotini.

183 3039 354 3067 venerant
367 3061 377 3077 ,
403 3034 552 3084 singulos
575 3039 693 3076 versus
713 3038 758 3076 ad
775 3040 930 3088 lingulos
951 3039 1053 3077 datos
1069 3067 1078 3083 ,
1103 3050 1187 3076 cum
1207 3071 1209 3101 l
1287 3052 1323 3076 11
1358 3039 1542 3088 inermia]
1573 3040 1745 3088 Intelligit
1758 3054 1808 3078 res
1815 3039 2033 3090 scholasticas
2050 3068 2059 3084 ,
2072 3042 2107 3078 in
2123 3041 2252 3089 quibus

181 3082 296 3137 pluscs
319 3093 426 3138 quam
449 3086 589 3126 duscnti
611 3088 860 3133 efficerentur,
887 3091 930 3127 ab
966 3091 1100 3127 ultimo
1134 3091 1187 3128 in·
1207 3111 1212 3164 ι
1234 3089 1427 3131 scholastici
1459 3092 1633 3132 omnium
1672 3089 1871 3132 fincern'mi
1917 3091 2100 3134 versantur
2126 3119 2136 3136 ,
2164 3100 2251 3138 qua-⁰>

184 3140 319 3181 ΕΙΡΝΠδ
344 3138 454 3181 tuque
475 3136 520 3174 ad
542 3140 703 3191 primum
723 3140 901 3180 recitabat.
927 3140 982 3180 11>
998 3153 1019 3180 ε
1033 3154 1073 3180 M.
2199 3138 2249 3182 se·-
