2616 3686
256 177 288 227 6
294 186 356 238 332

500 173 560 225 C.
627 174 1014 234 PLINII
1083 171 2179 228 CAE-C1L118·E-C·UND1

223 255 404 313 4Nam
425 253 579 329 quod
606 254 674 311 de
697 257 913 310 vivente
942 253 1199 326 scriptum
1221 291 1237 317 ‚
1278 258 1293 283 ¹
1318 252 1387 308 de
1409 256 1626 308 vivente
1650 255 1938 310 recitatum
1963 255 2038 310 est
2062 295 2079 321 ,
2121 259 2174 313 in
2204 257 2400 314 defun-²

267 330 415 386 ctum
437 347 657 403 quoque
680 370 695 393 ‚
749 345 1007 402 tanquam
1026 330 1296 385 viventem
1332 328 1508 383 adhuc
1533 369 1551 394 ‚
1604 328 1783 383 editur
1809 368 1825 393 ‚
1872 333 1890 358 ²
1927 328 1964 383 fi
1997 331 2173 389 editur
2209 333 2399 391 statim.

223 405 435 478 5Igitur
459 447 473 467 ‚
526 405 558 459 1'1
591 405 723 478 quid
747 405 889 460 aliud
916 406 969 458 in
1004 403 1245 459 manibus
1273 442 1287 467 ,
1335 405 1551 458 interim
1593 403 1787 459 differ:
1844 403 1948 458 hoc
1970 406 2167 476 perfice
2192 446 2208 472 ,
2245 409 2400 482 quod

268 481 455 543 nobi3‚
495 483 589 551 qui
617 481 839 552 legimus
863 480 1022 543 oiim,
1063 478 1364 533 absolutum
1388 479 1628 535 videtur:
1669 478 1887 549 t'edjam
1918 481 2158 537 videatur
2187 484 2238 538 δι
2271 485 2397 548 tibi,

273 554 424 626 cujus
449 554 852 610 cunfiancmem
878 571 980 609 nec
1004 571 1086 608 res
1111 553 1218 625 ipsa
1244 552 1505 610 desideret
1533 593 1550 619 ,
1607 555 1661 610 δι
1698 561 1715 589 ³
1750 556 2008 627 temporis
2030 559 2167 613 ratio
2194 559 2401 632 praeci-

276 630 373 685 dit.
417 628 558 686 Vale.

549 775 623 832 ΙΙ.
699 776 767 832 C.
842 778 1285 834 PL1N1us

1362 774 1744 833 Snss1No
1819 781 2000 838 'Suo
2079 783 2130 838 S.

268 925 453 981 Sabino
486 925 738 999 respondet
766 945 860 980 non
879 927 1005 1001 poffe
1025 926 1287 998 rescribere
1305 926 1475 1001 plures
1495 936 1590 980 aut
1609 925 1780 999 longas
1802 929 2017 1001 epistelas
2042 969 2059 994 ,
2108 948 2221 985 cum
2243 946 2400 989 mate-

341 1005 421 1054 rz'a
450 1002 791 1075 nonsitppetczt
807 1026 822 1057 :
868 1021 1021 1077 neque
1031 1004 1094 1076 se
1119 1003 1248 1057 velle
1249 1002 1477 1075 scrib-ere
1507 1019 1585 1058 res
1604 1005 1776 1056 inanes
1798 1007 1918 1062 viro
1932 1009 2104 1077 gravi
2121 1041 2135 1062 ‚
2178 1008 2241 1068 ὠ
2265 1027 2401 1065 αντα

324 1076 466 1149 firm
486 1089 732 1151 occupato,

265 1231 365 1365 F
393 1228 513 1282 Acis
545 1226 787 1298 jucunde
809 1270 823 1290 ‚
865 1233 884 1264 ⁴
907 1227 1059 1302 quod
1084 1244 1195 1284 non
1224 1228 1396 1285 solum
1423 1229 1672 1301 plurimas
1700 1228 1947 1299 epistolas
1979 1247 2149 1295 meaS,
2205 1249 2398 1291 verum

381 1303 542 1357 etiam
579 1302 904 1375 longiffimas
954 1302 1161 1376 flagitas
1190 1346 1206 1373 ,
1259 1306 1315 1359 in
1352 1305 1547 1379 quibus
1600 1305 1816 1376 parcior
1862 1305 1982 1370 fui,
2036 1308 2229 1379 partim
2274 1313 2399 1380 quia

316 1511 350 1538 ς.
376 1503 431 1537 De
447 1499 590 1537 vivente
609 1499 792 1540 recitatum
813 1501 895 1549 est.]
923 1501 1028 1540 Haec
1048 1502 1189 1551 ignorat
1212 1502 1296 1540 Me-

263 1550 410 1595 diceus,
439 1549 540 1587 Vofi.
562 1551 674 1588 Arnz.
704 1554 741 1589 &
766 1552 832 1590 Ed.
856 1553 941 1590 Vet.
964 1554 1001 1591 in
1023 1553 1149 1602 quibus
1172 1553 1290 1598 nude:

264 1607 365 1638 Nam
384 1601 475 1651 quod
495 1602 537 1639 de
556 1602 697 1639 vivente
719 1604 885 1653 scriplum
917 1602 960 1650 est
982 1633 991 1647 ‚
1023 1604 1059 1642 in
1093 1604 1294 1648 defunfftum

265 1665 392 1703 quoque
411 1661 467 1690 cet
508 1653 659 1690 Tamen
678 1653 777 1702 supra
800 1666 834 1692 n.
847 1667 880 1692 2.
906 1656 1074 1705 quamvis
1092 1656 1181 1692 enim
1199 1656 1295 1704 lege·

262 1705 310 1742 ris
331 1702 474 1748 multis,
502 1702 718 1753 legendosque
736 1705 880 1743 dederis.

315 1776 350 1801 2.
379 1764 412 1801 Si
431 1764 546 1801 editur
559 1764 691 1813 staura.
720 1764 866 1814 Igitur.]
898 1765 1003 1802 Haec
1024 1764 1133 1802 etiam
1153 1764 1296 1803 turbant

261 1813 338 1852 libri
360 1822 513 1853 veteres.
550 1815 611 1852 Ab
631 1811 734 1852 Voss.
753 1814 908 1852 Helmst.
930 1816 1044 1853 Arnz.
1062 1816 1100 1851 &
1122 1815 1187 1852 Ed.
1210 1816 1298 1854 Vet.

262 1864 387 1903 absunt
410 1865 499 1903 haec
522 1893 532 1907 .
563 1863 599 1914 st
627 1866 753 1903 editur.
788 1865 999 1904 Particuiam
1021 1866 1150 1902 Statim
1170 1867 1296 1914 partim

261 1927 351 1955 cum
378 1915 611 1965 superioribus
634 1943 644 1959 ,
679 1916 805 1965 partim
839 1927 924 1953 curn
957 1916 1187 1966 sequentibus
1207 1929 1296 1954 con-

257 1968 429 2017 Jungunt.
483 1967 564 2015 Ego
586 1975 712 2004 tamen
732 1967 769 2002 &
789 1966 985 2005 ledi-ionem
1006 1996 1018 2013 ,
1046 1968 1084 2004 δέ
1105 1967 1298 2006 distinetio-

263 2030 353 2056 nem
377 2018 555 2066 vulgatam
582 2028 704 2055 veram
726 2015 822 2062 effs,
851 2018 1025 2056 existimo.
1059 2017 1154 2056 Infra
1175 2020 1296 2067 vulga-

262 2077 341 2107 tae:
362 2067 398 2116 [ἰ
413 2069 497 2117 quid
513 2069 613 2106 aliud
638 2069 676 2106 in
693 2068 854 2105 manibus
868 2096 877 2112 ‚
907 2069 1010 2108 differ
1033 2082 1041 2106 :
1070 2069 1213 2108 interim
1236 2070 1296 2106 hoc

259 2118 388 2168 perfice.
416 2119 521 2157 MSS.
539 2121 754 2157 recentiores
773 2132 781 2155 z
810 2118 907 2167 diffir
927 2148 937 2165 ,
967 2120 1164 2161 &.interim
1185 2121 1246 2157 hoc
1265 2129 1297 2170 p.

263 2170 338 2209 Sed
360 2170 584 2208 Veterrimus
598 2198 608 2215 ,
627 2170 655 2217 [ι
678 2169 761 2220 quid
782 2168 881 2207 aliud
900 2171 937 2208 in
966 2169 1126 2208 manibus
1154 2172 1296 2209 interim

265 2219 459 2270 differebar
474 2221 599 2268 perfice.
625 2220 672 2258 illi
689 2221 883 2269 paruimus.
909 2222 1063 2259 Sicinfra
1076 2221 1293 2269 Epist.X111.

262 2284 301 2310 n.
318 2285 374 2310 10.
403 2271 528 2320 Refido.
549 2280 703 2320 aguntur
720 2272 793 2307 alia
814 2272 971 2310 interim.
1001 2277 1062 2309 Me
1087 2271 1229 2322 quidam
1251 2286 1294 2310 ex

263 2322 509 2373 consularibus.
535 2322 591 2360 Sic
612 2333 743 2360 omnes
763 2321 866 2359 MSS.
894 2323 960 2360 :xlii
980 2330 1105 2360 tamen
1120 2334 1295 2372 :agimtur

262 2374 348 2412 alia.
386 2374 525 2412 Interea
547 2387 600 2411 me
623 2374 777 2423 quidam.
809 2372 888 2411 Lib.
912 2372 960 2411 Π.
994 2372 1101 2422 Epist.
1127 2373 1173 2411 X.
1200 2387 1238 2413 n.
1258 2376 1294 2412 6.

263 2429 314 2462 Et
343 2425 384 2461 de
410 2425 554 2462 editione
581 2425 718 2475 quidem
748 2425 892 2462 interim
915 2452 926 2468 ,
964 2435 1003 2461 ut
1025 2424 1141 2462 voles.-
1168 2425 1296 2465 Recita

254 2475 384 2525 saltem
405 2503 415 2518 ‚
453 2489 515 2524 quo
535 2476 644 2525 magis
660 2475 764 2513 libeat
781 2474 943 2513 emittere.
981 2476 1086 2524 Epist.
1107 2475 1173 2513 Xi.
1200 2488 1236 2515 n.
1259 2489 1293 2526 ς.

264 2527 386 2563 Mario
401 2527 530 2575 jndices
558 2527 703 2564 interim
734 2525 857 2575 censuit
879 2526 1010 2564 dandos
1030 2542 1044 2562 s
1079 2527 1293 2566 evocandos

262 2588 404 2617 autem,
431 2576 574 2627 quibus,
601 2588 669 2615 cet.

316 2645 351 2684 3.
383 2636 509 2673 Mortis
527 2636 615 2673 ratio
640 2635 655 2686 ]
686 2637 746 2674 Ne
770 2635 918 2675 videaris
937 2646 1086 2676 mortuo
1107 2650 1184 2677 non
1206 2639 1294 2678 vivo

265 2686 431 2739 convicia
454 2686 574 2725 fecisse
595 2700 602 2724 :
644 2686 699 2725 alii
719 2688 841 2735 legunt
863 2690 1018 2737 temporis
1040 2690 1129 2727 rasio
1155 2718 1165 2734 ‚
1192 2690 1294 2739 quod

265 2746 303 2770 in
335 2735 525 2776 Pontificio
555 2737 678 2776 codice
706 2737 874 2787 scriptum
901 2741 1063 2778 invenies
1109 2740 1294 2780 CATAN.

265 2788 483 2837 Praecedit.]
516 2789 599 2826 ln=o
614 2790 780 2837 praecidit
802 2817 812 2833 ‚
849 2798 888 2827 ut
911 2790 958 2828 est
977 2792 1012 2829 in
1030 2790 1122 2829 Edd.
1141 2792 1299 2832 vetustis.

259 2837 458 2890 Praeciclere
492 2842 718 2877 conterrerem
743 2868 753 2885 ,
788 2848 827 2878 ut
855 2850 1036 2891 amputare
1067 2855 1179 2880 moras
1197 2843 1293 2892 apud

261 2882 440 2940 Justmum
465 2888 543 2942 idib.
564 2891 701 2927 XXix'.
732 2891 802 2927 GR
819 2905 841 2928 o
858 2905 881 2929 N
897 2905 966 2930 ov.
1000 2892 1113 2931 Recte
1145 2894 1294 2933 Grono-

263 2945 345 2972 vius
360 2938 522 2984 praecutit
546 2940 582 2975 δε
607 2941 827 2979 confirmant
846 2944 1081 2981 membranae
1103 2944 1295 2984 Mediceae

263 2985 393 3074 ἷῖεἰῐειὶυὶε
427 2986 535 3026 MSS.
567 2989 764 3030 Terentius
792 2992 934 3042 Hecyr.
964 2994 1049 3035 Ast.
1069 2994 1135 3035 IV.
1173 2995 1228 3035 Sc.
1250 2996 1297 3036 11.

2283 1396 2400 1450 tUaS

1414 1497 1467 1535 Sic
1485 1498 1604 1547 optime
1623 1509 1735 1537 omne-s
1756 1496 1886 1536 caussas
1907 1499 2109 1549 praecidam
2128 1501 2297 1544 omnibus.

1365 1578 1461 1618 Vide
1481 1579 1526 1617 ad
1547 1580 1692 1620 Lucan.
1720 1581 1801 1620 Lib.
1820 1582 1887 1620 VI.
1910 1593 1962 1620 vs.
1982 1594 2065 1630 340.
2170 1567 2173 1570 ‚

1414 1662 1461 1695 Et
1479 1669 1659 1698 maturato
1677 1660 1846 1710 praecidit
1862 1659 1992 1711 vespere
2006 1661 2142 1700 lucem.

1364 1758 1435 1797 Sed
1456 1770 1522 1809 pro
1543 1760 1596 1799 his
1617 1774 1625 1799 :
1656 1772 1698 1801 (φ
1718 1764 1891 1812 temporis
1908 1764 1996 1802 ratio
2015 1790 2026 1808 ,
2061 1763 2098 1801 in
2115 1759 2328 1799 Vetetrimo
2345 1759 2398 1797 le·

1363 1811 1456 1858 gitur
1477 1824 1486 1848 :
1515 1823 1556 1850 <9⁸
1576 1813 1671 1850 horis
1688 1814 1791 1851 ratio.
1845 1814 1959 1852 Unde
1981 1814 2080 1851 forte
2099 1810 2214 1849 Aldus
2235 1809 2395 1848 effinxit:

1363 1862 1470 1899 etiam
1491 1861 1587 1900 horis
1608 1864 1696 1901 ratio
1715 1879 1727 1908 ;
1758 1864 1830 1904 Alii
1853 1878 1861 1903 :
1898 1876 1940 1904 ω’
1960 1865 2086 1902 mortis
2116 1862 2218 1899 ratio.
2252 1861 2398 1898 Verum

1365 1913 1470 1950 unice
1489 1913 1538 1949 est
1559 1927 1567 1950 :
1604 1925 1646 1953 (ν
1669 1916 1844 1963 temporis
1866 1915 1953 1953 ratio
1973 1944 1984 1961 ,
2021 1916 2066 1954 de
2093 1924 2165 1963 qua
2193 1922 2255 1961 per
2275 1918 2397 1948 totam

1364 1962 1557 2011 Epistolam
1587 1973 1718 2012 egerat.
1770 1967 1860 2004 Non
1897 1975 2018 2004 autem
2049 1962 2295 2003 omittendum
2325 1960 2400 2007 est³,

1364 2013 1501 2051 Aldum
1527 2013 1705 2063 vulgasse:
1736 2029 1776 2053 m
1797 2031 1848 2054 res
1864 2017 1934 2066 ipsa
1955 2017 2138 2068 desiderem
2167 2012 2397 2062 Gryphium:

1362 2077 1423 2102 ,nec
1455 2078 1506 2102 res
1533 2065 1605 2114 ipsa
1635 2065 1793 2113 desideret
1813 2095 1823 2112 ,
1874 2068 1931 2104 cui
1957 2067 2164 2116 suffragatur
2199 2064 2397 2102 Primanus.

1368 2116 1556 2164 Eleganter
1582 2115 1741 2166 desideret
1763 2145 1774 2161 ‚
1805 2119 1831 2155 h
1867 2129 1899 2155 e,
1927 2115 2069 2155 fortasse
2101 2128 2178 2156 non
2198 2114 2414 2159 defideret,‘

1367 2177 1443 2204 non
1466 2177 1623 2214 aequum
1648 2168 1697 2206 est
1710 2195 1719 2210 ,
1735 2176 1774 2204 ut
1792 2166 1976 2206 defideret.
2010 2168 2102 2206 Infra
2113 2165 2298 2217 EpistJu.
2314 2175 2394 2203 n.1.

1368 2221 1426 2253 Ac
1456 2216 1544 2255 m³hi
1566 2244 1577 2261 ,
1612 2219 1678 2268 m'fi
1700 2220 1894 2268 praemium
1917 2220 2134 2257 aeternitatis
2162 2228 2245 2256 ante
2264 2214 2392 2257 oculos,

1359 2267 1483 2317 pingue
1501 2267 1591 2305 illud
1616 2270 1795 2320 altumque
1805 2270 1910 2309 otium
1921 2270 2068 2319 placeat.
2094 2268 2262 2309 Tibullus
2278 2261 2392 2305 Liba.

1366 2318 1466 2368 Eleg.
1489 2315 1561 2358 IV.
1587 2331 1637 2360 vs.
1658 2331 1718 2370 3¹·

1421 2442 1576 2454 —---
1594 2423 1730 2472 serpens
1757 2436 1867 2462 novus
1894 2431 2002 2463 exuat
2029 2434 2150 2464 annes.

1369 2500 1441 2539 Adi
1464 2501 1508 2540 ad
1537 2501 1678 2541 Lucan.
1704 2502 1785 2542 Lib.
1810 2503 1878 2542 111.
1905 2514 1959 2542 vs,
1981 2503 2062 2550 146.

1466 2591 1559 2639 cujus
1587 2589 1806 2640 [libertatis]
1833 2590 2022 2630 servaveris
2038 2587 2221 2629 umbrann

1419 2641 1457 2679 Si
1482 2641 1654 2691 quidquid
1675 2640 1820 2688 jubeam
1847 2640 1943 2679 velis.

1371 2740 1530 2790 Imperiti
1551 2749 1757 2785 mutarunt,
1783 2753 1830 2778 ne
1851 2736 1976 2777 diverfi
1999 2736 2106 2775 Modi
2124 2735 2391 2791 coniungerem

1370 2799 1446 2830 tur:
1475 2804 1568 2842 quos
1589 2794 1661 2841 jam
1679 2791 1913 2830 refutavimus
1931 2787 1974 2825 ad
2005 2788 2080 2826 Lib.
2093 2786 2150 2840 V.»
2166 2786 2272 2834 Epist.
2286 2788 2391 2826 Vill.

1370 2855 1407 2880 n.
1427 2856 1458 2882 1.
1495 2857 1561 2880 non
1592 2843 1675 2891 quia
1702 2840 1867 2879 commode
1887 2840 2069 2884 fafflurum-
2099 2837 2154 2885 effe
2172 2837 2353 2876 confidam
2376 2867 2389 2884 ,

1363 2894 1426 2943 sed
1446 2895 1530 2944 quia
1552 2893 1640 2931 mihi
1651 2891 1834 2941 pulchrum
1850 2889 2001 2937 inprimis
2033 2888 2180 2927 videtur.
2207 2888 2273 2925 Co
2289 2903 2341 2926 ur
2357 2902 2393 2928 E.

1421 2956 1455 2989 4.
1484 2944 1589 2992 Qod
1605 2955 1672 2979 non
1689 2940 1794 2988 folum
1813 2939 1979 2988 plurimas
1999 2939 2084 2988 episi.
2102 2951 2199 2977 meas
2214 2967 2223 2983 ,
2236 2941 2389 2989 verum]

1371 2994 1585 3031 Mediceus:
1613 2991 1702 3041 quod
1723 3003 1788 3027 non
1801 2989 1915 3038 filum
1933 2989 2080 3039 epistolas
2103 3017 2115 3037 ‚
2142 3004 2264 3029 verum
2285 2991 2392 3029 etiam

1369 3044 1571 3094 longiffimas
1583 3041 1736 3091 flagitas.
1761 3051 1839 3079 non
1860 3040 1964 3080 male.

2233 3104 2266 3131 1.
2294 3093 2395 3142 §luae
