2616 3686
270 295 304 347 4

276 511 309 565 5

278 723 311 768 6

333 203 429 267 2408
586 181 2287 245 GPLINIICAEcihllstzCUNDI

335 279 411 335 sui
450 276 657 332 debeat.
733 268 841 324 Sed
882 266 1033 321 multi
1077 279 1219 320 nunc
1256 261 1269 284 ¹
1310 265 1363 315 in
1409 260 1642 324 Senatu,
1679 259 1871 329 quibus
1901 264 2115 332 ignotus
2137 260 2254 321 ille,
2291 261 2478 324 mulffi
2540 318 2546 321 Α

339 359 357 379 ⁸
395 354 588 424 quibus
623 360 781 401 notus
808 381 824 406 ‚
878 339 965 394 sed
1004 355 1115 393 non
1159 334 1257 392 nisi
1299 338 1540 388 viventes
1577 347 1933 388 reverentur:
1985 329 2095 404 qub
2131 333 2295 403 magis
2323 332 2476 398 huic,

345 423 528 480 omiss'a
577 419 746 492 gloria
806 413 989 486 patriS,
1029 413 1083 465 in
1133 426 1236 478 qua
1289 423 1540 478 magnum
1593 406 2189 474 ornamentum,gratia
2241 404 2480 470 infirma,

349 498 364 524 ³
412 496 504 567 ipsi
567 487 918 548 enitendum,
984 484 1073 553 ipsi
1135 481 1479 535 laborandum
1543 478 1633 533 est.
1708 476 1877 550 Quod
1941 477 2167 548 quidem
2231 476 2483 546 semper,

352 569 495 642 quasi
556 563 866 637 provideret
920 557 1023 609 hoc
1085 568 1336 621 tempuS,
1412 550 1599 606 sedulo
1650 550 1821 614 fecit,
1879 549 1896 573 ⁴
1973 551 2175 618 paravit
2246 551 2480 615 amicos3

353 658 489 715 (1003
515 645 788 711 paraverat
816 669 832 692 ν
871 627 1037 681 comit
1066 643 1078 678 ἲ
1119 625 1131 650 ⁵
1165 641 1251 677 me
1279 639 1460 686 certe,
1498 638 1555 677 ut
1582 626 1815 696 primum
1846 622 1934 676 fibi
1956 622 2199 692 judicare
2225 623 2492 692 permisit,

355 714 423 769 ad
463 724 707 772 amorem
744 701 1215 766 imitationemque
1256 695 1472 767 delegit.
1509 697 1532 730 ⁶
1567 697 1786 752 Dicenti
1812 696 1943 752 mihi
1971 695 2224 750 sollicitus
2255 693 2490 822 adfligit,

2299 785 2327 822 a
2372 784 2390 823 i
2435 781 2492 823 et

351 919 512 972 agnoscit
549 915 743 956 Mediceus
767 941 779 958 ‚
818 913 857 952 δε
889 910 936 949 de
969 922 1016 949 eo
1047 910 1149 960 plura
1175 907 1318 957 Lipsius
1335 904 1381 944 ad
1451 905 1613 954 judicare
1636 933 1648 951 ‚
1684 906 1724 945 id
1755 907 1804 945 est
1828 935 1839 952 ,
1875 907 2047 956 profesto
2071 907 2180 955 elegit
2194 913 2242 943 ut
2267 917 2329 944 me
2350 913 2491 946 amaret

352 972 466 1013 Aust,
490 970 636 1016 Dialog.
660 967 705 1004 de
732 965 837 1002 Orat.
858 973 935 1011 cap.
961 962 1045 999 XV.
1071 962 1190 997 Oxon
1228 957 1381 996 Helmst.
1461 959 1499 994 &
1532 958 1733 994 imitaretur
1757 984 1768 1001 ‚
1813 961 2090 1007 quamprimum
2120 956 2300 1006 judicium
2336 956 2422 995 fecit
2445 958 2492 996 de

353 1024 468 1062 Arnz.
492 1023 531 1060 &
553 1019 622 1058 Ed.
642 1018 729 1055 Vet.
752 1014 835 1053 ista:
863 1013 1148 1061 Qinelilianusn
1176 1021 1219 1049 ey
1246 1017 1386 1047 Niceten
1463 1019 1533 1045 me.
1563 1008 1631 1044 CA
1646 1021 1668 1045 τ
1684 1019 1755 1044 AN.
1783 1008 1964 1046 MendOsa
1982 1010 2102 1045 verba.
2142 1008 2272 1054 Lego:
2302 1021 2356 1044 me
2378 1020 2491 1055 certe,

354 1073 576 1111 Sacerdotem
625 1066 834 1104 ventitabat
868 1064 1108 1111 neglexerunt
1130 1090 1139 1105 ‚
1176 1061 1387 1108 habentque
1461 1069 1503 1095 ut
1526 1058 1679 1104 primum
1699 1059 1880 1095 vindicari
1901 1056 2077 1105 permifit‚
2104 1058 2296 1105 i.adiungi.
2326 1059 2424 1096 Nam
2439 1061 2495 1097 iu-

353 1124 470 1164 iidem
511 1122 589 1160 libri
611 1115 873 1168 frequentabat
898 1142 909 1160 ,
946 1113 1045 1152 unde
1079 1112 1141 1150 iste
1175 1122 1276 1150 error
1302 1123 1389 1160 pro·
1467 1109 1604 1148 dicium
1629 1111 1730 1147 venit
1742 1108 1820 1159 post
1832 1107 2124 1146 adolescentiam.
2152 1107 2249 1144 Infra
2265 1108 2515 1155 Epist.VIIL·-·

356 1174 471 1213 fluxit,
1467 1171 1502 1197 n.
1524 1173 1556 1197 2.
1593 1160 1747 1199 Bima.
1788 1159 1887 1198 Nihil
1909 1160 1982 1207 agit
2002 1158 2167 1196 Barthius
2189 1185 2200 1202 ,
2228 1157 2316 1195 dum
2339 1161 2496 1199 verbum

411 1238 427 1263 1
461 1229 500 1262 ln
526 1219 708 1273 sinatus]
748 1218 850 1256 Nam
883 1215 1212 1254 commendatione
1238 1214 1389 1252 Senatus
1464 1211 1619 1249 iudicare
1653 1211 1828 1249 exturbat.
1881 1211 1980 1249 Nam
2019 1209 2123 1258 quod
2144 1209 2181 1245 in
2203 1207 2265 1246 illo
2295 1209 2495 1250 animosius

354 1274 544 1315 interdum
569 1271 750 1310 candidati
773 1267 1083 1318 praeferebantur.
1111 1267 1160 1314 Q.
1186 1265 1320 1302 Cicero
1343 1264 1389 1302 ad
1461 1262 1572 1308 latet,
1600 1264 1762 1301 mohitur
1784 1261 1910 1300 addito
1927 1258 2092 1310 pertnifit.
2130 1259 2260 1297 Similis
2283 1258 2333 1297 est
2353 1260 2499 1300 senten-

358 1327 415 1365 M.
440 1325 602 1363 Fratrem
623 1333 692 1373 pro
717 1321 897 1370 petitione
911 1317 1129 1355 Consulatus
1141 1324 1271 1353 monet
1283 1327 1388 1353 com·
1463 1315 1536 1358 tia,
1565 1324 1679 1362 quam
1702 1313 1853 1363 protulit
1877 1312 1957 1350 Lib.
1981 1311 2050 1349 Ill.
2073 1309 2183 1360 Epist.
2218 1308 2284 1348 XI.
2305 1321 2342 1348 n.
2364 1322 2423 1361 23.
2446 1312 2494 1352 de

385 1376 539 1415 arandos
558 1404 567 1418 ‚
597 1376 636 1413 &
665 1369 939 1410 confirmandos
970 1366 1191 1416 magistratus
1224 1378 1269 1404 ex
1303 1367 1391 1405 civi·
1466 1375 1538 1415 qua
1562 1364 1711 1403 inferius
1731 1365 1843 1414 plura.

357 1391 427 1466 ξας
448 1457 457 1473 ,
495 1427 659 1464 maxime
693 1421 867 1460 Consules
892 1449 903 1465 ‚
927 1419 1059 1457 deinde
1083 1418 1273 1455 Tribunos
1298 1418 1389 1467 pleb.
1516 1415 1539 1451 6
1567 1415 1706 1453 Dicenti
1735 1413 1870 1464 mihi.]
1911 1414 2047 1462 Agenti
2081 1414 2117 1451 in
2147 1412 2231 1451 foro
2253 1412 2393 1451 causas:
2421 1413 2497 1454 hoc

359 1479 406 1517 ad
439 1473 712 1515 conficiendum
749 1473 938 1509 centurias.
976 1468 1220 1507 Admonendi
1242 1468 1364 1507 sumus
1379 1498 1388 1513 ‚
1467 1468 1568 1505 enim
1587 1467 1662 1504 hoc
1681 1467 1769 1504 loco
1789 1466 1899 1503 dicere
1922 1465 1992 1503 est:
2020 1464 2185 1502 recitanti
2209 1492 2220 1508 ,
2254 1465 2289 1501 in
2311 1464 2496 1504 auditorio

359 1529 525 1574 suffragia
546 1525 684 1574 judicio
708 1524 859 1562 Senatus
884 1518 1077 1559 commissa
1099 1519 1322 1569 aTrajano,
1351 1522 1389 1558 δε
1470 1516 1699 1556 declamanti.
1726 1517 1774 1554 Et
1796 1525 1884 1554 nota
1906 1515 2060 1563 ibiaffisti
2075 1543 2086 1559 ,
2114 1515 2172 1552 hic
2183 1514 2326 1562 affidari.
2354 1515 2396 1553 In
2410 1515 2495 1554 foro

361 1579 504 1632 populo
536 1576 709 1625 adempta
731 1601 741 1620 ‚
788 1572 891 1624 quod
922 1580 1046 1623 aperte
1076 1578 1176 1609 taxat
1207 1570 1392 1619 Juvenalis
1471 1569 1570 1606 enim
1593 1567 1760 1605 sedebant
1778 1575 1922 1605 tantum
1940 1568 2080 1615 judiees
2105 1594 2115 1610 ,
2151 1566 2312 1605 dicentes
2331 1566 2494 1605 stabant:

367 1629 514 1681 dicens:
997 1636 1000 1640 ·
1466 1619 1589 1668 itaque
1608 1618 1656 1656 illi
1679 1621 1787 1658 etiam
1803 1647 1814 1663 ‚
1843 1619 1907 1667 qui
1928 1617 2106 1666 prosecuti
2126 1617 2220 1666 ipsos
2243 1629 2291 1654 eo
2311 1626 2412 1657 erant
2424 1617 2496 1655 ho-

1469 1672 1568 1709 noris
1600 1667 1712 1707 causa.
1763 1670 1806 1707 In
1841 1669 2040 1706 Auditorio
2073 1678 2164 1706 vero
2201 1679 2279 1705 non
2311 1668 2498 1707 auditores

413 1751 487 1766 .-
516 1740 617 1772 Nam
633 1732 771 1782 pridem
792 1744 835 1770 ex
859 1742 926 1780 quo
946 1725 1110 1773 suffragia
1134 1723 1226 1763 nulli
1473 1720 1592 1759 modo
1619 1731 1684 1769 per
1714 1720 1870 1759 subsellia
1893 1748 1904 1765 ,
1939 1718 1999 1758 sed
2022 1717 2086 1767 ipfi
2108 1717 2268 1756 dicentes
2291 1720 2329 1756 in
2350 1720 2438 1758 sellis
2457 1721 2499 1759 δί

416 1786 607 1823 Vendimus
623 1812 633 1829 ,
659 1783 777 1832 effugit
799 1795 903 1819 curas
918 1807 928 1822 ‚
955 1789 1040 1813 nam
1065 1776 1124 1824 qui
1147 1775 1261 1813 dabat
1282 1775 1367 1814 olim
1472 1770 1648 1810 cathedris
1681 1774 1793 1810 etiam
1826 1770 2064 1810 considebant
2086 1798 2096 1814 ‚
2125 1770 2163 1807 &
2184 1770 2224 1807 iis
2240 1771 2431 1817 proximi,
2459 1778 2501 1808 ut

417 1837 632 1886 Imperium,
651 1835 793 1884 fasces,
815 1831 980 1882 legiones.-
1013 1827 1159 1871 omnia,
1185 1838 1280 1863 nunc
1297 1828 1338 1876 se
1471 1824 1530 1861 hic
1550 1822 1652 1860 locus
1673 1822 1831 1867 indicat,
1860 1822 1970 1860 amici
2003 1823 2041 1859 &
2075 1819 2277 1858 familiares.
2330 1820 2453 1865 Vide,
2477 1819 2504 1858 si

418 1886 602 1925 Continet.
1475 1874 1600 1918 lubet,
1629 1873 1845 1912 Cresollium
1881 1873 1962 1910 Lib.
1995 1871 2062 1909 ΙΙΙ.
2104 1871 2259 1908 Theatri
2292 1871 2504 1909 Rlietorum

1477 1937 1555 1974 cap.
1579 1923 1685 1961 XIII.
1713 1925 1924 1963 Boe-mimi.
1953 1924 2150 1971 Optimus:
2176 1922 2315 1958 Dicenti
2339 1922 2506 1961 mihisol-

375 1988 533 2028 Cum,
1300 1982 1305 1986 “
1476 1976 1593 2014 licitus
1612 1974 1772 2024 adfistit,
1801 1987 1869 2025 pro
1891 1975 2041 2022 vulgato
2058 1971 2213 2022 sollicite.
2263 1971 2355 2010 iliud
2379 1973 2507 2022 proba-

420 2050 443 2075 2
469 2036 772 2088 Qibusnotus.]
797 2037 888 2075 Vox
900 2032 1077 2084 posterior
1091 2030 1188 2070 deest
1199 2030 1402 2076 MediceO,
1480 2028 1540 2071 vi,
1571 2028 1609 2065 &
1639 2025 1835 2065 adsentitur
1863 2026 1992 2063 Oxon.
2015 2034 2124 2074 atque
2149 2022 2261 2060 Arnz.
2303 2025 2439 2066 Seneca
2462 2023 2507 2063 de

370 2100 575 2139 perperam.
605 2087 704 2126 Infra
725 2087 833 2137 Epist.
855 2087 901 2124 X.
923 2098 959 2123 n.
986 2098 1016 2132 ς.
1046 2089 1136 2120 Tam
1156 2096 1243 2119 rara
1263 2084 1300 2121 in
1313 2082 1405 2119 ami-
1481 2077 1609 2116 Benef.
1642 2078 1723 2116 Lib.
1752 2077 1819 2115 Vl.
1853 2088 1932 2124 cap.
1967 2075 2073 2113 XVI.
2104 2080 2198 2111 Inter
2220 2073 2388 2113 sollicitos
2410 2074 2508 2124 adse-

372 2139 462 2177 titiis
479 2140 568 2187 fides
583 2167 593 2183 ,
624 2150 703 2175 tam
723 2147 855 2187 parata
880 2136 1009 2173 oblivio
1031 2145 1265 2171 mortuorum.
1299 2133 1405 2171 Plura
1480 2129 1578 2166 dit..
1595 2157 1602 2165 .
1622 2129 1773 2177 gemitus
1799 2141 1885 2164 meos
1906 2138 1982 2163 non
2005 2126 2146 2164 securus
2176 2126 2335 2163 audivit.
2374 2123 2506 2163 Sallust.

373 2192 412 2230 in
434 2202 522 2228 eum
541 2189 681 2228 sensum
712 2189 793 2226 Lib.
820 2187 886 2225 IX.
905 2185 1014 2234 Epist.
1037 2184 1100 2221 [Χ.
1123 2195 1159 2221 n.
1181 2197 1213 2221 1.
1483 2179 1561 2226 Iug.
1582 2190 1658 2227 cap.
1682 2177 1900 2216 XXXVlll.
1925 2178 2037 2225 princ.
2065 2182 2120 2212 At
2149 2175 2320 2221 Iugurtha
2336 2204 2346 2220 ,
2373 2175 2506 2225 cognita

426 2252 445 2290 3
479 2247 538 2289 lp}
570 2239 776 2277 enitendum
812 2240 851 2277 6<
884 2235 1121 2273 laborandum
1159 2232 1255 2283 est,]
1304 2232 1407 2272 Voss,
1482 2230 1711 2269 vanitate&
1731 2229 1906 2280 imperitia
1920 2228 2051 2277 legati,
2077 2225 2504 2275 subdolusaugereamm-

374 2291 506 2329 Helml
526 2318 534 2327 .
569 2291 608 2328 ὃς
639 2289 705 2327 Ed.
740 2290 827 2327 Vet.
860 2286 1116 2326 elaborandum
1146 2285 1201 2331 est.
1257 2284 1413 2323 Helmst.
1479 2283 1581 2317 tiam.
1611 2280 1658 2318 ibi
1681 2281 1822 2329 aliquot
1845 2279 1966 2317 Codd.
1984 2278 2137 2325 subdole.
2160 2277 2316 2315 alterum
2341 2288 2407 2316 nos
2427 2275 2500 2325 plu-

372 2350 560 2391 praeterea
593 2340 708 2378 Arnz.
742 2341 780 2377 ὃς
813 2338 882 2376 Ed.
921 2338 1005 2375 Ver.
1039 2336 1245 2374 enitendum
1269 2349 1311 2374 v*
1334 2349 1411 2373 non
1479 2331 1574 2368 ribus
1598 2330 1917 2369 confirmavimus.
1942 2331 2025 2369 Alia
2048 2329 2176 2369 damus
2197 2327 2243 2366 ad
2269 2329 2405 2367 Lucan.
2427 2323 2507 2365 Lib.

375 2392 558 2431 exhibent.
612 2390 730 2428 Facile
763 2392 886 2439 itaque
921 2395 1020 2436 patet
1046 2415 1056 2430 ,
1085 2387 1313 2424 scribendum
1341 2386 1412 2426 effe
1486 2382 1535 2420 V.
1557 2393 1606 2421 vs.
1634 2381 1717 2422 106.

377 2454 465 2480 curn
483 2443 663 2482 Primario
678 2439 764 2489 :ipsi
786 2440 1007 2482 enitendum,
1026 2435 1087 2485 ipsi
1103 2437 1342 2474 laborandum
1356 2436 1411 2484 est.

423 2506 447 2539 4
476 2494 633 2531 Paravit
664 2489 834 2540 amicos.]
864 2490 1016 2527 Faciunt
1043 2489 1114 2526 huc
1142 2489 1191 2536 Q.
1219 2488 1411 2526 Ciceronis

376 2544 488 2582 verba
509 2544 555 2582 ad
579 2545 634 2581 M.
655 2542 818 2580 Fratrem
838 2555 846 2578 :
876 2541 1084 2579 Amicorum
1102 2538 1224 2587 studia
1247 2538 1411 2586 beneficiis

375 2604 421 2633 ω’
443 2593 559 2642 officiis
581 2605 624 2633 (θ’
645 2592 820 2638 vetustate
842 2590 1077 2640 &facilitate
1092 2618 1101 2634 ,
1126 2590 1406 2639 acjucunditate

376 2656 515 2682 natura
546 2653 654 2694 parta
685 2644 742 2692 effe
762 2651 905 2691 oportet.
945 2641 1190 2679 Mamertinus
1213 2651 1280 2689 pro
1305 2641 1410 2678 Con-
1571 2677 1577 2683 ,
1815 2679 1821 2685 ,

375 2696 521 2734 sulatu:
560 2695 649 2744 Qis
680 2696 820 2741 ignorat
852 2704 929 2731 tum
965 2705 1095 2742 quoque
1116 2720 1127 2736 ,
1167 2703 1245 2728 cum
1267 2691 1409 2729 honores
1484 2676 1637 2714 Tamus
1671 2677 1738 2715 ῙῙῘ·
1770 2677 1908 2716 Hlstor·
1942 2687 2015 2722 cap·
2048 2666 2204 2709 XLVII·
2243 2670 2503 2712 Trapezuntem

376 2747 490 2795 popul!
512 2744 806 2795 Rom.suffragii5
829 2744 1128 2784 mandabantur,
1157 2742 1287 2779 multos
1302 2742 1408 2792 fuisse
1480 2727 1614 2766 suffitus
1645 2729 1783 2786 irrupit.
1822 2727 1951 2774 suspic·
1986 2714 2252 2781 &yerusspist2
2277 2714 2344 2770 1μὶ
2375 2713 2502 2783 *mnf*

378 2799 653 2835 candidatorum
676 2795 820 2832 labores.
861 2794 1054 2843 Ediscenda
1077 2793 1234 2830 omnium
1262 2795 1407 2830 nomina
1485 2789 1551 2816 tua
1575 2779 1732 2816 devotus
1754 2777 1905 2826 'mplebffl
1957 2772 2060 2811 Taha
2082 2775 2189 2806 emm
2212 2768 2430 2815 pmoenmus
2458 2763 2503 2803 ad

1528 2523 1600 2537 -—
1653 2524 1724 2536 —-
1776 2522 1847 2534 —-
1909 2502 2070 2553 iustisque
2092 2502 2264 2550 benignus

1529 2570 1628 2616 Saepe
1650 2565 1747 2603 dedit
1764 2564 1863 2614 sedes
1885 2575 1988 2601 notas
2014 2561 2235 2600 mutantibus
2256 2554 2363 2594 urbes.

381 2845 540 2883 tribuum
562 2875 573 2892 ,
607 2860 724 2884 omnes
756 2857 862 2896 atque
889 2846 1000 2884 etiam
1028 2842 1160 2892 fingult'
1188 2843 1403 2891 salutandi:
1488 2830 1631 2867 Lucani
1652 2829 1731 2866 Lib·
1755 2828 1800 2866 X·
1829 2837 1874 2864 VS·
1898 2835 1982 2874 373·

376 2897 594 2942 prensandae
605 2898 788 2934 obviorum
801 2910 931 2934 manus
946 2925 956 2941 ‚
975 2894 1133 2935 omnibus
1145 2895 1380 2932 arridendum
1396 2912 1407 2933 .-

382 2956 450 2978 nm
468 2945 581 2990 solum
605 2959 682 2981 cum
706 2947 860 2992 infimis,
880 2947 942 2993 sed
964 2948 1074 2984 etiam
1099 2958 1178 2988 cum
1200 2944 1327 2995 ignotis
1340 2947 1408 2993 fa·
1533 2964 1630 2996 Irtue
1654 2954 1866 2993 norsturnus-

383 2992 606 3030 miliaritatis
628 2997 739 3041 imago
759 2995 978 3042 simulanda.
1008 2997 1163 3033 CATAN.

437 3055 454 3090 5
488 3047 546 3078 Me
577 3044 710 3097 certe4]
753 3044 860 3080 Ordo
894 3045 941 3081 est
963 3074 972 3088 ‚
997 3057 1083 3081 certe
1113 3046 1236 3094 delegit
1270 3061 1323 3085 me
1355 3047 1406 3084 ad

386 3104 541 3132 amorem
563 3102 607 3133 O·
629 3092 863 3132 imttationem
888 3121 899 3138 ,
935 3104 976 3131 ut
994 3094 1148 3143 primum
1168 3097 1321 3147 permiste
1336 3096 1405 3147 fibi
1479 3092 1528 3131 ita
1550 3087 1648 3126 enim
1672 3095 1717 3125 ex
1740 3079 1961 3123 membranis
1985 3077 2223 3119 scribendum.
2253 3072 2406 3167 Con-rili.
2423 3131 2451 3163 P
2479 3125 2505 3135 ..

2453 3139 2502 3166 rt·
