2616 3686
255 196 354 252 640
502 186 2186 240 C.PLINIICAECILIISECUNDI

260 265 386 319 darn
423 281 605 335 graves
640 266 922 320 homines:
975 282 1113 338 quos
1155 282 1258 335 ego
1291 282 1416 320 cum
1452 265 1714 321 recordor
1751 268 1804 320 in
1846 285 1905 322 re
1942 271 2122 334 inani,
2157 270 2398 344 frigida,-

261 345 278 371 ¹
305 338 535 409 affidua,
576 355 686 395 tam
712 339 1075 396 insatiabiliter
1104 339 1373 404 desidere,
1414 343 1567 414 capio
1595 341 1822 410 aliquam
1849 344 2212 416 voluptatem,
2241 348 2398 420 quod

217 413 365 472 4hac
391 419 669 488 voluptate
692 421 711 446 ¹
735 433 845 471 non
870 419 1070 487 capior.
1150 418 1236 469 Ac
1261 433 1356 487 per
1379 415 1476 472 hos
1510 416 1621 470 dies
1647 415 1989 472 libentiffime
2015 421 2191 475 otium
2216 438 2400 479 meum

261 490 354 546 fin
375 491 565 547 litteris
589 491 834 557 εοΙΙοεο,
855 506 992 564 quos
1017 490 1102 543 alii
1125 489 1444 548 otiosissimis
1469 492 1920 564 occupationibus
1956 493 2205 566 perdunt.
2259 496 2401 554 Vale.

463 639 610 697 VII.
687 637 1271 696 G.P1,1N1us
1348 641 1796 698 RoMANo
1871 640 2053 697 Suo
2130 641 2183 698 S.

270 792 413 848 Ante
430 788 594 845 ocu-los
610 792 753 864 ponit
773 788 1003 842 Romano
1037 800 1134 861 per
1159 787 1404 861 epistolam
1443 791 1571 843 duas
1594 790 1751 844 villas
1773 830 1788 855 ,
1843 792 2148 864 quasjaxta
2177 791 2401 847 Larium

342 865 539 921 tenebat
563 889 579 918 .·
632 881 852 938 quarum
896 862 1116 916 alteram
1144 901 1162 927 ‚

1215 865 1347 936 quod
1381 865 1493 934 effet
1517 865 1701 917 hamtli
1720 865 1817 918 loco
1843 902 1859 928 ‚
1900 878 2053 919 vocat
2077 869 2368 922 comoediam
2382 891 2402 925 .-

339 941 586 1004 alteram,
635 938 770 1014 qaod
788 942 839 992 z‘n
859 936 974 992 colle
992 938 1153 1002 edito,
1193 942 1506 1012 tragoediam
1533 939 1764 1014 appellat.

440 1089 712 1146 Edificare
749 1102 804 1144 te
829 1087 1008 1143 scribis
1038 1130 1052 1149 ,
1094 1087 1232 1143 bene
1261 1087 1378 1142 est:
1431 1095 1451 1124 ⁴
1494 1090 1672 1145 inveni
1695 1090 2074 1160 patrocinium.
2149 1090 2403 1148 Aedifico

276 1094 421 1236 A
441 1168 585 1221 enirn
605 1168 713 1236 jam
743 1171 758 1202 ⁵
796 1165 1033 1227 ratione,
1072 1165 1196 1236 quia
1229 1176 1432 1218 tecum.
1508 1164 1653 1221 Nam
1674 1164 1781 1220 hoc
1805 1182 2028 1236 quoque
2051 1181 2162 1219 non
2188 1163 2407 1221 diffimi-

224 1243 363 1307 21e,

326 1506 358 1535 x.
386 1493 576 1547 Affidua.]
605 1493 703 1532 Nam
727 1503 790 1542 per
820 1493 954 1531 multos
976 1492 1048 1533 dies
1069 1491 1204 1532 fiebant
1226 1493 1306 1533 Cir-

272 1547 393 1585 censes
414 1561 422 1585 :
460 1559 504 1585 ex
536 1546 664 1595 quibus
684 1556 776 1582 unus
798 1553 873 1584 erat
891 1544 1017 1583 Cereri
1037 1545 1075 1582 ὃ(
1096 1545 1252 1591 Libero,
1279 1545 1306 1584 fi

271 1597 413 1636 Tacito
433 1596 625 1636 credimus.
652 1595 685 1632 C
697 1608 720 1633 Α
733 1608 756 1634 τ
769 1609 790 1633 Α
804 1608 842 1634 N.
868 1594 1033 1645 Adfidua
1045 1622 1056 1639 ,
1068 1595 1091 1632 i.
1108 1595 1304 1646 frequenti,

273 1660 370 1697 quae
402 1647 535 1697 saepius
569 1648 736 1685 occurrit.
796 1646 855 1683 Eo
897 1647 996 1685 enim
1042 1645 1158 1684 retulit
1187 1647 1307 1694 supra:

274 1699 383 1737 Nihil
406 1711 549 1736 novum
574 1727 586 1742 ,
615 1696 704 1735 nihil
725 1695 816 1746 qued
834 1709 902 1735 non
921 1697 1031 1735 semel
1048 1697 1198 1748 speflaffle
1209 1697 1308 1748 suffi-

274 1749 361 1790 ciat.
380 1751 488 1788 item:
518 1760 594 1787 tam
614 1747 787 1797 pueriliter
802 1746 1001 1786 identidem
1024 1755 1147 1796 cupere.

325 1812 361 1839 2.
390 1802 479 1838 Non
503 1802 654 1849 capiam]
685 1798 844 1846 Negatio
876 1796 1032 1835 Helmst.
1069 1797 1176 1836 deest.
1202 1799 1308 1847 Opti-

274 1863 358 1890 mus
388 1864 455 1888 παπ
485 1852 595 1892 capior
617 1868 628 1886 .·
667 1848 755 1886 nihil
777 1846 935 1886 deterius
957 1875 968 1893 ‚
1005 1847 1028 1884 fi
1059 1859 1137 1885 non
1170 1850 1308 1887 melius.

274 1901 373 1941 Vide
391 1903 492 1946 supra
511 1901 557 1939 ad
571 1900 649 1938 Lib.
665 1899 718 1940 11.
743 1897 950 1948 Epist.X.n.
965 1909 998 1948 3.
1014 1898 1051 1935 ἃ
1072 1898 1117 1935 ad
1129 1898 1208 1936 Lib.
1221 1900 1309 1938 Vn.

274 1952 471 2002 Eptst.X1.
497 1964 535 1989 n.
558 1964 588 1990 ῐ.
624 1950 723 1987 Mox
756 1949 947 1988 Mediceus
976 1949 1013 1986 &
1038 1950 1148 1987 Arnz.
1181 1954 1237 1986 Ac
1252 1960 1308 2001 per

274 2005 350 2043 hoc
368 2003 449 2042 dies.
475 2003 582 2041 male.
614 2002 750 2039 Melius
776 2001 877 2039 idem
909 2000 1100 2038 Mediceus
1129 2013 1246 2039 meum
1268 2014 1310 2040 o-

276 2056 408 2093 mittit:
436 2053 543 2090 otium
560 2053 597 2091 in
617 2052 741 2090 litteris
759 2052 885 2089 colloco>

334 2117 369 2155 3.
398 2110 439 2140 In
458 2103 565 2141 literis
583 2103 736 2147 colloca]
765 2103 854 2150 §Quis
882 2103 1026 2141 tandem
1055 2114 1107 2140 me
1134 2104 1310 2151 reprehen-

278 2158 346 2196 dat
368 2184 378 2200 ‚
417 2165 480 2191 aut
501 2155 576 2204 quis
605 2152 692 2192 mihi
721 2153 793 2196 iure
811 2153 1005 2203 succenseat
1026 2153 1045 2190 ‘2
1084 2154 1119 2190 Si
1138 2166 1310 2204 quantum

279 2208 395 2247 ceteris
433 2205 482 2241 ad
503 2206 588 2254 suas
626 2218 676 2242 res
705 2203 874 2242 obeundas
896 2232 907 2248 ‚
946 2215 1120 2254 quantum
1149 2206 1199 2243 ad
1218 2206 1313 2252 festos

280 2260 352 2297 dies
372 2256 534 2293 ludorum
551 2255 766 2292 celebrandos
787 2271 797 2291 :
837 2265 1011 2304 quantum
1032 2256 1081 2292 ad
1105 2254 1195 2294 alias
1214 2258 1314 2295 volu-

275 2318 390 2360 ptates
413 2337 423 2353 ‚
461 2317 503 2346 07¹
523 2307 572 2343 ad
589 2306 695 2354 ipsam
713 2306 861 2356 requiem
881 2306 992 2343 animi
1014 2317 1057 2345 <9¹
1079 2308 1219 2356 corporis
1237 2322 1313 2346 con-

280 2361 413 2398 ceditur
435 2366 622 2406 temporum
645 2385 654 2401 ,
694 2367 867 2406 quantum
888 2355 951 2394 alii
972 2356 1133 2395 tribuunt
1157 2358 1316 2409 intempe-

274 2411 380 2457 flivis
399 2409 589 2446 convtviis:
625 2418 799 2457 quantum
829 2407 971 2456 denique
1001 2407 1115 2452 aleae,
1144 2421 1318 2459 quantum
1348 2426 1349 2460 ζ

277 2462 395 2513 pilae.-
426 2470 568 2498 tantum
588 2459 676 2497 mihi
702 2467 824 2507 egomet
845 2459 893 2495 ad
912 2460 1000 2496 haec
1022 2458 1132 2497 studia
1155 2462 1321 2500 recolen-

281 2512 328 2551 da
340 2510 535 2558 sumpsero.
561 2510 693 2547 Cicero
715 2521 781 2558 pro
804 2508 948 2547 Archia.
977 2509 1041 2546 CA
1056 2523 1078 2547 T
1092 2523 1115 2547 A
1129 2522 1167 2548 Ν.

335 2575 370 2609 4.
398 2562 524 2598 Inveni
551 2559 817 2610 patrocinium]
854 2559 1002 2597 Poffum
1033 2573 1095 2599 me
1117 2560 1316 2601 defendere

283 2613 460 2662 exempto
479 2620 556 2649 tuo.
586 2611 685 2648 Nam
705 2612 816 2649 nimia
838 2610 1049 2650 aedificandi
1059 2611 1229 2661 cupiditas
1240 2625 1317 2651 non

282 2673 382 2704 caret
412 2661 706 2712 reprehenfione.
733 2662 787 2700 In
804 2674 824 2699 ε
841 2674 880 2699 Μ.
917 2662 1097 2712 Principio
1121 2663 1317 2711 Optimus:

281 2716 480 2754 Aedificare
494 2721 534 2752 ut
546 2712 705 2764 scribis,
740 2712 785 2752 de
807 2724 884 2763 quo
906 2724 1028 2752 errore
1048 2714 1093 2753 ad
1115 2715 1194 2754 Lib.
1215 2715 1321 2755 VIII.

286 2766 452 2805 diximus.

337 2830 371 2863 ς.
400 2816 541 2855 Ratione
570 2815 578 2865 ]
608 2816 696 2853 Non
722 2814 797 2854 fine
819 2816 957 2854 ratione
980 2844 991 2861 ,
1016 2816 1091 2855 five
1112 2814 1318 2866 prudenter.
1350 2859 1351 2862 Ἴ

285 2867 383 2904 Nam
401 2868 515 2904 sextus
540 2866 634 2905 casus
651 2866 738 2905 loco
761 2860 918 2905 adverbii
934 2867 1038 2917 saepe
1061 2868 1219 2917 ponitur.
1254 2868 1319 2916 Ju·
1351 2908 1353 2949 ς
1383 2934 1449 2970 mp
1482 2919 1656 2958 LXXXV
1696 2927 1719 2952 n
1752 2924 1796 2959 27
1848 2911 2005 2949 Invisum
2036 2911 2134 2948 enim
2161 2910 2209 2948 est
2280 2910 2405 2949 talibus

1352 2952 1354 2966 ι
1406 2947 1414 2959 ί
1452 2951 1460 2960 ‚
1660 2946 1669 2954 ‚
1725 2943 1733 2953 .
1805 2941 1814 2951 .
2233 2938 2244 2955 ,

284 2916 419 2956 venalis
439 2918 507 2954 Sat.
528 2916 574 2953 X.

478 2991 562 3039 quid
587 2993 676 3029 enim
704 2995 841 3032 ratione
868 2997 1039 3037 timemus.

280 3064 439 3119 Dionys,
464 3066 558 3107 Cato
578 3068 616 3107 in
636 3069 822 3109 Distichis:

415 1241 567 1316 quod
592 1241 660 1297 ad
688 1257 835 1294 mare
854 1253 912 1294 tu
938 1276 955 1301 ‚
998 1254 1100 1308 ego
1126 1237 1193 1292 ad
1219 1238 1444 1295 Larium
1465 1240 1658 1296 lacum.
1736 1239 1917 1309 Hujus
1939 1241 1992 1294 in
2015 1240 2200 1295 littore
2227 1241 2406 1312 plures

265 1321 285 1349 ⁶
309 1318 463 1374 villae
489 1333 666 1372 meae:
708 1314 801 1370 sed
826 1314 992 1377 duae,
1035 1325 1094 1368 ut
1120 1314 1353 1368 maxime
1377 1312 1645 1371 delectant
1669 1358 1689 1379 ,
1728 1316 1802 1371 ita
1824 1321 1844 1386 ἶ
1869 1328 2141 1370 exercent.

2223 1315 2406 1371 Altera

2159 1390 2408 1464 impofita

1426 1545 1611 1585 Proximus
1628 1545 1685 1586 ille
1705 1552 1776 1586 Deo
1797 1546 1856 1598 qu}
1866 1545 1934 1596 scit
1954 1545 2092 1585 ratione
2110 1548 2231 1586 tacere}

1375 1648 1403 1686 B
1417 1661 1441 1685 u
1455 1659 1478 1684 c
1490 1660 1514 1685 u
1528 1661 1552 1686 Ν
1566 1660 1586 1686 E
1601 1663 1636 1687 n.
1675 1648 1790 1688 Redie
1817 1647 2038 1688 Buchnerus.
2070 1649 2130 1687 Sic
2151 1648 2277 1702 confilio
2294 1677 2305 1695 ,
2322 1651 2407 1701 speJ

1367 1700 1535 1749 fastidio,
1561 1700 1677 1738 ordine
1695 1728 1706 1744 ,
1735 1698 1880 1737 cumulis
1901 1727 1911 1744 ,
1937 1699 2086 1737 catervis
2105 1701 2144 1738 &
2166 1701 2263 1748 plura
2280 1702 2324 1738 ab
2341 1707 2407 1739 aui

1375 1750 1528 1788 {toribus
1544 1751 1700 1789 adhiberi
1722 1779 1732 1796 ‚
1749 1752 1826 1789 alibi
1848 1750 2124 1788 observavimus.
2159 1751 2266 1789 Zeno
2285 1751 2409 1796 Vero-3

1373 1800 1490 1839 nenfis
1518 1802 1632 1839 Serm.
1661 1802 1706 1839 de
1726 1801 1913 1840 Pudicitia:
1943 1805 2041 1839 Dum
2060 1802 2184 1851 semper
2206 1801 2407 1849 exaestuans

1338 1865 1342 1891 ’,
1373 1852 1526 1890 lihidinis
1546 1852 1724 1900 turpitudo
1745 1863 1810 1890 aut
1848 1852 1996 1890 veritate
2017 1879 2028 1896 ‚
2065 1863 2128 1890 aut
2159 1854 2316 1901 imagine
2332 1861 2408 1903 per-

1372 1911 1544 1951 petratur.
1580 1903 1729 1941 Ratione
1754 1902 1850 1952 apud
1878 1902 2046 1941 Tullium
2077 1904 2246 1952 frequens
2269 1903 2340 1948 est,
2367 1911 2409 1943 ut

1375 1954 1457 1992 Lib.
1481 1954 1508 1991 Ι.
1537 1953 1582 1992 de
1604 1952 1714 1991 Finib.
1748 1965 1824 2003 cap.
1850 1953 1913 1991 IX.
1950 1954 2016 1991 Sed
2042 1964 2080 1991 ut
2106 1955 2242 1992 ratione
2270 1965 2311 1993 ω’
2342 1955 2406 1992 via

1341 2036 1343 2043 ,
1372 2005 1528 2054 procedat
1548 2004 1656 2042 oratio
1670 2032 1679 2047 ,
1706 2015 1772 2052 pro
1792 2016 1868 2054 quo
1889 2004 1969 2041 Lib.
1993 2004 2059 2041 1V.
2085 2015 2161 2053 cap.
2179 2004 2247 2042 IV.
2257 2004 2409 2054 superie-

1375 2069 1425 2093 res
1447 2066 1563 2093 autem
1573 2053 1721 2094 artificio
1734 2056 1771 2092 8<
1784 2057 1838 2093 via
1850 2055 2086 2092 tradiderunt.
2109 2055 2241 2094 Noster
2250 2056 2330 2094 Lib.
2340 2054 2404 2093 IV.

1342 2147 1344 2153 y
1378 2106 1486 2155 Epist.
1504 2105 1588 2144 XV.
1615 2106 1726 2155 princ.
1752 2106 1786 2143 Si
1805 2106 1887 2157 qaid
1910 2105 2066 2148 ommno,
2094 2105 2153 2142 hoc
2171 2118 2255 2145 certe
2267 2105 2403 2157 judicio

1343 2157 1345 2185 l
1368 2158 1487 2203 facio,
1513 2159 1603 2208 quod
1622 2157 1786 2206 Asmium
1805 2162 1933 2202 Rufum
1943 2156 2164 2207 singulariter
2184 2171 2274 2195 amo.
2311 2157 2401 2193 Mox

1378 2210 1600 2248 recentiores
1616 2208 1730 2255 scripti
1753 2209 1791 2245 &
1814 2208 1882 2245 Ed.
1909 2207 1996 2245 Vet.
2024 2213 2120 2245 Nam
2145 2209 2328 2246 omittunt.

1430 2260 1465 2297 6.
1494 2259 1603 2298 Villae
1624 2257 1752 2309 mma]
1785 2258 1887 2306 Lege
1909 2286 1918 2301 ,
1958 2257 2077 2295 Plures
2106 2258 2215 2297 villae
2240 2271 2292 2295 me
2310 2283 2320 2300 ‚
2340 2253 2403 2303 fid

1345 2326 1349 2345 v.
1380 2320 1453 2354 σε,
1481 2311 1513 2348 C
1525 2325 1545 2348 A
1560 2325 1576 2348 s
1589 2322 1609 2347 A
1625 2324 1646 2347 υ
1663 2323 1683 2347 B
1697 2321 1721 2346 o
1735 2324 1771 2348 N.
1800 2309 1898 2347 Nihil
1917 2317 2058 2348 mutant
2075 2308 2151 2347 libri
2167 2316 2303 2347 veteres
2315 2332 2326 2349 ‚
2338 2302 2403 2342 nist

1380 2360 1505 2409 quod,
1530 2359 1745 2410 transpofitis
1759 2360 1893 2398 duabus
1912 2361 2063 2398 vocibus
2079 2387 2090 2405 ,
2119 2357 2270 2397 Helmst.
2292 2355 2405 2411 Arnz.

1383 2413 1421 2450 ὃς
1448 2412 1514 2450 Ed.
1547 2413 1631 2451 Vet.
1655 2412 1767 2462 plures
1798 2423 1902 2450 meae
1939 2410 2056 2450 villae.
2107 2410 2188 2447 Nec
2215 2406 2402 2461 admittere

1381 2463 1524 2511 poffum
1547 2463 1748 2501 Casauboni
1768 2464 2015 2512 conjefturam
2037 2489 2048 2504 ‚
2076 2471 2157 2497 cum
2179 2456 2302 2495 auetor
2321 2455 2403 2492 mil-

1349 2547 1350 2550 ,
1378 2515 1440 2552 lies
1463 2515 1628 2553 Verbum
1665 2514 1926 2552 substantivum
1958 2513 2102 2551 reticere
2129 2508 2248 2548 soleat.
2301 2504 2400 2543 Nam

1381 2565 1454 2603 hoc
1481 2566 1541 2604 abs
1563 2567 1621 2604 tali
1638 2565 1785 2614 ingenio
1805 2563 1961 2608 suspicari
1977 2569 2121 2610 nequeo
2143 2586 2153 2599 ‚
2181 2569 2227 2595 eo
2247 2556 2291 2593 ad
2311 2567 2404 2593 con·

1379 2616 1558 2666 jeeturam
1580 2618 1674 2655 iliam
1698 2613 1878 2654 deveniffe
1899 2643 1909 2659 ‚
1947 2613 2027 2661 quia
2060 2609 2227 2646 delectant
2246 2608 2284 2643 &
2306 2619 2403 2663 exer-

1383 2680 1456 2706 cent
1488 2667 1561 2706 fine
1589 2666 1842 2708 Provocabulo
1872 2678 1924 2701 me
1949 2667 2140 2710 ponuntur.
2190 2657 2277 2694 Hoc
2300 2668 2399 2695 enim

1379 2720 1579 2767 saepiffime
1601 2746 1612 2763 ‚
1661 2717 1857 2766 finguiatim
1890 2720 2010 2766 autem
2054 2707 2131 2756 post
2184 2707 2400 2755 praecedens

1385 2784 1478 2808 meus
1499 2798 1509 2813 ,
1545 2767 1700 2807 exaudiri
1735 2766 1852 2802 multis
1879 2762 1922 2799 ad
1952 2759 2111 2807 Crispum
2146 2757 2307 2795 nostrum
2339 2758 2403 2796 de-

1385 2820 1674 2859 monstravimus.
1701 2815 1796 2853 Vide
1809 2814 1863 2858 ,ni
1881 2821 1988 2860 grave
2000 2809 2069 2852 est,
2085 2807 2129 2846 ad
2140 2808 2306 2858 Cat.cap.
2319 2809 2405 2850 XX,

1384 2880 1474 2910 extr,
1509 2882 1585 2913 cap.
1605 2866 1744 2905 LV111.
1776 2877 1809 2902 n.
1835 2863 1892 2899 18.
1927 2860 2005 2908 Jug.
2037 2871 2111 2907 cap.
2142 2857 2285 2897 XXIV.
2311 2872 2348 2897 n.
2366 2871 2404 2906 4.

1527 2984 1542 3006 Ξ
1576 2999 1584 3006 .

1385 2982 1701 3067 lmfyriokr‘fircent]
1732 3016 1961 3062 occupatum
1973 3020 2101 3050 tenent
2115 3013 2150 3050 in
2169 3010 2408 3051 aedificando.

1358 3097 1362 3125 3
1388 3071 1573 3110 Carni,
1601 3066 1836 3115 Symmachus
1864 3063 2265 3113 Li2›.11.12pist.t.X111.
2292 3064 2408 3101 Exer-

2353 3119 2408 3151 cet
