2616 3686
289 203 384 256 340
544 186 2218 240 C.PLINIICAECILII-SECUNDI

2342 246 2348 254 .
2413 240 2435 262 2.

291 265 571 322 fortissima
597 281 760 320 aratra
787 266 1127 338 perfringunt
1156 284 1169 320 ι
1197 268 1208 288 ¹
1236 267 1392 320 tantis
1423 265 1586 336 glebis
1612 262 2005 320 tenacissimum
2031 265 2202 321 solum
2221 304 2235 328 ,
2264 277 2282 297 ²
2301 282 2429 337 cum
2471 328 2473 330 ³

295 341 524 411 primum
563 339 870 410 prosecatur
894 380 908 402 ,
958 339 1189 409 adsurgit
1221 379 1234 401 ‚
1289 353 1346 393 ut
1373 341 1386 367 ³
1428 355 1574 392 nono
1611 337 1833 392 demum
1872 337 2430 407 sulco‘perdometur.

192 425 242 460 ¹1
301 414 448 468 Prata
490 410 680 466 florida
707 413 760 466 ὃς
787 433 804 458 ⁴
829 430 1103 482 gemmea,
1145 413 1404 466 trifolium
1423 452 1436 473 ,
1474 412 1702 481 aliasque
1730 408 1948 469 herbas,
1987 423 2194 465 teneras
2220 413 2428 484 semper

298 488 350 539 ἃ
397 486 583 538 molles
611 524 625 548 ,
680 486 732 538 &
773 485 913 556 quali
958 502 1120 539 novas
1154 486 1316 540 alunt.
1393 483 1602 538 Cunsia
1643 484 1784 535 enim
1829 482 2151 550 perennibus
2177 485 2301 538 rivis
2335 504 2435 541 nu-

298 560 547 612 triuntur.
628 557 735 611 Sed
777 558 861 610 ubi
904 575 1068 628 aquae
1107 558 1395 625 plurimum
1422 595 1436 615 ‚
1477 558 1489 584 ⁵
1528 556 1671 624 palus
1698 554 1859 607 nulla:
1904 553 2026 623 quia
2059 555 2267 608 devexa
2294 574 2435 618 terra

188 646 249 687 ἠ
341 630 559 699 uicquid
589 631 805 699 liquoris
834 630 1069 698 accepit:
1116 645 1216 680 nec
1243 627 1544 690 absorbuit,
1568 626 1813 685 effundit
1852 628 1905 680 in
1941 629 1959 652 ⁶
2000 626 2264 680 Tiberim.
2311 628 2439 684 Me.

296 648 421 757 Ἅὶοε
457 704 543 756 ille
571 720 720 770 agros
747 703 883 754 secat
911 718 921 752 :
963 701 1175 753 navium
1207 700 1410 769 patiens
1434 739 1448 760 ‚
1489 717 1786 770 omnesque
1812 698 1989 769 fruges
2027 699 2245 753 devehit
2271 702 2326 754 in
2353 721 2437 758 ur-

303 775 456 833 bem,
499 775 674 827 hieme
704 771 992 834 duntaxat,
1035 774 1086 824 <Sc
1116 790 1255 826 vere.
1303 771 1517 825 Aestate
1543 772 1919 834 summittitur,
1960 772 2310 843 immensique
2337 773 2441 830 flu-

199 845 254 900 ¹3
305 849 459 902 minis
487 862 684 899 nomen
711 849 880 898 arenti
905 846 1055 898 alveo
1083 844 1276 897 deserit
1295 883 1308 904 ‚
1348 859 1607 897 autumno
1633 842 1647 866 ⁷
1675 845 1906 897 resumit.
1974 844 2236 914 Magnam
2266 850 2443 914 capies

304 921 668 989 voluptatem,
704 915 742 971 fi
766 918 905 971 bunc
934 919 1166 988 regionis
1194 916 1348 970 fitum
1376 933 1445 970 ex
1470 928 1655 968 monte
1684 916 2033 984 prospexeris.
2077 923 2268 989 Neque
2294 922 2442 976 enim

307 1003 473 1047 terras
521 990 617 1045 tibi
643 1029 658 1055 ,
697 984 714 1010 ⁸
756 989 845 1047 sed
886 990 1114 1045 formam
1140 987 1373 1062 aliquam
1397 988 1464 1044 ad
1491 988 1744 1043 eximiam
1770 987 2223 1058 pulchritudinem
2250 993 2445 1063 pieiam

2294 1065 2447 1122 vide-

363 1218 379 1246 1
410 1205 543 1245 Tantis
562 1206 733 1256 glebis...
757 1204 959 1256 adsurgit]
990 1204 1204 1245 Mediceus:
1233 1205 1340 1255 isgle-

311 1257 374 1295 bis.
413 1258 564 1306 Nempe
596 1259 624 1296 is
655 1288 663 1303 ,
692 1270 759 1308 pro
783 1259 822 1295 iis
838 1286 847 1302 ‚
875 1257 979 1307 quod
1000 1258 1136 1306 saepius
1160 1259 1193 1295 in
1218 1258 1277 1295 tali
1301 1269 1338 1298 re

311 1320 381 1397 {ro
404 1320 530 1346 tantus
556 1312 592 1346 ὅ(
613 1310 697 1347 talis
720 1311 880 1358 ponitur.
909 1308 998 1347 Mea
1022 1308 1196 1346 sententia
1220 1307 1342 1358 iisgle-

339 1360 367 1397 is
391 1359 650 1408 reponendum
675 1362 751 1398 erit.

363 1422 384 1447 2
414 1416 507 1446 Cum
547 1420 704 1460 primum
743 1408 993 1459 prosecatur.]
1045 1410 1146 1447 Cum
1180 1412 1342 1459 primum
1378 1433 1383 1454 2

312 1462 517 1509 rumpitur,
547 1461 650 1510 quod
684 1461 722 1499 fit
746 1462 986 1511 aequinoff'tio
1009 1472 1126 1498 verno
1146 1462 1182 1499 in
1211 1461 1344 1509 frigidi-
1380 1464 1382 1494 i

314 1513 436 1549 oribus
479 1513 567 1549 locis
609 1512 715 1549 densa
759 1522 850 1551 terra
881 1523 991 1561 quam
1025 1513 1139 1549 soluta
1162 1540 1171 1555 ‚
1222 1514 1346 1561 pingui
1380 1534 1382 1539 v

314 1574 427 1611 quam
463 1573 595 1600 macra.
649 1564 785 1601 Plinius
822 1565 901 1601 Lib.
937 1564 1083 1601 XVIII.
1117 1574 1195 1612 cap.
1241 1563 1346 1600 XIX.
1380 1570 1382 1573 ’

312 1622 447 1650 monet
481 1614 594 1651 altum
631 1616 668 1652 ὃς
698 1625 807 1663 grave
827 1615 943 1652 solum
969 1617 1080 1653 etium
1104 1617 1248 1652 moveri
1270 1615 1349 1653 hie·
1383 1622 1384 1626 ’

314 1674 390 1701 me.
422 1665 691 1712 Legitur-alias,
718 1667 965 1714 proscinditur.
996 1667 1095 1703 Nam
1113 1664 1347 1711 Columella,
1385 1692 1387 1696 .

313 1713 453 1752 Plinius
474 1743 483 1757 ‚
515 1715 689 1752 Palladius
714 1744 724 1759 ,
753 1728 838 1753 cum
864 1719 1024 1764 primum
1053 1728 1204 1765 campus
1227 1727 1347 1755 aratro

316 1768 500 1814 rumpitur
516 1794 526 1810 ,
550 1766 724 1815 proscindi
748 1767 936 1815 appellant.
967 1767 998 1802 C
1015 1780 1034 1803 Α
1051 1781 1074 1804 τ
1091 1781 1112 1804 Α
1127 1780 1161 1804 N.
1194 1770 1353 1814 Proscin-

318 1816 397 1853 dere
431 1816 519 1854 dixit
553 1818 662 1854 etiam
698 1816 819 1853 Varro
859 1818 937 1855 Lib.
974 1817 1000 1853 I.
1035 1816 1080 1854 de
1117 1818 1159 1854 R.
1198 1820 1241 1855 R.
1276 1831 1352 1867 cap.
1388 1820 1390 1843 l

317 1865 461 1904 XXIX.
508 1868 701 1906 Lucretius
727 1896 736 1911 ‚
778 1868 923 1912 Maro,
968 1869 1138 1906 Lucanus
1178 1869 1260 1907 Lib.
1286 1871 1353 1907 ΙΙΙ,

319 1928 371 1955 vs.
400 1929 477 1965 192.
499 1918 567 1955 alii.
599 1918 670 1955 Sed
698 1919 758 1956 hic
783 1919 903 1956 Codd.
929 1931 1060 1957 omnes
1084 1947 1094 1963 ‚
1132 1920 1264 1969 quibus
1286 1933 1354 1960 nos
1389 1922 1392 1943 ³

318 1969 462 2006 utimur
478 1996 486 2011 ,
511 1970 711 2017 prostratur
735 1969 922 2017 praestant.
1287 1977 1291 1980 ”
1390 1979 1394 2021 ι

374 2031 394 2068 3
427 2027 528 2057 Nono
553 2024 694 2056 demum
713 2020 846 2069 sulca]
881 2022 991 2058 Nona
1005 2022 1178 2059 aratione.
1201 2023 1357 2061 Cum.

324 2074 431 2107 Nono
465 2071 607 2107 demum
633 2099 642 2115 ,
681 2083 749 2109 eye.
773 2071 787 2120 ]
819 2073 900 2118 Jam
928 2072 1088 2109 seculum
1112 2073 1187 2110 fere
1210 2075 1356 2121 legeba-
1395 2093 1398 2098 ·

325 2131 410 2158 mus
427 2149 440 2165 ,
466 2131 503 2157 ut
529 2134 619 2158 novo
643 2123 785 2159 demum
814 2150 824 2165 ‚
855 2131 981 2159 contra
1007 2124 1111 2161 MSS.
1136 2122 1227 2160 Edd.
1252 2125 1355 2163 Vett.

326 2172 518 2219 ipsamque
551 2174 827 2220 experientiam.
866 2173 1008 2211 Diserte
1040 2176 1138 2210 enim
1163 2174 1252 2211 l'lin.
1280 2176 1356 2214 Lib.

330 2220 478 2259 XVIII.
502 2233 578 2269 cap.
603 2222 686 2259 XX.
714 2222 845 2271 Spissius
859 2222 976 2271 solum
995 2253 1004 2268 ,
1032 2223 1115 2266 sicut
1145 2236 1216 2262 σί.
1248 2226 1361 2263 (ἔκυ-

332 2285 423 2311 Ἰεκ.
455 2273 510 2309 Sic
532 2273 739 2321 tertiosulco
755 2273 844 2311 dixit
857 2274 1002 2312 Plautus
1016 2275 1190 2313 Trinum.
1206 2277 1361 2315 Barim.

331 2329 438 2360 Novo
478 2323 607 2370 legitur
640 2326 675 2360 in
709 2324 864 2361 Helmst.
903 2325 955 2361 At
989 2326 1102 2363 Arnz.
1137 2327 1212 2363 hoc
1252 2339 1364 2365 voca-

326 2374 459 2422 bulum
495 2377 601 2423 plane
633 2376 783 2414 omittit.
841 2375 965 2413 Ceteri
988 2376 1086 2415 reite
1108 2389 1196 2414 nono
1221 2379 1364 2417 demum

1461 1201 1643 1242 Floridior
1663 1200 1771 1253 pratis
1786 1230 1796 1247 ,
1824 1200 1927 1252 longa
1945 1200 2118 1252 procerior
2140 1199 2235 1239 alno.

1467 1319 1483 1355 ς
1517 1304 1623 1343 Palus
1647 1303 1791 1354 nulla.]
1822 1310 1979 1345 Campus
2002 1304 2065 1342 ubi
2085 1311 2229 1357 pratum
2248 1302 2452 1353 fierilibet,‘

1416 1368 1541 1407 neque
1564 1368 1749 1395 concavae
1773 1355 1962 1405 positionis
1977 1384 1986 1399 ‚
2017 1367 2139 1404 neque
2154 1355 2254 1394 collis
2268 1360 2454 1407 praerupti

1420 1404 1492 1445 effe
1522 1406 1664 1452 debet,
1697 1409 1753 1446 ille
1786 1419 1834 1444 ne
1867 1406 2062 1445 conenam
2097 1405 2230 1444 diutius
2264 1410 2454 1449 contineat

1420 1469 1556 1508 aquam
1582 1487 1592 1503 ‚
1628 1460 1690 1496 hic
1721 1471 1768 1497 ne
1803 1457 1920 1496 statim
1942 1457 2180 1507 praecipitem
2203 1457 2356 1495 fundat:
2386 1472 2454 1507 po-

1423 1509 1489 1546 test
1527 1518 1655 1547 tamen
1689 1509 1923 1548 mediocriter
1955 1508 2099 1545 acclivis
2119 1535 2129 1551 ‚
2170 1505 2195 1543 fi
2224 1517 2286 1546 aut
2313 1511 2457 1558 pinguis

1426 1559 1475 1597 est
1499 1590 1508 1606 ,
1547 1568 1610 1596 aut
1641 1561 1762 1608 riguus
1789 1570 1874 1607 ager
1894 1589 1904 1604 ‚
1943 1567 2088 1610 pratum
2122 1557 2210 1596 fieri.
2233 1567 2269 1596 at
2291 1559 2456 1608 planicies

1426 1612 1591 1649 maxime
1622 1612 1700 1648 talis
1729 1611 1902 1660 probatur
1927 1639 1938 1656 ,
1967 1621 2062 1659 quae
2085 1609 2217 1657 exigue
2238 1620 2354 1658 prona
2379 1623 2457 1651 non

1428 1664 1561 1710 patitur
1592 1661 1725 1700 diutius
1758 1661 1892 1700 imbres
1918 1689 1928 1705 ,
1966 1668 2027 1697 aut
2048 1659 2242 1699 influentes
2266 1662 2366 1700 rivos
2390 1675 2461 1701 im-

1431 1713 1589 1750 morari:
1620 1714 1756 1762 quippe
1791 1723 1972 1763 aquarum
2005 1710 2227 1750 abundantia
2260 1720 2373 1761 atque
2397 1727 2462 1764 pe.

1431 1765 1534 1801 nuria
1576 1765 1797 1811 graminibus
1826 1768 1960 1814 'aeque
1994 1762 2042 1801 est
2075 1763 2200 1800 exitiO.
2242 1762 2461 1805 Columella.

1432 1815 1465 1852 C
1480 1828 1501 1852 Α
1516 1828 1539 1853 τ
1556 1828 1576 1852 Α
1592 1827 1626 1851 N.

1482 1867 1505 1902 6
1544 1865 1708 1904 Tiberim.
1733 1864 1748 1914 ]
1800 1865 1932 1903 Tiberis
1985 1864 2116 1904 fluvius
2166 1873 2375 1904 ceterorum
2422 1880 2465 1906 o·

1433 1918 1580 1955 mnium
1605 1919 1770 1966 princeps
1794 1918 1832 1955 ὃς
1854 1918 2061 1965 Imperator
2084 1916 2195 1955 asolis
2205 1926 2287 1954 ortu
2302 1920 2466 1958 maxime

1435 1968 1579 2006 Tuscos
1617 1969 1785 2007 alluens:
1839 1980 1884 2006 ex
1919 1968 2122 2017 Apennino
2157 1976 2282 2006 autem
2317 1967 2474 2015 defluit.-

1437 2020 1594 2067 pluribus
1627 2032 1718 2059 vero
1751 2028 1903 2068 augetur
1932 2018 2101 2056 amnibus
2126 2047 2136 2063 ,
2163 2020 2370 2069 partimque
2405 2031 2468 2069 per

1436 2070 1620 2108 Etruriam
1655 2072 1812 2109 excurrit
1839 2082 1848 2104 ·.
1887 2068 2057 2117 deinceps
2080 2069 2190 2118 ipsam
2219 2068 2466 2111 disterminans

1436 2123 1598 2169 primum
1623 2123 1666 2160 ab
1689 2122 1745 2160 illa
1770 2119 1900 2158 dividit
1923 2120 2122 2157 Umbriam
2138 2149 2148 2164 ‚
2179 2119 2302 2166 postea
2320 2122 2468 2161 Sabinos

1398 2210 1400 2212 ,
1437 2174 1475 2209 ὃ(
1499 2173 1651 2209 Latinos
1676 2174 1819 2209 Romae
1842 2169 1888 2208 ad
1907 2172 2005 2209 littus
2020 2170 2132 2219 usque
2147 2170 2333 2210 finitimos.
2363 2173 2467 2212 Haec

1435 2222 1564 2260 Strabo
1600 2224 1637 2260 ὅ(
1673 2221 1874 2270 Dionysius
1896 2250 1906 2266 ‚
1941 2220 2000 2258 sed
2022 2222 2134 2269 longe
2158 2223 2286 2260 melius
2307 2222 2468 2274 &latius

1435 2274 1556 2312 senior
1569 2274 1704 2312 Plinius
1718 2275 1799 2312 Lib.
1814 2273 1881 2310 Ill.
1896 2272 2345 2320 cap.V.Inem.Helmst.&
2358 2274 2467 2313 Arnz.

1440 2336 1555 2361 mox:
1589 2326 1723 2362 Medios
1747 2325 1824 2363 illos
1845 2338 1943 2372 agros
1963 2322 2071 2371 secat.
2109 2324 2178 2361 Vir
2201 2323 2331 2362 doetus
2352 2333 2468 2362 tenta-

1438 2376 1519 2413 bat:
1551 2377 1694 2414 Medius
1715 2375 1792 2413 illos
1813 2389 1914 2424 agros
1927 2374 2051 2423 secat,
2080 2374 2140 2412 sed
2163 2375 2380 2412 retinebatur
2402 2384 2465 2419 per

355 2427 441 2464 ulco.

327 2431 357 2474 J
387 2490 409 2523 4
438 2481 617 2515 Gemmea.
643 2476 658 2526 ]
690 2478 834 2517 Lucida
856 2487 1008 2529 propter
1028 2479 1134 2519 flores
1165 2510 1174 2525 ‚
1215 2493 1261 2519 an
1283 2494 1372 2531 pro-

338 2534 421 2573 pter
441 2529 694 2567 interlabentes
717 2530 851 2567 rivulos
865 2558 874 2573 ‚
903 2531 1033 2579 quibus
1056 2543 1250 2570 numerare
1272 2534 1370 2582 lapil-

342 2578 397 2615 los
420 2577 565 2626 posses?
597 2580 751 2617 Carni.
780 2581 943 2618 Riccaid.
967 2595 1007 2620 ω·
1028 2583 1152 2620 iemme
1173 2598 1183 2626 ;
1216 2584 1371 2623 Helmst.

1442 2426 1564 2464 lustin.
1599 2427 1680 2464 Lib.
1711 2427 1775 2464 XI.
1811 2437 1887 2475 cap.
1919 2425 2028 2462 VIII.
2054 2436 2089 2462 n.
2117 2437 2150 2475 3.
2194 2429 2326 2477 (ξιιμ-ιιι
2348 2420 2465 2473 cydqu'

1434 2477 1598 2527 fluminis
1611 2480 1829 2517 amoenitate
1844 2506 1854 2522 ‚
1878 2486 1938 2526 per
1951 2476 2111 2514 mediam
2135 2475 2258 2512 urbem
2276 2468 2461 2524 inflamus.

1443 2529 1525 2567 Nos
1556 2531 1631 2568 hoc
1663 2541 1777 2578 genus
1803 2529 1947 2567 dicendi
1973 2526 2131 2576 pluribus
2151 2520 2400 2571 illustravimus
2416 2517 2462 2555 ad

1445 2580 1578 2619 Sallust.
1607 2581 1688 2618 Cat.
1716 2592 1792 2630 cap.
1822 2579 1905 2617 LX.
1931 2591 1967 2617 n.
1991 2591 2022 2626 ς.
2050 2574 2231 2614 Cohortem
2245 2577 2462 2616 praetoriam

343 2638 388 2667 (γ
406 2632 570 2678 gemina3
601 2629 701 2667 Vols.
730 2643 772 2675 φ·
790 2644 949 2680 gramen.
979 2638 1144 2670 Gemmea
1168 2635 1278 2679 dixit,
1293 2647 1369 2672 non
1441 2633 1477 2671 in
1507 2632 1650 2670 medios
1671 2631 1790 2672 hostes
1812 2631 1959 2669 inducit.

343 2680 390 2716 ab
412 2681 494 2717 rivis
519 2708 528 2724 ,
557 2679 615 2718 scd
638 2681 681 2717 ab
702 2683 821 2719 nitore
843 2682 1036 2720 herbarum
1063 2713 1072 2728 ‚
1102 2685 1147 2722 de
1170 2697 1248 2734 quo
1271 2688 1372 2735 supra

345 2730 391 2766 ad
415 2743 448 2766 n.
471 2743 503 2777 4.
532 2731 589 2769 Sic
616 2732 694 2769 Lib.
724 2734 745 2769 l.
771 2732 878 2782 Epist.
904 2734 970 2770 Ill.
995 2748 1028 2772 n.
1054 2748 1081 2773 1.
1110 2737 1212 2785 Qid
1224 2739 1374 2786 Euripus

349 2781 476 2817 viridis
501 2793 543 2820 ω’
570 2793 773 2830 gemmeus.
803 2784 1016 2823 Mediccus:
1048 2792 1160 2823 prata
1184 2787 1307 2836 frigida
1331 2799 1376 2826 (9⁶

347 2841 502 2875 gemmea
528 2860 537 2874 ‚
577 2834 679 2882 quod
711 2843 767 2872 tot
801 2837 885 2872 rivis
918 2838 1237 2875 intercurrentibus
1274 2840 1375 2877 &in

353 2884 451 2933 tanta
481 2883 569 2918 acris
604 2884 797 2923 clementia
821 2914 831 2930 ,
875 2898 910 2923 n.
948 2901 979 2936 5.
1012 2886 1088 2926 fieri
1123 2897 1301 2937 poterat,
1330 2903 1378 2928 eo

356 2937 493 2973 magis,
523 2932 624 2975 quod
650 2934 823 2979 frigidum
845 2937 948 2984 saepe
972 2938 1016 2976 de
1040 2941 1101 2977 ta'i
1126 2940 1259 2988 frigore
1285 2940 1379 2979 dica-

355 2981 414 3012 tur
429 3003 438 3018 ‚
468 2979 572 3024 quale
596 2991 687 3028 aqua
710 2986 747 3019 ὃς
771 2986 898 3021 umbra
922 2989 1095 3032 pi·a.·stare
1119 2991 1276 3037 possunt.
1316 2992 1380 3030 Al-

357 3032 478 3081 terum
511 3035 637 3064 tamen
669 3041 745 3066 non
780 3035 1045 3080 repudiandum
1079 3040 1259 3084 existimO.
1288 3043 1383 3083 Ovi-

355 3076 437 3129 dms
457 3076 566 3117 Xlll.
589 3078 744 3120 Metam.
769 3092 819 3120 vs.
844 3094 927 3132 790.

1499 2695 1516 2730 7
1549 2684 1717 2733 Resumit.
1737 2682 1754 2732 ]
1796 2682 1933 2720 Iterum
1967 2677 2093 2715 dicitur
2113 2669 2247 2707 flumen
2270 2668 2438 2716 resumere
2454 2697 2464 2713 ,

1447 2746 1530 2772 cum
1554 2736 1679 2783 incipit
1701 2733 1813 2772 fluere
1833 2731 1981 2780 plenius.
2010 2725 2073 2761 Ca
2090 2732 2147 2775 ra
2163 2729 2198 2774 {¹-
2321 2770 2325 2775 ,
2343 2774 2346 2775 ⁷

1506 2786 1527 2823 8
1558 2786 1620 2822 Sed
1644 2785 1803 2822 formam
1825 2781 1983 2828 aliquam
2005 2771 2050 2809 ad
2069 2781 2238 2806 eximiam
2249 2768 2464 2819 p.pn‘lam.]

1452 2843 1620 2874 Formam
1645 2863 1656 2880 ,
1695 2831 1852 2882 suspecta
1885 2837 1959 2864 vox
1982 2821 2039 2861 est.
2079 2819 2233 2874 Bau-rii.
2277 2826 2468 2875 formam,

1450 2888 1525 2925 hoc
1547 2886 1619 2930 est,
1647 2885 1766 2923 ideam
1782 2909 1792 2924 ,
1821 2875 2025 2922 exemplar,
2053 2882 2072 2907 a
2090 2869 2237 2929 ἱριὲἶοτε
2261 2882 2384 2927 a.1quo
2410 2871 2471 2909 seu

1452 2935 1588 2975 artifice
1616 2932 1814 2972 confictum
1847 2923 2040 2973 ingeniose.
2081 2921 2250 2958 solebant
2281 2933 2379 2977 cmm
2391 2923 2474 2968 sar-

1452 3000 1530 3025 mas
1552 2984 1730 3032 adpellare
1753 2980 1806 3017 illa
1830 2973 2047 3022 exemplaria
2062 3000 2072 3016 ‚
2099 2971 2144 3007 ad
2169 2983 2262 3020 quae
2289 2976 2472 3028 pictorum

1453 3034 1612 3082 discipuli
1642 3031 1676 3069 se
1710 3028 1936 3067 exercebant.
1977 3025 2194 3061 Sensum.
2225 3023 2372 3060 Barthio
2399 3033 2477 3061 vox

1449 3087 1607 3135 formam
1641 3079 1799 3130 suspecta
1832 3085 1907 3118 erat
1929 3104 1941 3123 ,
1982 3074 2156 3127 (elianus
2181 3074 2291 3114 ctiam
2313 3074 2479 3164 laborata
