2616 3686
273 178 373 233 680

282 270 298 336 ξ
336 259 408 317 Et
434 270 616 314 totum
639 255 800 312 illud:

520 178 579 228 C.
645 172 1037 226 PLINII
1107 167 1621 221 CAECILII
1689 166 2205 222 SECUNDI

643 380 713 428 9²4
740 382 779 424 δ’
801 377 871 425 ὅτε
898 379 1104 434 χείμαῤῥοι
1130 375 1310 430 ποταμοὶ
1337 373 1429 419 κατ’
1455 373 1594 431 ὄρεσφι
1624 377 1793 432 ῥέοντες,

641 435 709 484 Ε’ς
738 440 1014 491 μισγάγκειαν
1042 435 1325 488 συμβάλλετον
1353 432 1546 489 ὄμβριμον
1572 431 1682 488 ὕδωρ.

240 548 396 612 7Sed
425 564 560 620 opus
584 544 658 600 est
683 544 929 599 examine
954 543 1010 596 &
1037 539 1197 603 libra,
1234 544 1255 571 ²
1276 539 1610 597 incredibilia
1635 538 1733 594 sint
1760 539 1920 603 haec,
1962 540 2016 595 &
2047 541 2325 608 immania,
2351 559 2419 600 an

288 623 572 694 magnifica
598 621 652 674 &
679 618 943 673 coelestia.
1018 615 1136 669 Nec
1179 630 1325 668 nunc
1357 632 1461 686 ego
1503 633 1592 671 me
1626 615 1704 671 his
1740 615 1922 670 similia
1947 629 2036 670 aut
2063 614 2286 679 dixisse,
2309 614 2423 672 'aut

288 698 436 773 poss'e
459 697 642 751 dicere
665 707 820 766 puto.
873 708 986 746 non
1024 691 1095 745 ita
1124 686 1326 744 insanio
1352 707 1363 742 :
1405 696 1421 724 ³
1441 690 1534 745 sed
1566 692 1673 746 hoe
1698 691 1923 762 intelligi
1946 692 2074 746 volo
2102 731 2127 755 ,
2166 689 2427 747 laxandos

290 774 393 830 effe
417 772 760 842 eloquentiae
785 767 968 823 frenos
984 803 999 829 ,
1040 782 1141 820 nec
1170 762 1530 836 angustissimo
1559 783 1694 838 gyro
1717 767 2062 838 ingeniorum
2086 767 2317 838 impetus
2343 784 2430 821 re-

245 856 273 903 8
293 846 624 920 fringendOS.

703 845 779 899 At
806 845 950 899 enim
970 847 991 876 ⁴
1018 841 1113 895 alia
1141 838 1388 894 conditio
1419 853 1730 904 oratorum,
1772 843 1869 894 alia
1894 857 2195 913 poetarum.
2253 840 2418 914 Quasi

288 941 422 980 vero
453 920 532 976 M.
554 919 767 975 Tullius
798 920 974 973 minus
1005 915 1198 971 audeat
1223 957 1240 981 ‚
1280 931 1591 987 quanquam
1613 913 1760 969 hunc
1794 918 1993 970 omitto
2021 955 2035 979 ,
2075 932 2250 989 neque
2282 919 2429 972 enim

291 998 491 1069 ambigi
516 1009 668 1067 put0.

745 993 856 1049 Sed
876 989 1270 1048 Demosthenes
1294 989 1404 1062 ipse
1430 1031 1447 1057 ,
1486 990 1575 1043 ille
1602 1006 1794 1044 norma
1819 992 2047 1044 oratoris
2075 1029 2092 1054 ,
2134 991 2187 1044 &
2213 991 2428 1062 regula,

284 1083 304 1148 ,ξ
330 1091 478 1131 nunc
508 1073 560 1127 se
584 1068 874 1126 cohibet&
891 1066 1238 1140 comprimit,
1267 1082 1393 1121 cum
1418 1065 1551 1120 dicit
1580 1065 1661 1120 illa
1682 1063 1986 1121 notissima?
2026 1067 2046 1095 ⁴
2065 1072 2250 1129 ἅνθρωποι
2276 1079 2427 1131 μικροὶ,

346 1238 380 1265 1.
409 1230 456 1264 Et
478 1236 589 1264 totum
611 1221 739 1272 illud.]
767 1220 949 1265 Homeri,
976 1229 1022 1257 ex
1051 1216 1133 1257 Lib.
1152 1215 1222 1255 IV.
1247 1215 1328 1254 Ilia-

293 1277 381 1322 dOS,
412 1278 454 1319 ὦς
475 1278 505 1313 δ’
526 1278 580 1312 ἀ’-τε
604 1273 786 1323 χείμοιρῤοι
810 1272 965 1315 ποταμοὶ
987 1297 998 1315 ,
1037 1279 1109 1308 (9·6.
1135 1267 1171 1307 id
1191 1267 1264 1313 est,
1288 1278 1326 1304 ut

291 1340 411 1366 autem
434 1327 573 1378 quando·
596 1336 758 1365 torrentes
778 1323 883 1372 fluvii
901 1336 917 1360 e
939 1318 1111 1359 montibus
1130 1320 1270 1368 fluentes
1289 1319 1327 1356 in

291 1379 486 1417 convallem
524 1377 702 1424 conserunt
731 1374 917 1426 fiuvialem
950 1383 1098 1422 aquam.
1136 1371 1202 1407 CA
1218 1381 1327 1408 τΑΝ.

288 1429 407 1480 Quod
437 1430 610 1467 Gruterus
637 1440 683 1466 ex
721 1426 855 1464 Aldina
887 1421 1107 1466 adnotavit,
1149 1421 1186 1460 id
1205 1420 1321 1470 ipsum

295 1480 448 1530 praestat
477 1478 668 1517 Mediceus
688 1506 700 1523 ‚
736 1478 774 1514 δί
806 1473 971 1524 expreffit
1000 1472 1213 1521 Gryphius:
1250 1472 1325 1508 ἕντι

295 1532 482 1575 θαλάττης
500 1531 649 1574 κύματος
669 1527 859 1572 συμβολαί.
885 1524 954 1562 Sed
978 1522 1078 1561 Vofl.
1098 1524 1136 1561 δῖ
1157 1521 1328 1561 Ed.Vet.

298 1584 378 1620 ’ὄντε
397 1583 546 1625 κύματος
566 1582 697 1627 ilicem.
723 1574 1068 1626 Utrumquehabet‚
1078 1573 1181 1624 quod
1191 1572 1236 1611 ad
1250 1573 1330 1611 sen-

298 1634 451 1672 tentiam
462 1631 563 1671 Plinii
574 1631 701 1670 melius
718 1630 868 1680 quadret
882 1638 1013 1677 ‚quam
1026 1625 1112 1664 illud
1131 1624 1331 1674 vulgatum.

301 1685 386 1724 Sive
409 1685 507 1722 enim
530 1683 721 1730 conflatum
751 1691 792 1720 <9‘
815 1688 970 1730 pugnam
999 1676 1109 1716 veluti
1130 1675 1333 1726 fluctuum,

300 1735 377 1774 five
394 1735 522 1783 fluetus
549 1733 694 1772 imbrem
722 1731 841 1768 audias
864 1757 875 1774 ,
905 1728 1157 1767 sublimitatem
1178 1729 1330 1778 loquen-

298 1787 335 1826 di
357 1786 534 1836 agnosces.
586 1785 683 1822 Prius
704 1790 830 1820 tamen
848 1779 961 1828 magis
976 1779 1102 1828 placet.

352 1850 390 1876 2.
417 1835 637 1875 Incredibilia
656 1834 731 1886 fint
757 1835 838 1870 haec
863 1841 905 1870 <7¹
933 1828 1140 1880 immania]
1177 1827 1326 1866 incredi-

300 1888 384 1926 bilia
397 1917 407 1934 ,
434 1887 470 1926 id
489 1888 559 1932 est,
587 1887 693 1924 nimis
714 1881 946 1932 hyperbolica
965 1907 977 1925 ,
1011 1883 1072 1920 seu
1092 1879 1194 1929 supra
1215 1878 1328 1917 fidem

300 1940 404 1978 elata.
456 1939 554 1977 Nam
573 1937 612 1974 ὃς
635 1935 811 1974 immania
833 1961 844 1977 ,
876 1931 1013 1983 justum
1034 1931 1193 1969 modum
1225 1941 1334 1969 exce-

301 1991 424 2028 dentia
442 1989 534 2028 sunt.
578 1984 913 2035 Quemadmodum
941 1983 1086 2021 Plautus
1103 1982 1333 2021 Trinummo

304 2043 461 2079 immane
486 2041 628 2087 facinus
651 2039 737 2076 dixit
758 2064 769 2081 ,
807 2034 910 2085 quod
929 2033 1044 2071 verbis
1071 2034 1148 2072 satis
1166 2031 1333 2081 explicari

306 2092 404 2130 haud
422 2091 549 2140 poffet.
586 2090 749 2139 Vellejus
776 2087 858 2124 Lib.
874 2088 921 2124 ΙΙ.
948 2089 1042 2121 Cum
1062 2084 1183 2123 deinde
1203 2085 1336 2121 imma-

307 2155 373 2181 nes
409 2156 460 2181 res
483 2171 492 2187 ‚
531 2153 571 2180 (9⁶
607 2141 672 2177 vix
698 2137 820 2176 multis
850 2135 1086 2174 voluminibus
1118 2133 1337 2185 explicandas

308 2194 439 2243 Caesar
458 2193 494 2231 in
513 2191 630 2229 Gallia
646 2200 769 2240 ageret.
821 2186 989 2235 Virgilius
1011 2197 1161 2235 quoque
1184 2183 1341 2223 Aeneid.

305 2245 372 2283 IX.
399 2244 573 2282 immania
594 2242 722 2291 templa
741 2240 850 2283 dixit,
873 2247 965 2286 quae
984 2237 1183 2275 immensae
1202 2236 1342 2284 magni-

307 2295 440 2333 tudinis
469 2293 694 2342 fignificabat.
749 2291 854 2333 Alii,
879 2287 1001 2326 inania
1025 2316 1036 2332 ,
1066 2288 1204 2334 legunt.
1237 2286 1339 2337 quod

305 2347 389 2385 sane
407 2345 504 2385 haud
535 2345 707 2392 displicet,
758 2341 864 2379 Haec
889 2339 988 2377 enim
1016 2336 1202 2388 coelestibus
1223 2366 1234 2383 ,
1269 2338 1342 2375 hoc

314 2398 389 2442 est,
419 2409 503 2436 vere
525 2395 751 2438 sublimibus,
777 2403 869 2442 quae
894 2401 985 2427 mox
1008 2389 1185 2439 appellat,
1213 2399 1334 2438 oppo-

313 2456 460 2487 nuntur.
491 2447 680 2495 Longinus
700 2446 853 2487 μετέωρκ
880 2441 1035 2490 appellat
1057 2454 1065 2479 :
1103 2441 1142 2478 ὅ(
1160 2441 1229 2482 τοῖς
1250 2439 1340 2480 dan.

313 2503 386 2542 λοῖς
421 2499 579 2537 similiter
597 2496 763 2546 opponit.
815 2492 994 2542 Significat
1012 2492 1109 2530 enim
1133 2502 1221 2531 vere
1242 2490 1343 2528 subii--

316 2563 418 2590 mem
452 2548 757 2598 magnificamque
793 2546 1000 2586 orationem
1028 2542 1172 2581 coelesti
1196 2550 1345 2581 naturae

314 2602 554 2650 respondere,
581 2611 674 2650 quae
692 2596 849 2646 liquida,
877 2595 1036 2644 pura,&
1056 2595 1160 2643 plena
1177 2593 1344 2642 augustae

314 2654 401 2692 lucis
424 2667 434 2696 ;
464 2652 595 2691 elatam
615 2652 735 2699 inepte
755 2658 797 2685 ac
814 2645 991 2695 turgidam
1015 2673 1025 2690 ‚
1059 2645 1107 2683 illi
1126 2645 1264 2692 regioni
1285 2655 1344 2682 ae—

316 2706 359 2742 ris
384 2733 393 2749 ‚
432 2704 490 2742 ubi
529 2703 640 2741 nubes
663 2729 674 2746 ‚
701 2698 813 2738 nimbi
835 2726 845 2742 ,
872 2697 1013 2746 pluviae
1036 2702 1187 2744 regnant
1208 2711 1218 2740 ;
1248 2707 1342 2743 quae

317 2757 395 2802 plus
428 2755 584 2792 horroris
609 2764 649 2790 ac
680 2749 888 2793 molestiae,
920 2758 1029 2796 quam
1063 2748 1285 2785 reverentiae
1306 2758 1346 2784 ac

318 2806 508 2854 majestatis
525 2805 668 2843 habent.
696 2803 802 2840 Plane
824 2803 872 2839 ita
898 2797 1074 2836 Horatius
1109 2796 1155 2835 ad
1181 2798 1348 2838 Pisones:

372 2882 498 2930 Migret
517 2883 553 2919 in
574 2881 727 2931 obscuras
748 2877 872 2916 humili
886 2876 1042 2926 sermone
1061 2874 1223 2913 tabernas
1230 2889 1243 2918 ;

381 2937 484 2977 Aut,
511 2933 593 2969 dum
614 2933 708 2969 vitat
731 2930 877 2967 hamum
891 2956 900 2973 ,
913 2926 1017 2964 nubes
1036 2938 1078 2967 <9⁶
1098 2927 1215 2964 inania
1230 2934 1350 2976 captet.

324 3010 423 3051 Nam
443 3009 544 3045 nu'tes
567 3019 607 3046 <9⁴
627 3008 768 3051 inanfa,
795 3009 838 3044 τὰ
861 3009 1064 3058 κκκὸζηλκ,
1093 3007 1165 3045 hoc
1185 3007 1235 3044 est
1252 3033 1260 3048 ‚
1284 3012 1340 3042 tu-

317 3059 413 3098 mida
433 3059 469 3095 δε
488 3059 609 3107 inepte
629 3059 716 3096 elata
728 3066 835 3096 vocat
851 3086 862 3104 ,
888 3058 949 3095 seu
968 3058 1119 3106 μετέωρα
1140 3085 1150 3103 ,
1177 3064 1216 3095 ut
1240 3056 1344 3094 Lon-

2363 1144 2435 1186 καὶ

1395 1217 1499 1265 ginus
1520 1218 1682 1267 appellat.
1708 1217 1736 1255 B
1749 1229 1773 1255 u
1789 1227 1810 1254 c
1823 1228 1848 1254 ιι
1860 1228 1885 1255 N
1901 1229 1921 1256 E
1934 1228 1969 1257 R.
2010 1215 2201 1256 Mediceus
2217 1231 2227 1256 :
2267 1220 2335 1257 Sed
2354 1228 2434 1270 opus

1396 1267 1439 1317 est
1459 1270 1618 1307 examine
1648 1278 1690 1307 <9⁴
1716 1268 1808 1307 libra
1827 1269 1944 1318 inquit
1967 1296 1978 1312 ‚
2015 1268 2230 1307 incredibilia
2252 1270 2328 1317 stnt
2360 1280 2430 1312 cet.

1396 1320 1491 1356 Puto
1511 1319 1612 1358 Plinii
1632 1317 1722 1357 effe:
1744 1319 1809 1368 sed
1826 1328 1904 1369 opus
1924 1320 1966 1366 est
1985 1320 2141 1357 examine
2163 1331 2204 1359 (9⁸
2225 1320 2318 1358 libra
2336 1350 2347 1367 ,
2374 1323 2431 1361 in-

1397 1380 1531 1419 quam,
1560 1370 1772 1408 incredibilia
1799 1370 1875 1418 Jmt
1897 1398 1908 1414 ‚
1945 1379 2015 1408 cet.
2053 1370 2152 1408 Nam
2193 1370 2291 1409 idem
2313 1372 2429 1412 sensus

1397 1419 1628 1470 praecesserat
1654 1432 1690 1459 n.
1710 1422 1746 1460 6.
1769 1422 1829 1469 [ed
1851 1422 1924 1458 am·
1941 1421 2126 1459 intentione
2156 1420 2428 1468 dijudicandum

1396 1471 1461 1519 est,
1491 1480 1561 1511 cet.
1582 1474 1619 1511 δε
1639 1471 1677 1508 in
1695 1471 1922 1509 adsumtione
1949 1470 2114 1514 eiusdem
2134 1471 2329 1511 sententiae
2347 1475 2429 1523 post

1395 1523 1575 1572 quaedam
1595 1521 1803 1571 interposita
1827 1522 1936 1559 etiam
1967 1522 2132 1559 Verbum
2161 1522 2307 1572 inquam
2330 1525 2433 1563 adhi-

1397 1573 1472 1612 beri
1496 1603 1508 1619 ,
1544 1575 1639 1612 inter
1663 1584 1793 1611 omnes
1826 1572 1975 1611 constat.
2011 1571 2117 1610 Voff.
2138 1573 2296 1613 Helmst.
2316 1576 2430 1615 ArnZ.

1399 1625 1438 1662 δε
1460 1625 1528 1663 Ed.
1555 1624 1641 1662 Vet.
1661 1635 1773 1662 voces
1795 1634 1837 1662 <9⁴
1854 1623 1945 1661 libra
1973 1624 2159 1662 omittunt.
2205 1625 2319 1663 Aldus
2351 1628 2432 1664 ina-

1401 1675 1474 1715 nia.
1509 1677 1571 1715 De
1590 1677 1758 1714 oratione
1787 1673 1909 1722 coelesti
1935 1675 2102 1714 nonnihil
2133 1673 2205 1714 dixi
2227 1675 2273 1714 ad
2300 1676 2381 1717 Lib.
2400 1677 2432 1716 1.

1399 1726 1511 1776 Epist.
1532 1726 1617 1764 XX.
1643 1738 1678 1765 n.
1696 1738 1757 1765 22.

1454 1789 1488 1828 3.
1515 1779 1580 1816 Sed
1597 1778 1668 1816 hoc
1684 1777 1829 1825 intelligi
1848 1775 1962 1827 vola]
1994 1777 2167 1826 Optimus
2187 1790 2196 1815 :
2224 1777 2353 1828 sedita
2374 1778 2432 1816 in-‘

1397 1829 1506 1878 telligi
1534 1829 1621 1867 velo.
1674 1829 1836 1867 Eaedem
1870 1827 2102 1867 membranae
2123 1828 2246 1867 infra:
2285 1841 2343 1866 nec
2363 1842 2430 1866 an-

1396 1879 1574 1931 gustiffimo
1593 1893 1676 1929 gyro
1695 1880 1717 1918 i.
1741 1881 1767 1917 i.
1785 1879 2014 1930 refringendos
2027 1907 2037 1923 ‚
2065 1880 2190 1918 omnia
2209 1878 2433 1927 excludunt,

1402 1931 1441 1968 ὅτ.
1462 1939 1635 1980 pergunt:
1666 1932 1743 1969 Alia
1762 1933 1852 1969 enim
1876 1958 1886 1975 ,
1914 1931 1984 1968 alia
2004 1930 2148 1968 conditio
2169 1939 2357 1969 oratorum.
2383 1943 2430 1970 ex

1404 1993 1480 2031 quo
1501 1991 1624 2021 tamen
1646 1989 1743 2030 patet
1764 1986 1820 2020 At
1843 1982 1933 2019 enim
1955 1982 2073 2029 potius
2093 1980 2315 2018 scribendum
2344 1980 2432 2028 effe,

1404 2032 1506 2081 quod
1525 2033 1576 2071 est
1595 2035 1632 2071 in
1653 2032 1779 2071 ceteris
1813 2032 1917 2070 MSS.
1948 2034 1986 2070 ὅ(
2009 2031 2077 2069 Ed.
2105 2032 2194 2071 Vet.
2217 2042 2328 2080 quam
2352 2036 2435 2070 Ete-

1404 2083 1477 2121 nim
1492 2111 1503 2129 ‚
1522 2083 1624 2133 quod
1647 2083 1863 2121 recentiores
1889 2082 2035 2131 quidam
2057 2082 2214 2130 amplexi
2232 2083 2323 2120 sunt.
2375 2086 2431 2120 At

1402 2135 1495 2173 enim
1523 2136 1627 2173 servit
1655 2134 1898 2182 Occupationi
1920 2160 1930 2177 ‚
1968 2140 2008 2170 ut
2038 2131 2191 2170 diximus
2223 2133 2268 2171 ad
2299 2132 2432 2171 Sallust.

1406 2185 1487 2223 Cat.
1523 2197 1599 2234 cap.
1618 2186 1684 2223 Li.
1719 2197 1755 2223 n.
1776 2197 1837 2230 25.
1871 2184 1924 2221 At
1951 2184 2049 2221 enim
2078 2184 2152 2233 quis
2181 2183 2395 2233 reprehendet
2417 2210 2429 2226 ,

1406 2237 1497 2286 quod
1517 2237 1552 2273 in
1571 2235 1763 2286 parricidas
1782 2235 2042 2284 reip.decretum
2053 2235 2128 2272 erit.
2153 2234 2282 2273 Plinius
2296 2231 2432 2272 Lib.11.

1408 2289 1502 2326 Hist.
1525 2288 1609 2325 Nat.
1637 2299 1715 2334 cap.
1736 2286 1861 2323 XVll.
1896 2286 1948 2323 At
1961 2285 2060 2323 enim
2081 2297 2141 2322 cur
2161 2298 2226 2322 non
2233 2286 2365 2335 semper
2380 2281 2431 2319 ad

1409 2339 1647 2389 quadraginta
1671 2338 1734 2388 sex
1753 2366 1764 2382 ‚
1804 2346 1845 2376 ω’
1876 2337 1925 2374 ad
1952 2344 2067 2386 parm
2085 2336 2210 2386 viginti
2229 2346 2296 2373 tres
2309 2343 2433 2383 perve-

1407 2391 1540 2430 niunt?
1571 2396 1680 2426 Immo
1703 2401 1806 2433 vero,
1833 2395 1904 2426 cet.

1463 2454 1498 2486 4.
1526 2440 1615 2478 Alia
1636 2439 1781 2478 conditio
1802 2438 2019 2488 oratorum]
2050 2438 2104 2475 Μ.
2130 2435 2270 2474 Tullius
2289 2432 2332 2471 de
2351 2444 2432 2482 per-

1412 2493 1512 2531 fecfi‘to
1551 2499 1694 2530 oratore
1728 2490 1844 2540 poetis
1873 2489 2065 2538 plurimum
2094 2487 2254 2525 licentiae
2280 2483 2431 2528 tribuit,

1414 2545 1533 2582 minus
1555 2543 1707 2581 oratori:
1722 2544 1760 2579 ὅς
1783 2540 1909 2577 Fabius
1929 2540 2065 2587 inquit,
2087 2534 2344 2574 Meminerimus
2365 2547 2433 2571 non

1409 2605 1467 2645 per
1485 2594 1599 2633 omnia
1619 2600 1745 2644 poetas
1762 2591 1822 2642 effe
1838 2591 1970 2627 oratori
1982 2587 2185 2638 sequendos,
2199 2597 2255 2622 nec
2269 2583 2433 2639 ,libertate

1414 2646 1597 2684 verborum
1621 2674 1631 2690 ‚
1667 2656 1724 2681 nec
1745 2643 1880 2680 licentia
1900 2640 2090 2688 figurarum
2111 2652 2122 2672 .·
2157 2636 2198 2680 est
2220 2647 2309 2671 emm
2328 2648 2432 2684 genus

1413 2698 1624 2746 ostentationi
1641 2702 1876 2743 comparatum
1888 2718 1896 2731 ‚
1922 2689 2011 2739 thd
2027 2700 2092 2723 ’²0⁷2
2108 2686 2201 2734 falsa
2225 2686 2322 2721 modo
2336 2713 2345 2729 ν
2376 2687 2432 2730 sed

1414 2744 1626 2788 iiicredibilia
1651 2745 1816 2794 sebiatur.
1874 2742 2276 2793 Qiianquamutei‘que
2306 2735 2431 2774 audior

1416 2800 1534 2838 scribat
1547 2800 1580 2836 in
1594 2796 1711 2833 multis
1723 2801 1902 2831 oratorem
1917 2796 2043 2836 poetae
2057 2797 2262 2824 unitimum.
2277 2787 2433 2826 snm.

1472 2864 1504 2900 5.
1536 2856 1631 2885 Num
1646 2847 1681 2894 se
1699 2843 1842 2881 cohibet
1863 2840 1877 2887 'l
1910 2837 2094 2875 Mediceus
2114 2850 2121 2873 :
2153 2850 2236 2873 nam
2252 2837 2289 2886 se
2308 2836 2437 2875 cohibe-

1416 2900 1478 2939 bit.
1506 2897 1656 2937 Hclmst.
1686 2896 1723 2931 ὃ(
1754 2892 1818 2929 Ed.
1853 2891 1935 2926 Vct.
1963 2901 2028 2925 non
2047 2888 2085 2936 se
2115 2887 2241 2924 cohibet
2261 2899 2342 2924 cum
2367 2890 2438 2935 pri-

1418 2962 1521 2987 mum
1536 2979 1545 2992 ,
1574 2961 1651 2984 cam
1669 2945 1779 2986 dixit,
1808 2948 1873 2977 cet,
1901 2940 2009 2977 etiam
2033 2940 2145 2976 Arm..
2164 2952 2239 2975 cum
2253 2939 2407 2988 primam
2422 2966 2434 2984 ‚

1416 3011 1481 3049 pro
1498 3012 1540 3039 ω’
1561 2994 1759 3042 comprimit.
1783 2991 1888 3028 male.

1469 3050 1503 3088 6,
1522 3049 1708 3098 ’Ἀνθρωποι
1728 3040 1840 3092 μιαροὶ
1865 3040 1949 3086 nx),
1977 3041 2071 3091 effe]
2102 3040 2143 3079 Id
2165 3040 2214 3079 cst
2236 3068 2247 3085 ,
2285 3039 2439 3077 homines

2295 3091 2422 3142 fielesti
2430 3116 2443 3136 ,
