<?xml version="1.0" encoding="UTF-8"?>
<!DOCTYPE html PUBLIC "-//W3C//DTD XHTML 1.0 Transitional//EN"
    "http://www.w3.org/TR/xhtml1/DTD/xhtml1-transitional.dtd">
<html xmlns="http://www.w3.org/1999/xhtml" xml:lang="en" lang="en">
 <head>
  <title>
</title>
<meta http-equiv="Content-Type" content="text/html;charset=utf-8" />
  <meta name='ocr-system' content='tesseract 3.04.00' />
  <meta name='ocr-capabilities' content='ocr_page ocr_carea ocr_par ocr_line ocrx_word'/>
</head>
<body>
  <div class='ocr_page' id='page_1' title='image "./caiipliniicaecil00plin_0709.png"; bbox 0 0 2616 3686; ppageno 0'>
   <div class='ocr_carea' id='block_1_1' title="bbox 594 191 1914 260">
    <p class='ocr_par' dir='ltr' id='par_1_1' title="bbox 594 191 1914 260">
     <span class='ocr_line' id='line_1_1' title="bbox 594 191 1914 260; baseline 0.01 -14"><span class='ocrx_word' id='word_1_1' title='bbox 594 194 941 246; x_wconf 83' lang='lat' dir='ltr'>LrBER</span> <span class='ocrx_word' id='word_1_2' title='bbox 1011 194 1105 246; x_wconf 91' lang='lat' dir='ltr'>IX.</span> <span class='ocrx_word' id='word_1_3' title='bbox 1175 191 1751 252; x_wconf 78' lang='lat' dir='ltr'>EPI&#39;STOLA</span> <span class='ocrx_word' id='word_1_4' title='bbox 1822 208 1914 260; x_wconf 92' lang='lat' dir='ltr'>IX.</span> 
     </span>
    </p>
   </div>
   <div class='ocr_carea' id='block_1_2' title="bbox 2219 226 2317 286">
    <p class='ocr_par' dir='ltr' id='par_1_2' title="bbox 2219 226 2317 286">
     <span class='ocr_line' id='line_1_2' title="bbox 2219 226 2317 286; baseline 0.02 -2"><span class='ocrx_word' id='word_1_5' title='bbox 2219 226 2317 286; x_wconf 80' lang='lat'>645</span> 
     </span>
    </p>
   </div>
   <div class='ocr_carea' id='block_1_3' title="bbox 157 262 2354 430">
    <p class='ocr_par' dir='ltr' id='par_1_3' title="bbox 157 262 2354 430">
     <span class='ocr_line' id='line_1_3' title="bbox 157 262 2311 364; baseline 0.005 -27"><span class='ocrx_word' id='word_1_6' title='bbox 157 262 332 341; x_wconf 80' lang='lat' dir='ltr'>secus,</span> <span class='ocrx_word' id='word_1_7' title='bbox 372 295 432 333; x_wconf 85' lang='lat' dir='ltr'>ae</span> <span class='ocrx_word' id='word_1_8' title='bbox 457 271 842 330; x_wconf 61' lang='lat' dir='ltr'>defunctorum</span> <span class='ocrx_word' id='word_1_9' title='bbox 879 271 1288 356; x_wconf 78' lang='lat' dir='ltr'>obliviscuntur.</span> <span class='ocrx_word' id='word_1_10' title='bbox 1337 274 1430 329; x_wconf 89' lang='lat' dir='ltr'>sed</span> <span class='ocrx_word' id='word_1_11' title='bbox 1457 276 1554 331; x_wconf 76' lang='lat' dir='ltr'>tibi</span> <span class='ocrx_word' id='word_1_12' title='bbox 1579 283 1830 348; x_wconf 88' lang='lat' dir='ltr'>perennis</span> <span class='ocrx_word' id='word_1_13' title='bbox 1854 286 2020 354; x_wconf 72' lang='lat' dir='ltr'>fideS,</span> <span class='ocrx_word' id='word_1_14' title='bbox 2059 300 2311 364; x_wconf 85' lang='lat' dir='ltr'>tantaque</span> 
     </span>
     <span class='ocr_line' id='line_1_4' title="bbox 161 347 2354 430; baseline 0.004 -20"><span class='ocrx_word' id='word_1_15' title='bbox 161 358 216 410; x_wconf 91' lang='lat' dir='ltr'>in</span> <span class='ocrx_word' id='word_1_16' title='bbox 244 368 430 408; x_wconf 88' lang='lat' dir='ltr'>amore</span> <span class='ocrx_word' id='word_1_17' title='bbox 451 347 776 410; x_wconf 84' lang='lat' dir='ltr'>constantia,</span> <span class='ocrx_word' id='word_1_18' title='bbox 817 359 875 400; x_wconf 88' lang='lat' dir='ltr'>ut</span> <span class='ocrx_word' id='word_1_19' title='bbox 903 347 1045 400; x_wconf 79' lang='lat' dir='ltr'>finiri</span> <span class='ocrx_word' id='word_1_20' title='bbox 1063 385 1078 409; x_wconf 94' lang='lat'>,</span> <span class='ocrx_word' id='word_1_21' title='bbox 1120 353 1214 400; x_wconf 78' lang='lat' dir='ltr'>n111</span> <span class='ocrx_word' id='word_1_22' title='bbox 1241 362 1332 401; x_wconf 85' lang='lat' dir='ltr'>tua</span> <span class='ocrx_word' id='word_1_23' title='bbox 1358 364 1562 414; x_wconf 82' lang='lat' dir='ltr'>morte,</span> <span class='ocrx_word' id='word_1_24' title='bbox 1582 369 1694 406; x_wconf 89' lang='lat' dir='ltr'>non</span> <span class='ocrx_word' id='word_1_25' title='bbox 1709 354 1884 423; x_wconf 88' lang='lat' dir='ltr'>poffit.</span> <span class='ocrx_word' id='word_1_26' title='bbox 1926 358 1998 412; x_wconf 85' lang='lat' dir='ltr'>Et</span> <span class='ocrx_word' id='word_1_27' title='bbox 2024 361 2305 430; x_wconf 73' lang='lat' dir='ltr'>Hercule,</span> <span class='ocrx_word' id='word_1_28' title='bbox 2328 392 2354 424; x_wconf 75' lang='lat'><em>2</em></span> 
     </span>
    </p>
   </div>
   <div class='ocr_carea' id='block_1_4' title="bbox 157 424 717 497">
    <p class='ocr_par' dir='ltr' id='par_1_4' title="bbox 157 424 717 497">
     <span class='ocr_line' id='line_1_5' title="bbox 157 424 717 497; baseline -0.011 -15"><span class='ocrx_word' id='word_1_29' title='bbox 157 431 200 482; x_wconf 86' lang='lat' dir='ltr'>is</span> <span class='ocrx_word' id='word_1_30' title='bbox 227 427 324 480; x_wconf 86' lang='lat' dir='ltr'>fuit</span> <span class='ocrx_word' id='word_1_31' title='bbox 348 424 674 497; x_wconf 82' lang='lat' dir='ltr'><strong>Quintianus</strong></span> <span class='ocrx_word' id='word_1_32' title='bbox 702 459 717 484; x_wconf 90' lang='lat'>‚</span> 
     </span>
    </p>
   </div>
   <div class='ocr_carea' id='block_1_5' title="bbox 164 420 1867 563">
    <p class='ocr_par' dir='ltr' id='par_1_5' title="bbox 164 420 1867 563">
     <span class='ocr_line' id='line_1_6' title="bbox 755 420 1867 498; baseline 0.009 -24"><span class='ocrx_word' id='word_1_33' title='bbox 755 438 920 493; x_wconf 84' lang='lat' dir='ltr'>quem</span> <span class='ocrx_word' id='word_1_34' title='bbox 957 426 971 450; x_wconf 90' lang='lat'>¹</span> <span class='ocrx_word' id='word_1_35' title='bbox 1009 420 1159 492; x_wconf 82' lang='lat' dir='ltr'>diligi</span> <span class='ocrx_word' id='word_1_36' title='bbox 1182 421 1374 476; x_wconf 78' lang='lat' dir='ltr'>dece-at</span> <span class='ocrx_word' id='word_1_37' title='bbox 1404 428 1659 496; x_wconf 80' lang='lat' dir='ltr'>exemplo</span> <span class='ocrx_word' id='word_1_38' title='bbox 1692 428 1867 498; x_wconf 80' lang='lat' dir='ltr'>ipfius.</span> 
     </span>
     <span class='ocr_line' id='line_1_7' title="bbox 164 493 1495 563; baseline -0.001 -8"><span class='ocrx_word' id='word_1_39' title='bbox 164 503 287 563; x_wconf 88' lang='lat' dir='ltr'>bat,</span> <span class='ocrx_word' id='word_1_40' title='bbox 332 498 553 554; x_wconf 87' lang='lat' dir='ltr'>miseros</span> <span class='ocrx_word' id='word_1_41' title='bbox 581 495 863 558; x_wconf 86' lang='lat' dir='ltr'>tuebatur,</span> <span class='ocrx_word' id='word_1_42' title='bbox 908 493 1240 549; x_wconf 71' lang='lat' dir='ltr'>desiderabat</span> <span class='ocrx_word' id='word_1_43' title='bbox 1269 498 1495 554; x_wconf 81' lang='lat' dir='ltr'>amillos,</span> 
     </span>
    </p>
   </div>
   <div class='ocr_carea' id='block_1_6' title="bbox 1565 431 2308 579">
    <p class='ocr_par' dir='ltr' id='par_1_6' title="bbox 1565 431 2308 579">
     <span class='ocr_line' id='line_1_8' title="bbox 1947 431 2308 492; baseline 0.025 -8"><span class='ocrx_word' id='word_1_44' title='bbox 1947 431 2148 489; x_wconf 85' lang='lat' dir='ltr'>Felices</span> <span class='ocrx_word' id='word_1_45' title='bbox 2171 456 2308 492; x_wconf 85' lang='lat' dir='ltr'>ama—</span> 
     </span>
     <span class='ocr_line' id='line_1_9' title="bbox 1565 500 2308 579; baseline 0.017 -25"><span class='ocrx_word' id='word_1_46' title='bbox 1565 500 1686 570; x_wconf 88' lang='lat' dir='ltr'>Jam</span> <span class='ocrx_word' id='word_1_47' title='bbox 1710 503 1822 566; x_wconf 89' lang='lat' dir='ltr'>illa,</span> <span class='ocrx_word' id='word_1_48' title='bbox 1865 511 2098 576; x_wconf 86' lang='lat' dir='ltr'>²quanta</span> <span class='ocrx_word' id='word_1_49' title='bbox 2125 511 2308 579; x_wconf 87' lang='lat' dir='ltr'>probi-</span> 
     </span>
    </p>
   </div>
   <div class='ocr_carea' id='block_1_7' title="bbox 120 569 2338 881">
    <p class='ocr_par' dir='ltr' id='par_1_7' title="bbox 120 569 2338 881">
     <span class='ocr_line' id='line_1_10' title="bbox 120 569 2306 652; baseline 0.005 -24"><span class='ocrx_word' id='word_1_50' title='bbox 120 588 127 593; x_wconf 41' lang='lat' dir='ltr'><strong><em>s</em></strong></span> <span class='ocrx_word' id='word_1_51' title='bbox 166 589 244 628; x_wconf 86' lang='lat' dir='ltr'>tas</span> <span class='ocrx_word' id='word_1_52' title='bbox 268 576 322 628; x_wconf 90' lang='lat' dir='ltr'>in</span> <span class='ocrx_word' id='word_1_53' title='bbox 344 591 441 627; x_wconf 86' lang='lat' dir='ltr'>ore</span> <span class='ocrx_word' id='word_1_54' title='bbox 469 574 486 626; x_wconf 85' lang='lat'>?</span> <span class='ocrx_word' id='word_1_55' title='bbox 530 579 546 607; x_wconf 79' lang='lat'>³</span> <span class='ocrx_word' id='word_1_56' title='bbox 572 583 772 643; x_wconf 86' lang='lat' dir='ltr'>quanta</span> <span class='ocrx_word' id='word_1_57' title='bbox 798 571 852 624; x_wconf 92' lang='lat' dir='ltr'>in</span> <span class='ocrx_word' id='word_1_58' title='bbox 878 569 1127 640; x_wconf 76' lang='lat' dir='ltr'>sermone</span> <span class='ocrx_word' id='word_1_59' title='bbox 1153 572 1425 628; x_wconf 58' lang='lat' dir='ltr'>cunctatio</span> <span class='ocrx_word' id='word_1_60' title='bbox 1454 576 1472 627; x_wconf 70' lang='grc' dir='ltr'><strong><em>ἓ</em></strong></span> <span class='ocrx_word' id='word_1_61' title='bbox 1526 581 1546 611; x_wconf 82' lang='lat'><strong>⁴</strong></span> <span class='ocrx_word' id='word_1_62' title='bbox 1567 593 1728 647; x_wconf 85' lang='lat' dir='ltr'>quam</span> <span class='ocrx_word' id='word_1_63' title='bbox 1751 579 1862 649; x_wconf 83' lang='lat' dir='ltr'>pari</span> <span class='ocrx_word' id='word_1_64' title='bbox 1891 580 2023 634; x_wconf 82' lang='lat' dir='ltr'>libra</span> <span class='ocrx_word' id='word_1_65' title='bbox 2049 586 2306 652; x_wconf 85' lang='lat' dir='ltr'>gravitas,</span> 
     </span>
     <span class='ocr_line' id='line_1_11' title="bbox 169 631 2303 726; baseline 0.005 -23"><span class='ocrx_word' id='word_1_66' title='bbox 169 644 700 719; x_wconf 87' lang='lat' dir='ltr'>comitasque?quod</span> <span class='ocrx_word' id='word_1_67' title='bbox 728 631 960 698; x_wconf 55' lang='lat' dir='ltr'>studiuin</span> <span class='ocrx_word' id='word_1_68' title='bbox 990 647 1296 700; x_wconf 85' lang='lat' dir='ltr'>literarum?</span> <span class='ocrx_word' id='word_1_69' title='bbox 1317 649 1469 719; x_wconf 89' lang='lat' dir='ltr'>quod</span> <span class='ocrx_word' id='word_1_70' title='bbox 1492 649 1794 719; x_wconf 84' lang='lat' dir='ltr'>judicium?</span> <span class='ocrx_word' id='word_1_71' title='bbox 1819 671 1924 725; x_wconf 89' lang='lat' dir='ltr'>qua</span> <span class='ocrx_word' id='word_1_72' title='bbox 1947 657 2144 726; x_wconf 85' lang='lat' dir='ltr'>pietate</span> <span class='ocrx_word' id='word_1_73' title='bbox 2175 676 2303 715; x_wconf 82' lang='lat' dir='ltr'>cum</span> 
     </span>
     <span class='ocr_line' id='line_1_12' title="bbox 164 719 2301 800; baseline 0.006 -23"><span class='ocrx_word' id='word_1_74' title='bbox 164 730 178 758; x_wconf 88' lang='lat'><em>⁵</em></span> <span class='ocrx_word' id='word_1_75' title='bbox 203 721 550 778; x_wconf 85' lang='lat' dir='ltr'>diffimillimo</span> <span class='ocrx_word' id='word_1_76' title='bbox 574 733 724 792; x_wconf 86' lang='lat' dir='ltr'>patre</span> <span class='ocrx_word' id='word_1_77' title='bbox 747 719 955 773; x_wconf 83' lang='lat' dir='ltr'>vivebat</span> <span class='ocrx_word' id='word_1_78' title='bbox 980 720 997 772; x_wconf 86' lang='lat'>?</span> <span class='ocrx_word' id='word_1_79' title='bbox 1052 729 1070 753; x_wconf 81' lang='lat'>⁶</span> <span class='ocrx_word' id='word_1_80' title='bbox 1108 738 1269 793; x_wconf 86' lang='lat' dir='ltr'>quam</span> <span class='ocrx_word' id='word_1_81' title='bbox 1295 740 1406 777; x_wconf 91' lang='lat' dir='ltr'>non</span> <span class='ocrx_word' id='word_1_82' title='bbox 1429 724 1668 778; x_wconf 82' lang='lat' dir='ltr'>obstabat</span> <span class='ocrx_word' id='word_1_83' title='bbox 1698 727 1773 780; x_wconf 92' lang='lat' dir='ltr'>illi</span> <span class='ocrx_word' id='word_1_84' title='bbox 1801 764 1816 789; x_wconf 90' lang='lat'>,</span> <span class='ocrx_word' id='word_1_85' title='bbox 1864 746 1976 800; x_wconf 88' lang='lat' dir='ltr'>quo</span> <span class='ocrx_word' id='word_1_86' title='bbox 2014 736 2189 786; x_wconf 87' lang='lat' dir='ltr'>minus</span> <span class='ocrx_word' id='word_1_87' title='bbox 2219 737 2301 789; x_wconf 78' lang='lat' dir='ltr'>vir</span> 
     </span>
     <span class='ocr_line' id='line_1_13' title="bbox 166 793 2338 881; baseline 0.006 -29"><span class='ocrx_word' id='word_1_88' title='bbox 166 799 400 869; x_wconf 82' lang='lat' dir='ltr'>optimus</span> <span class='ocrx_word' id='word_1_89' title='bbox 424 796 700 851; x_wconf 85' lang='lat' dir='ltr'>videretur</span> <span class='ocrx_word' id='word_1_90' title='bbox 719 832 736 856; x_wconf 95' lang='lat'><strong><em>,</em></strong></span> <span class='ocrx_word' id='word_1_91' title='bbox 779 793 930 864; x_wconf 84' lang='lat' dir='ltr'>quod</span> <span class='ocrx_word' id='word_1_92' title='bbox 959 810 1067 849; x_wconf 85' lang='lat' dir='ltr'>erat</span> <span class='ocrx_word' id='word_1_93' title='bbox 1092 797 1329 864; x_wconf 84' lang='lat' dir='ltr'>optimus</span> <span class='ocrx_word' id='word_1_94' title='bbox 1355 797 1521 856; x_wconf 85' lang='lat' dir='ltr'>filius?</span> <span class='ocrx_word' id='word_1_95' title='bbox 1563 797 1670 853; x_wconf 88' lang='lat' dir='ltr'>Sed</span> <span class='ocrx_word' id='word_1_96' title='bbox 1701 801 1834 872; x_wconf 87' lang='lat' dir='ltr'>quid</span> <span class='ocrx_word' id='word_1_97' title='bbox 1869 803 2117 861; x_wconf 89' lang='lat' dir='ltr'>dolorem</span> <span class='ocrx_word' id='word_1_98' title='bbox 2142 819 2338 881; x_wconf 80' lang='lat' dir='ltr'>tuum3</span> 
     </span>
    </p>
   </div>
   <div class='ocr_carea' id='block_1_8' title="bbox 163 867 2297 953">
    <p class='ocr_par' dir='ltr' id='par_1_8' title="bbox 163 867 2297 953">
     <span class='ocr_line' id='line_1_14' title="bbox 163 867 2297 953; baseline 0.005 -25"><span class='ocrx_word' id='word_1_99' title='bbox 163 872 457 936; x_wconf 80' lang='lat' dir='ltr'>exulcero?</span> <span class='ocrx_word' id='word_1_100' title='bbox 498 885 805 943; x_wconf 83' lang='lat' dir='ltr'>quanquam</span> <span class='ocrx_word' id='word_1_101' title='bbox 835 867 902 923; x_wconf 80' lang='lat' dir='ltr'>lic</span> <span class='ocrx_word' id='word_1_102' title='bbox 930 871 1106 926; x_wconf 88' lang='lat' dir='ltr'>amasti</span> <span class='ocrx_word' id='word_1_103' title='bbox 1130 876 1148 905; x_wconf 92' lang='lat'><strong><em>⁷</em></strong></span> <span class='ocrx_word' id='word_1_104' title='bbox 1164 868 1420 940; x_wconf 85' lang='lat' dir='ltr'>juvenem</span> <span class='ocrx_word' id='word_1_105' title='bbox 1443 911 1459 937; x_wconf 92' lang='lat'>,</span> <span class='ocrx_word' id='word_1_106' title='bbox 1512 875 1529 901; x_wconf 81' lang='lat'>⁸</span> <span class='ocrx_word' id='word_1_107' title='bbox 1553 888 1610 928; x_wconf 91' lang='lat' dir='ltr'>ut</span> <span class='ocrx_word' id='word_1_108' title='bbox 1640 873 1748 929; x_wconf 87' lang='lat' dir='ltr'>hoc</span> <span class='ocrx_word' id='word_1_109' title='bbox 1773 879 1984 948; x_wconf 78' lang='lat' dir='ltr'>potiuS,</span> <span class='ocrx_word' id='word_1_110' title='bbox 2023 897 2182 953; x_wconf 90' lang='lat' dir='ltr'>quam</span> <span class='ocrx_word' id='word_1_111' title='bbox 2226 883 2297 939; x_wconf 90' lang='lat' dir='ltr'>de</span> 
     </span>
    </p>
   </div>
   <div class='ocr_carea' id='block_1_9' title="bbox 210 1041 1184 1096">
    <p class='ocr_par' dir='ltr' id='par_1_9' title="bbox 210 1041 1184 1096">
     <span class='ocr_line' id='line_1_15' title="bbox 210 1041 1184 1096; baseline 0.003 -13"><span class='ocrx_word' id='word_1_112' title='bbox 210 1055 246 1083; x_wconf 83' lang='lat'>1.</span> <span class='ocrx_word' id='word_1_113' title='bbox 282 1044 392 1094; x_wconf 83' lang='lat' dir='ltr'>Diligi</span> <span class='ocrx_word' id='word_1_114' title='bbox 417 1045 532 1093; x_wconf 60' lang='lat' dir='ltr'>deceat</span> <span class='ocrx_word' id='word_1_115' title='bbox 563 1043 711 1093; x_wconf 69' lang='lat' dir='ltr'>exemplo</span> <span class='ocrx_word' id='word_1_116' title='bbox 741 1041 878 1093; x_wconf 77' lang='lat' dir='ltr'>ipssus.]</span> <span class='ocrx_word' id='word_1_117' title='bbox 920 1043 975 1082; x_wconf 81' lang='lat' dir='ltr'>Sic</span> <span class='ocrx_word' id='word_1_118' title='bbox 1010 1046 1184 1096; x_wconf 86' lang='lat' dir='ltr'><strong>Optimus</strong></span> 
     </span>
    </p>
   </div>
   <div class='ocr_carea' id='block_1_10' title="bbox 1252 958 2284 1097">
    <p class='ocr_par' dir='ltr' id='par_1_10' title="bbox 1252 958 2284 1097">
     <span class='ocr_line' id='line_1_16' title="bbox 2190 958 2284 1013; baseline 0.011 -1"><span class='ocrx_word' id='word_1_119' title='bbox 2190 958 2284 1013; x_wconf 90' lang='lat' dir='ltr'>illo</span> 
     </span>
     <span class='ocr_line' id='line_1_17' title="bbox 1252 1044 1709 1097; baseline 0.009 -15"><span class='ocrx_word' id='word_1_120' title='bbox 1252 1045 1337 1083; x_wconf 81' lang='lat' dir='ltr'>Lib.</span> <span class='ocrx_word' id='word_1_121' title='bbox 1355 1044 1383 1082; x_wconf 93' lang='lat'>1.</span> <span class='ocrx_word' id='word_1_122' title='bbox 1410 1044 1519 1095; x_wconf 88' lang='lat' dir='ltr'>Epist.</span> <span class='ocrx_word' id='word_1_123' title='bbox 1537 1046 1588 1085; x_wconf 88' lang='lat' dir='ltr'>V.</span> <span class='ocrx_word' id='word_1_124' title='bbox 1615 1059 1652 1087; x_wconf 89' lang='lat' dir='ltr'>n.</span> <span class='ocrx_word' id='word_1_125' title='bbox 1673 1050 1709 1097; x_wconf 70' lang='lat'>9.</span> 
     </span>
    </p>
   </div>
   <div class='ocr_carea' id='block_1_11' title="bbox 1740 1049 2283 1101">
    <p class='ocr_par' dir='ltr' id='par_1_11' title="bbox 1740 1049 2283 1101">
     <span class='ocr_line' id='line_1_18' title="bbox 1740 1049 2283 1101; baseline 0.017 -17"><span class='ocrx_word' id='word_1_126' title='bbox 1740 1059 1780 1086; x_wconf 83' lang='lat' dir='ltr'>ut</span> <span class='ocrx_word' id='word_1_127' title='bbox 1812 1049 1952 1087; x_wconf 77' lang='lat' dir='ltr'><em>decebat</em></span> <span class='ocrx_word' id='word_1_128' title='bbox 1972 1051 2138 1101; x_wconf 77' lang='lat' dir='ltr'>optimum</span> <span class='ocrx_word' id='word_1_129' title='bbox 2162 1055 2283 1094; x_wconf 82' lang='lat' dir='ltr'>virum</span> 
     </span>
    </p>
   </div>
   <div class='ocr_carea' id='block_1_12' title="bbox 159 1091 2297 1206">
    <p class='ocr_par' dir='ltr' id='par_1_12' title="bbox 159 1091 2297 1206">
     <span class='ocr_line' id='line_1_19' title="bbox 159 1091 2288 1156; baseline 0.004 -22"><span class='ocrx_word' id='word_1_130' title='bbox 159 1107 242 1134; x_wconf 82' lang='lat' dir='ltr'>cum</span> <span class='ocrx_word' id='word_1_131' title='bbox 261 1095 434 1145; x_wconf 87' lang='lat' dir='ltr'>impreffis</span> <span class='ocrx_word' id='word_1_132' title='bbox 451 1094 526 1132; x_wconf 89' lang='lat' dir='ltr'>fere</span> <span class='ocrx_word' id='word_1_133' title='bbox 549 1096 731 1133; x_wconf 81' lang='lat' dir='ltr'>omnibus.</span> <span class='ocrx_word' id='word_1_134' title='bbox 761 1091 861 1132; x_wconf 83' lang='lat' dir='ltr'>Voff.</span> <span class='ocrx_word' id='word_1_135' title='bbox 888 1093 1026 1134; x_wconf 80' lang='lat' dir='ltr'>Heinst.</span> <span class='ocrx_word' id='word_1_136' title='bbox 1055 1099 1094 1136; x_wconf 69' lang='grc' dir='ltr'>ὃ(</span> <span class='ocrx_word' id='word_1_137' title='bbox 1117 1099 1184 1138; x_wconf 84' lang='lat' dir='ltr'>Ed.</span> <span class='ocrx_word' id='word_1_138' title='bbox 1228 1131 1230 1134; x_wconf 96' lang='lat'>.</span> <span class='ocrx_word' id='word_1_139' title='bbox 1247 1105 1309 1145; x_wconf 87' lang='lat' dir='ltr'>pro</span> <span class='ocrx_word' id='word_1_140' title='bbox 1328 1096 1570 1136; x_wconf 75' lang='lat' dir='ltr'>diffimillimo.</span> <span class='ocrx_word' id='word_1_141' title='bbox 1593 1098 1685 1137; x_wconf 85' lang='lat' dir='ltr'>adde</span> <span class='ocrx_word' id='word_1_142' title='bbox 1708 1099 1788 1136; x_wconf 87' lang='lat' dir='ltr'>Lib.</span> <span class='ocrx_word' id='word_1_143' title='bbox 1808 1100 1877 1137; x_wconf 88' lang='lat' dir='ltr'>Vl.</span> <span class='ocrx_word' id='word_1_144' title='bbox 1904 1099 2013 1148; x_wconf 72' lang='lat' dir='ltr'>Epist.</span> <span class='ocrx_word' id='word_1_145' title='bbox 2034 1103 2167 1141; x_wconf 88' lang='lat' dir='ltr'>XXXI.</span> <span class='ocrx_word' id='word_1_146' title='bbox 2197 1117 2232 1142; x_wconf 92' lang='lat' dir='ltr'>n.</span> <span class='ocrx_word' id='word_1_147' title='bbox 2247 1118 2288 1156; x_wconf 85' lang='lat'>3.</span> 
     </span>
     <span class='ocr_line' id='line_1_20' title="bbox 159 1144 2297 1206; baseline 0.004 -23"><span class='ocrx_word' id='word_1_148' title='bbox 159 1146 246 1185; x_wconf 88' lang='lat' dir='ltr'>Vet.</span> <span class='ocrx_word' id='word_1_149' title='bbox 273 1159 368 1197; x_wconf 78' lang='lat' dir='ltr'>quem</span> <span class='ocrx_word' id='word_1_150' title='bbox 387 1145 524 1195; x_wconf 81' lang='lat' dir='ltr'>diligere</span> <span class='ocrx_word' id='word_1_151' title='bbox 543 1144 665 1184; x_wconf 83' lang='lat' dir='ltr'><em>licebat</em></span> <span class='ocrx_word' id='word_1_152' title='bbox 685 1159 698 1188; x_wconf 70' lang='grc' dir='ltr'><strong><em>ς</em></strong></span> <span class='ocrx_word' id='word_1_153' title='bbox 737 1148 850 1182; x_wconf 84' lang='lat' dir='ltr'>Arnz.</span> <span class='ocrx_word' id='word_1_154' title='bbox 878 1158 977 1195; x_wconf 78' lang='lat' dir='ltr'>quem</span> <span class='ocrx_word' id='word_1_155' title='bbox 1005 1147 1119 1198; x_wconf 77' lang='lat' dir='ltr'>diliget</span> <span class='ocrx_word' id='word_1_156' title='bbox 1144 1151 1187 1190; x_wconf 78' lang='lat' dir='ltr'>li·</span> <span class='ocrx_word' id='word_1_157' title='bbox 1251 1148 1384 1195; x_wconf 82' lang='lat' dir='ltr'>Paneg.</span> <span class='ocrx_word' id='word_1_158' title='bbox 1412 1158 1490 1196; x_wconf 89' lang='lat' dir='ltr'>cap.</span> <span class='ocrx_word' id='word_1_159' title='bbox 1523 1148 1661 1186; x_wconf 87' lang='lat' dir='ltr'>XCIV.</span> <span class='ocrx_word' id='word_1_160' title='bbox 1688 1150 1815 1196; x_wconf 76' lang='lat' dir='ltr'>audisti</span> <span class='ocrx_word' id='word_1_161' title='bbox 1837 1178 1847 1194; x_wconf 92' lang='lat'>‚</span> <span class='ocrx_word' id='word_1_162' title='bbox 1895 1163 1981 1198; x_wconf 77' lang='lat' dir='ltr'>quae</span> <span class='ocrx_word' id='word_1_163' title='bbox 2016 1152 2112 1190; x_wconf 84' lang='lat' dir='ltr'>malo</span> <span class='ocrx_word' id='word_1_164' title='bbox 2148 1157 2297 1206; x_wconf 77' lang='lat' dir='ltr'><em>principi</em></span> 
     </span>
    </p>
   </div>
   <div class='ocr_carea' id='block_1_13' title="bbox 155 1209 1186 1798">
    <p class='ocr_par' dir='ltr' id='par_1_13' title="bbox 161 1209 246 1236">
     <span class='ocr_line' id='line_1_21' title="bbox 161 1209 246 1236; baseline 0.035 -3"><span class='ocrx_word' id='word_1_165' title='bbox 161 1209 246 1236; x_wconf 69' lang='lat' dir='ltr'><em>(Cat-</em></span> 
     </span>
    </p>

    <p class='ocr_par' dir='ltr' id='par_1_14' title="bbox 155 1244 1186 1646">
     <span class='ocr_line' id='line_1_22' title="bbox 211 1244 1186 1297; baseline 0 -11"><span class='ocrx_word' id='word_1_166' title='bbox 211 1261 245 1286; x_wconf 89' lang='lat'>2.</span> <span class='ocrx_word' id='word_1_167' title='bbox 274 1249 425 1296; x_wconf 71' lang='lat' dir='ltr'>Qanta</span> <span class='ocrx_word' id='word_1_168' title='bbox 444 1246 596 1297; x_wconf 84' lang='lat' dir='ltr'><em>probitas</em></span> <span class='ocrx_word' id='word_1_169' title='bbox 625 1246 662 1283; x_wconf 82' lang='lat' dir='ltr'>in</span> <span class='ocrx_word' id='word_1_170' title='bbox 689 1244 782 1295; x_wconf 88' lang='lat' dir='ltr'>ore.]</span> <span class='ocrx_word' id='word_1_171' title='bbox 823 1244 866 1283; x_wconf 86' lang='lat' dir='ltr'>Id</span> <span class='ocrx_word' id='word_1_172' title='bbox 888 1245 937 1283; x_wconf 79' lang='lat' dir='ltr'>est</span> <span class='ocrx_word' id='word_1_173' title='bbox 960 1274 971 1290; x_wconf 90' lang='lat'>‚</span> <span class='ocrx_word' id='word_1_174' title='bbox 1001 1248 1121 1296; x_wconf 91' lang='lat' dir='ltr'>pudor</span> <span class='ocrx_word' id='word_1_175' title='bbox 1148 1252 1186 1289; x_wconf 68' lang='grc' dir='ltr'>ὃς</span> 
     </span>
     <span class='ocr_line' id='line_1_23' title="bbox 157 1295 1186 1344; baseline 0 -7"><span class='ocrx_word' id='word_1_176' title='bbox 157 1298 388 1338; x_wconf 81' lang='lat' dir='ltr'>verecundia.</span> <span class='ocrx_word' id='word_1_177' title='bbox 410 1298 493 1336; x_wconf 87' lang='lat' dir='ltr'>vide</span> <span class='ocrx_word' id='word_1_178' title='bbox 514 1297 559 1335; x_wconf 89' lang='lat' dir='ltr'>ad</span> <span class='ocrx_word' id='word_1_179' title='bbox 578 1297 662 1334; x_wconf 86' lang='lat' dir='ltr'>Lib.</span> <span class='ocrx_word' id='word_1_180' title='bbox 680 1296 729 1333; x_wconf 93' lang='lat' dir='ltr'>V.</span> <span class='ocrx_word' id='word_1_181' title='bbox 756 1295 996 1344; x_wconf 81' lang='lat' dir='ltr'>Epist.XVll.</span> <span class='ocrx_word' id='word_1_182' title='bbox 1022 1299 1050 1335; x_wconf 89' lang='lat' dir='ltr'><strong>B</strong></span> <span class='ocrx_word' id='word_1_183' title='bbox 1067 1313 1090 1336; x_wconf 87' lang='lat' dir='ltr'>u</span> <span class='ocrx_word' id='word_1_184' title='bbox 1106 1313 1129 1337; x_wconf 91' lang='lat' dir='ltr'>c</span> <span class='ocrx_word' id='word_1_185' title='bbox 1144 1313 1186 1337; x_wconf 79' lang='lat' dir='ltr'>n-</span> 
     </span>
     <span class='ocr_line' id='line_1_24' title="bbox 158 1346 1185 1398; baseline 0.003 -12"><span class='ocrx_word' id='word_1_186' title='bbox 158 1361 184 1386; x_wconf 75' lang='lat' dir='ltr'>n</span> <span class='ocrx_word' id='word_1_187' title='bbox 198 1361 218 1386; x_wconf 72' lang='grc' dir='ltr'>Ε</span> <span class='ocrx_word' id='word_1_188' title='bbox 235 1363 272 1388; x_wconf 74' lang='lat' dir='ltr'>it.</span> <span class='ocrx_word' id='word_1_189' title='bbox 300 1349 400 1387; x_wconf 83' lang='lat' dir='ltr'>Libri</span> <span class='ocrx_word' id='word_1_190' title='bbox 420 1359 572 1386; x_wconf 87' lang='lat' dir='ltr'>omnes:</span> <span class='ocrx_word' id='word_1_191' title='bbox 601 1347 696 1394; x_wconf 69' lang='lat' dir='ltr'>Jam</span> <span class='ocrx_word' id='word_1_192' title='bbox 714 1346 770 1385; x_wconf 83' lang='lat' dir='ltr'>illa</span> <span class='ocrx_word' id='word_1_193' title='bbox 783 1374 794 1390; x_wconf 94' lang='lat'>,</span> <span class='ocrx_word' id='word_1_194' title='bbox 821 1358 957 1396; x_wconf 77' lang='lat' dir='ltr'>quanta</span> <span class='ocrx_word' id='word_1_195' title='bbox 972 1350 1128 1398; x_wconf 66' lang='lat' dir='ltr'>probitas</span> <span class='ocrx_word' id='word_1_196' title='bbox 1148 1352 1185 1389; x_wconf 81' lang='lat' dir='ltr'>in</span> 
     </span>
     <span class='ocr_line' id='line_1_25' title="bbox 155 1397 1186 1447; baseline 0.002 -10"><span class='ocrx_word' id='word_1_197' title='bbox 155 1413 209 1438; x_wconf 81' lang='lat' dir='ltr'>ore</span> <span class='ocrx_word' id='word_1_198' title='bbox 230 1401 248 1438; x_wconf 66' lang='lat'>‘3</span> <span class='ocrx_word' id='word_1_199' title='bbox 285 1400 332 1437; x_wconf 86' lang='lat' dir='ltr'>Et</span> <span class='ocrx_word' id='word_1_200' title='bbox 359 1399 461 1447; x_wconf 85' lang='lat' dir='ltr'>supra</span> <span class='ocrx_word' id='word_1_201' title='bbox 481 1398 591 1437; x_wconf 84' lang='lat' dir='ltr'>semel</span> <span class='ocrx_word' id='word_1_202' title='bbox 610 1406 719 1447; x_wconf 80' lang='lat' dir='ltr'>atque</span> <span class='ocrx_word' id='word_1_203' title='bbox 739 1397 870 1435; x_wconf 84' lang='lat' dir='ltr'>iterum</span> <span class='ocrx_word' id='word_1_204' title='bbox 891 1399 964 1436; x_wconf 82' lang='lat' dir='ltr'>hoc</span> <span class='ocrx_word' id='word_1_205' title='bbox 985 1401 1101 1438; x_wconf 87' lang='lat' dir='ltr'>modo</span> <span class='ocrx_word' id='word_1_206' title='bbox 1121 1414 1186 1439; x_wconf 87' lang='lat' dir='ltr'>au·</span> 
     </span>
     <span class='ocr_line' id='line_1_26' title="bbox 159 1447 1184 1499; baseline 0.003 -12"><span class='ocrx_word' id='word_1_207' title='bbox 159 1450 236 1488; x_wconf 67' lang='lat' dir='ltr'>&amp;or</span> <span class='ocrx_word' id='word_1_208' title='bbox 255 1450 414 1499; x_wconf 89' lang='lat' dir='ltr'>loquitur</span> <span class='ocrx_word' id='word_1_209' title='bbox 427 1477 438 1494; x_wconf 91' lang='lat'>‚</span> <span class='ocrx_word' id='word_1_210' title='bbox 464 1448 524 1487; x_wconf 90' lang='lat' dir='ltr'>sed</span> <span class='ocrx_word' id='word_1_211' title='bbox 541 1449 611 1486; x_wconf 84' lang='lat' dir='ltr'>alio</span> <span class='ocrx_word' id='word_1_212' title='bbox 630 1460 741 1486; x_wconf 87' lang='lat' dir='ltr'>nexu.</span> <span class='ocrx_word' id='word_1_213' title='bbox 777 1447 958 1486; x_wconf 87' lang='lat' dir='ltr'>Nondum</span> <span class='ocrx_word' id='word_1_214' title='bbox 979 1457 1103 1489; x_wconf 86' lang='lat' dir='ltr'>tamen</span> <span class='ocrx_word' id='word_1_215' title='bbox 1122 1455 1184 1490; x_wconf 89' lang='lat' dir='ltr'>abs</span> 
     </span>
     <span class='ocr_line' id='line_1_27' title="bbox 158 1496 1185 1549; baseline -0.001 -10"><span class='ocrx_word' id='word_1_216' title='bbox 158 1512 221 1539; x_wconf 88' lang='lat' dir='ltr'>me</span> <span class='ocrx_word' id='word_1_217' title='bbox 239 1501 429 1549; x_wconf 89' lang='lat' dir='ltr'>impetrare</span> <span class='ocrx_word' id='word_1_218' title='bbox 449 1496 592 1547; x_wconf 84' lang='lat' dir='ltr'>poffum</span> <span class='ocrx_word' id='word_1_219' title='bbox 615 1525 627 1541; x_wconf 90' lang='lat'>‚</span> <span class='ocrx_word' id='word_1_220' title='bbox 665 1505 705 1534; x_wconf 90' lang='lat' dir='ltr'>ut</span> <span class='ocrx_word' id='word_1_221' title='bbox 722 1498 922 1536; x_wconf 87' lang='lat' dir='ltr'>existimem</span> <span class='ocrx_word' id='word_1_222' title='bbox 955 1499 1055 1539; x_wconf 82' lang='lat' dir='ltr'>Plinii</span> <span class='ocrx_word' id='word_1_223' title='bbox 1083 1501 1185 1541; x_wconf 85' lang='lat' dir='ltr'>fuiffe</span> 
     </span>
     <span class='ocr_line' id='line_1_28' title="bbox 156 1547 1183 1601; baseline 0.005 -14"><span class='ocrx_word' id='word_1_224' title='bbox 156 1552 251 1598; x_wconf 75' lang='lat' dir='ltr'>Jam</span> <span class='ocrx_word' id='word_1_225' title='bbox 270 1552 316 1589; x_wconf 86' lang='lat' dir='ltr'>illi</span> <span class='ocrx_word' id='word_1_226' title='bbox 338 1560 473 1601; x_wconf 77' lang='lat' dir='ltr'>quanta</span> <span class='ocrx_word' id='word_1_227' title='bbox 499 1547 653 1598; x_wconf 78' lang='lat' dir='ltr'>probitas</span> <span class='ocrx_word' id='word_1_228' title='bbox 684 1548 722 1584; x_wconf 83' lang='lat' dir='ltr'>in</span> <span class='ocrx_word' id='word_1_229' title='bbox 751 1560 804 1585; x_wconf 82' lang='lat' dir='ltr'>ore</span> <span class='ocrx_word' id='word_1_230' title='bbox 824 1547 843 1584; x_wconf 66' lang='lat'>‘3</span> <span class='ocrx_word' id='word_1_231' title='bbox 881 1548 943 1585; x_wconf 91' lang='lat' dir='ltr'>De</span> <span class='ocrx_word' id='word_1_232' title='bbox 968 1553 1183 1592; x_wconf 84' lang='lat' dir='ltr'>verecundia</span> 
     </span>
     <span class='ocr_line' id='line_1_29' title="bbox 156 1596 921 1646; baseline -0.005 -6"><span class='ocrx_word' id='word_1_233' title='bbox 156 1604 227 1640; x_wconf 83' lang='lat' dir='ltr'>on&#39;s</span> <span class='ocrx_word' id='word_1_234' title='bbox 247 1601 330 1639; x_wconf 90' lang='lat' dir='ltr'>vide</span> <span class='ocrx_word' id='word_1_235' title='bbox 350 1600 395 1638; x_wconf 86' lang='lat' dir='ltr'>ad</span> <span class='ocrx_word' id='word_1_236' title='bbox 416 1600 498 1638; x_wconf 85' lang='lat' dir='ltr'>Lib.</span> <span class='ocrx_word' id='word_1_237' title='bbox 516 1602 544 1637; x_wconf 90' lang='lat' dir='ltr'>I.</span> <span class='ocrx_word' id='word_1_238' title='bbox 572 1596 677 1646; x_wconf 89' lang='lat' dir='ltr'>Epist.</span> <span class='ocrx_word' id='word_1_239' title='bbox 697 1597 802 1634; x_wconf 88' lang='lat' dir='ltr'>XIV.</span> <span class='ocrx_word' id='word_1_240' title='bbox 828 1609 864 1636; x_wconf 92' lang='lat' dir='ltr'>n.</span> <span class='ocrx_word' id='word_1_241' title='bbox 886 1597 921 1636; x_wconf 85' lang='lat'>8.</span> 
     </span>
    </p>

    <p class='ocr_par' dir='ltr' id='par_1_15' title="bbox 155 1648 1183 1798">
     <span class='ocr_line' id='line_1_30' title="bbox 211 1648 1182 1705; baseline 0.002 -16"><span class='ocrx_word' id='word_1_242' title='bbox 211 1663 243 1700; x_wconf 88' lang='lat'>3.</span> <span class='ocrx_word' id='word_1_243' title='bbox 270 1653 429 1705; x_wconf 78' lang='lat' dir='ltr'>Qama</span> <span class='ocrx_word' id='word_1_244' title='bbox 447 1652 483 1688; x_wconf 83' lang='lat' dir='ltr'>in</span> <span class='ocrx_word' id='word_1_245' title='bbox 496 1651 651 1700; x_wconf 84' lang='lat' dir='ltr'>sermone</span> <span class='ocrx_word' id='word_1_246' title='bbox 662 1648 870 1699; x_wconf 59' lang='lat' dir='ltr'>candiana]</span> <span class='ocrx_word' id='word_1_247' title='bbox 899 1649 1182 1692; x_wconf 88' lang='lat' dir='ltr'>Temereverba</span> 
     </span>
     <span class='ocr_line' id='line_1_31' title="bbox 157 1699 1183 1750; baseline 0.002 -10"><span class='ocrx_word' id='word_1_248' title='bbox 157 1702 331 1746; x_wconf 84' lang='lat' dir='ltr'>fundere,</span> <span class='ocrx_word' id='word_1_249' title='bbox 359 1703 396 1739; x_wconf 70' lang='grc' dir='ltr'>δε</span> <span class='ocrx_word' id='word_1_250' title='bbox 417 1701 646 1750; x_wconf 74' lang='lat' dir='ltr'>praecipitare</span> <span class='ocrx_word' id='word_1_251' title='bbox 670 1699 794 1744; x_wconf 79' lang='lat' dir='ltr'>velut,</span> <span class='ocrx_word' id='word_1_252' title='bbox 811 1708 872 1736; x_wconf 90' lang='lat' dir='ltr'>aut</span> <span class='ocrx_word' id='word_1_253' title='bbox 888 1699 987 1744; x_wconf 87' lang='lat' dir='ltr'>irati,</span> <span class='ocrx_word' id='word_1_254' title='bbox 1015 1710 1076 1738; x_wconf 89' lang='lat' dir='ltr'>aut</span> <span class='ocrx_word' id='word_1_255' title='bbox 1095 1703 1183 1742; x_wconf 86' lang='lat' dir='ltr'>levis</span> 
     </span>
     <span class='ocr_line' id='line_1_32' title="bbox 155 1749 1179 1798; baseline -0.001 -8"><span class='ocrx_word' id='word_1_256' title='bbox 155 1764 197 1790; x_wconf 84' lang='lat' dir='ltr'>ac</span> <span class='ocrx_word' id='word_1_257' title='bbox 219 1753 330 1791; x_wconf 89' lang='lat' dir='ltr'>securi</span> <span class='ocrx_word' id='word_1_258' title='bbox 343 1752 504 1791; x_wconf 88' lang='lat' dir='ltr'>hominis</span> <span class='ocrx_word' id='word_1_259' title='bbox 525 1751 597 1793; x_wconf 87' lang='lat' dir='ltr'>est;</span> <span class='ocrx_word' id='word_1_260' title='bbox 624 1749 836 1787; x_wconf 67' lang='lat' dir='ltr'>cunctanter</span> <span class='ocrx_word' id='word_1_261' title='bbox 852 1749 955 1798; x_wconf 84' lang='lat' dir='ltr'>loqui</span> <span class='ocrx_word' id='word_1_262' title='bbox 975 1778 986 1794; x_wconf 91' lang='lat'><strong><em>,</em></strong></span> <span class='ocrx_word' id='word_1_263' title='bbox 1014 1753 1179 1792; x_wconf 84' lang='lat' dir='ltr'>confide-</span> 
     </span>
    </p>
   </div>
   <div class='ocr_carea' id='block_1_14' title="bbox 1250 1200 2319 1806">
    <p class='ocr_par' dir='ltr' id='par_1_16' title="bbox 1251 1200 2295 1398">
     <span class='ocr_line' id='line_1_33' title="bbox 1251 1200 2295 1252; baseline 0.011 -19"><span class='ocrx_word' id='word_1_264' title='bbox 1251 1200 1504 1246; x_wconf 76' lang='lat' dir='ltr'>precabamur;</span> <span class='ocrx_word' id='word_1_265' title='bbox 1531 1200 1660 1237; x_wconf 85' lang='lat' dir='ltr'><em>exaudi</em></span> <span class='ocrx_word' id='word_1_266' title='bbox 1676 1212 1762 1250; x_wconf 78' lang='lat' dir='ltr'>quae</span> <span class='ocrx_word' id='word_1_267' title='bbox 1781 1209 1842 1248; x_wconf 82' lang='lat' dir='ltr'>pro</span> <span class='ocrx_word' id='word_1_268' title='bbox 1864 1200 2093 1240; x_wconf 77' lang='lat' dir='ltr'>diffimillimo</span> <span class='ocrx_word' id='word_1_269' title='bbox 2128 1213 2295 1252; x_wconf 81' lang='lat' dir='ltr'>optamus.</span> 
     </span>
     <span class='ocr_line' id='line_1_34' title="bbox 1259 1248 2293 1301; baseline 0.009 -16"><span class='ocrx_word' id='word_1_270' title='bbox 1259 1248 1398 1289; x_wconf 81' lang='lat' dir='ltr'>Contra</span> <span class='ocrx_word' id='word_1_271' title='bbox 1411 1248 1534 1300; x_wconf 85' lang='lat' dir='ltr'>fimilis</span> <span class='ocrx_word' id='word_1_272' title='bbox 1549 1276 1560 1294; x_wconf 89' lang='lat'>‚</span> <span class='ocrx_word' id='word_1_273' title='bbox 1582 1258 1671 1299; x_wconf 89' lang='lat' dir='ltr'>par,</span> <span class='ocrx_word' id='word_1_274' title='bbox 1693 1250 1836 1300; x_wconf 75' lang='lat' dir='ltr'>perinde</span> <span class='ocrx_word' id='word_1_275' title='bbox 1854 1251 1987 1299; x_wconf 82' lang='lat' dir='ltr'>saepius</span> <span class='ocrx_word' id='word_1_276' title='bbox 2009 1253 2104 1301; x_wconf 78' lang='lat' dir='ltr'>apud</span> <span class='ocrx_word' id='word_1_277' title='bbox 2118 1255 2293 1295; x_wconf 82' lang='lat' dir='ltr'>Nostrum</span> 
     </span>
     <span class='ocr_line' id='line_1_35' title="bbox 1257 1299 2288 1353; baseline 0.011 -18"><span class='ocrx_word' id='word_1_278' title='bbox 1257 1299 1537 1347; x_wconf 82' lang='lat' dir='ltr'><strong>praecedentem</strong></span> <span class='ocrx_word' id='word_1_279' title='bbox 1560 1300 1717 1338; x_wconf 87' lang='lat' dir='ltr'>modum</span> <span class='ocrx_word' id='word_1_280' title='bbox 1739 1309 1799 1339; x_wconf 93' lang='lat' dir='ltr'>aut</span> <span class='ocrx_word' id='word_1_281' title='bbox 1818 1302 1981 1340; x_wconf 84' lang='lat' dir='ltr'>habitum</span> <span class='ocrx_word' id='word_1_282' title='bbox 1992 1312 2172 1353; x_wconf 86' lang='lat' dir='ltr'>repetunt.</span> <span class='ocrx_word' id='word_1_283' title='bbox 2190 1306 2288 1352; x_wconf 80' lang='lat' dir='ltr'>Vide</span> 
     </span>
     <span class='ocr_line' id='line_1_36' title="bbox 1258 1349 1780 1398; baseline 0.004 -12"><span class='ocrx_word' id='word_1_284' title='bbox 1258 1349 1302 1387; x_wconf 86' lang='lat' dir='ltr'>ad</span> <span class='ocrx_word' id='word_1_285' title='bbox 1323 1350 1406 1387; x_wconf 85' lang='lat' dir='ltr'>Lib.</span> <span class='ocrx_word' id='word_1_286' title='bbox 1429 1349 1478 1386; x_wconf 86' lang='lat'>11.</span> <span class='ocrx_word' id='word_1_287' title='bbox 1505 1349 1614 1398; x_wconf 85' lang='lat' dir='ltr'>Epist.</span> <span class='ocrx_word' id='word_1_288' title='bbox 1632 1351 1660 1390; x_wconf 92' lang='grc' dir='ltr'>Ι.</span> <span class='ocrx_word' id='word_1_289' title='bbox 1688 1363 1726 1391; x_wconf 91' lang='lat' dir='ltr'>n.</span> <span class='ocrx_word' id='word_1_290' title='bbox 1749 1366 1780 1390; x_wconf 70' lang='grc' dir='ltr'>ι.</span> 
     </span>
    </p>

    <p class='ocr_par' dir='ltr' id='par_1_17' title="bbox 1250 1400 2319 1806">
     <span class='ocr_line' id='line_1_37' title="bbox 1312 1400 2291 1455; baseline 0.011 -19"><span class='ocrx_word' id='word_1_291' title='bbox 1312 1400 1346 1437; x_wconf 91' lang='lat'>6.</span> <span class='ocrx_word' id='word_1_292' title='bbox 1375 1400 1472 1437; x_wconf 88' lang='lat' dir='ltr'>Cum</span> <span class='ocrx_word' id='word_1_293' title='bbox 1492 1413 1559 1438; x_wconf 85' lang='lat' dir='ltr'>non</span> <span class='ocrx_word' id='word_1_294' title='bbox 1579 1400 1735 1449; x_wconf 73' lang='lat' dir='ltr'>obstabat</span> <span class='ocrx_word' id='word_1_295' title='bbox 1755 1401 1848 1452; x_wconf 54' lang='lat' dir='ltr'>int]</span> <span class='ocrx_word' id='word_1_296' title='bbox 1874 1402 1930 1440; x_wconf 91' lang='lat' dir='ltr'>Sic</span> <span class='ocrx_word' id='word_1_297' title='bbox 1950 1403 2063 1443; x_wconf 82' lang='lat' dir='ltr'>Aldus</span> <span class='ocrx_word' id='word_1_298' title='bbox 2083 1405 2291 1455; x_wconf 84' lang='lat' dir='ltr'>&amp;impreffi</span> 
     </span>
     <span class='ocr_line' id='line_1_38' title="bbox 1257 1449 2286 1500; baseline 0.01 -13"><span class='ocrx_word' id='word_1_299' title='bbox 1257 1449 1419 1499; x_wconf 78' lang='lat' dir='ltr'>aliquot,</span> <span class='ocrx_word' id='word_1_300' title='bbox 1446 1452 1540 1488; x_wconf 86' lang='lat' dir='ltr'>nulla</span> <span class='ocrx_word' id='word_1_301' title='bbox 1562 1451 1746 1500; x_wconf 78' lang='lat' dir='ltr'>praemissa</span> <span class='ocrx_word' id='word_1_302' title='bbox 1766 1452 2013 1493; x_wconf 66' lang='lat' dir='ltr'>distinetione:</span> <span class='ocrx_word' id='word_1_303' title='bbox 2042 1456 2088 1492; x_wconf 83' lang='lat' dir='ltr'>Et</span> <span class='ocrx_word' id='word_1_304' title='bbox 2110 1461 2286 1497; x_wconf 84' lang='lat' dir='ltr'>novimus</span> 
     </span>
     <span class='ocr_line' id='line_1_39' title="bbox 1255 1500 2287 1549; baseline 0.009 -12"><span class='ocrx_word' id='word_1_305' title='bbox 1255 1500 1349 1539; x_wconf 91' lang='lat' dir='ltr'>bene</span> <span class='ocrx_word' id='word_1_306' title='bbox 1364 1529 1374 1546; x_wconf 91' lang='lat'><em>‚</em></span> <span class='ocrx_word' id='word_1_307' title='bbox 1395 1502 1603 1549; x_wconf 86' lang='lat' dir='ltr'>particulam</span> <span class='ocrx_word' id='word_1_308' title='bbox 1623 1515 1700 1539; x_wconf 80' lang='lat' dir='ltr'>cum</span> <span class='ocrx_word' id='word_1_309' title='bbox 1725 1503 1834 1540; x_wconf 88' lang='lat' dir='ltr'>etiarn</span> <span class='ocrx_word' id='word_1_310' title='bbox 1856 1514 1877 1540; x_wconf 87' lang='lat' dir='ltr'>a</span> <span class='ocrx_word' id='word_1_311' title='bbox 1900 1505 2108 1543; x_wconf 85' lang='lat' dir='ltr'>melioribus</span> <span class='ocrx_word' id='word_1_312' title='bbox 2129 1507 2175 1544; x_wconf 88' lang='lat' dir='ltr'>ita</span> <span class='ocrx_word' id='word_1_313' title='bbox 2195 1520 2287 1546; x_wconf 87' lang='lat' dir='ltr'>con-</span> 
     </span>
     <span class='ocr_line' id='line_1_40' title="bbox 1256 1550 2284 1607; baseline 0.01 -19"><span class='ocrx_word' id='word_1_314' title='bbox 1256 1550 1352 1590; x_wconf 88' lang='lat' dir='ltr'>strui.</span> <span class='ocrx_word' id='word_1_315' title='bbox 1379 1550 1448 1589; x_wconf 87' lang='lat' dir='ltr'>Sed</span> <span class='ocrx_word' id='word_1_316' title='bbox 1469 1552 1580 1599; x_wconf 85' lang='lat' dir='ltr'>longe</span> <span class='ocrx_word' id='word_1_317' title='bbox 1604 1553 1733 1592; x_wconf 65' lang='lat' dir='ltr'>rectius</span> <span class='ocrx_word' id='word_1_318' title='bbox 1753 1553 1944 1591; x_wconf 78' lang='lat' dir='ltr'>Mediceus</span> <span class='ocrx_word' id='word_1_319' title='bbox 1956 1556 2128 1605; x_wconf 85' lang='lat' dir='ltr'>&amp;reliqui</span> <span class='ocrx_word' id='word_1_320' title='bbox 2140 1558 2284 1607; x_wconf 82' lang='lat' dir='ltr'>scripti:</span> 
     </span>
     <span class='ocr_line' id='line_1_41' title="bbox 1255 1601 2289 1657; baseline 0.01 -19"><span class='ocrx_word' id='word_1_321' title='bbox 1255 1613 1366 1650; x_wconf 86' lang='lat' dir='ltr'>quam</span> <span class='ocrx_word' id='word_1_322' title='bbox 1388 1614 1454 1639; x_wconf 82' lang='lat' dir='ltr'>non</span> <span class='ocrx_word' id='word_1_323' title='bbox 1472 1601 1624 1646; x_wconf 73' lang='lat' dir='ltr'>obstabat</span> <span class='ocrx_word' id='word_1_324' title='bbox 1646 1602 1699 1642; x_wconf 76' lang='lat' dir='ltr'>illi</span> <span class='ocrx_word' id='word_1_325' title='bbox 1724 1631 1733 1642; x_wconf 90' lang='lat'>.</span> <span class='ocrx_word' id='word_1_326' title='bbox 1757 1630 1769 1642; x_wconf 90' lang='lat'>.</span> <span class='ocrx_word' id='word_1_327' title='bbox 1797 1613 1812 1641; x_wconf 65' lang='grc' dir='ltr'><strong><em>ἓ</em></strong></span> <span class='ocrx_word' id='word_1_328' title='bbox 1839 1613 1879 1642; x_wconf 88' lang='lat' dir='ltr'>ut</span> <span class='ocrx_word' id='word_1_329' title='bbox 1898 1613 2004 1643; x_wconf 87' lang='lat' dir='ltr'>antea</span> <span class='ocrx_word' id='word_1_330' title='bbox 2027 1618 2035 1643; x_wconf 93' lang='lat'><strong>:</strong></span> <span class='ocrx_word' id='word_1_331' title='bbox 2076 1619 2185 1656; x_wconf 75' lang='lat' dir='ltr'>quam</span> <span class='ocrx_word' id='word_1_332' title='bbox 2207 1611 2289 1657; x_wconf 80' lang='lat' dir='ltr'>pari</span> 
     </span>
     <span class='ocr_line' id='line_1_42' title="bbox 1250 1652 2288 1706; baseline 0.008 -18"><span class='ocrx_word' id='word_1_333' title='bbox 1250 1652 1367 1698; x_wconf 83' lang='lat' dir='ltr'>libra,</span> <span class='ocrx_word' id='word_1_334' title='bbox 1397 1660 1464 1690; x_wconf 90' lang='lat' dir='ltr'>cet.</span> <span class='ocrx_word' id='word_1_335' title='bbox 1490 1653 1587 1690; x_wconf 86' lang='lat' dir='ltr'>Infra</span> <span class='ocrx_word' id='word_1_336' title='bbox 1613 1653 1721 1702; x_wconf 89' lang='lat' dir='ltr'>Epist.</span> <span class='ocrx_word' id='word_1_337' title='bbox 1737 1654 1871 1692; x_wconf 88' lang='lat' dir='ltr'>XXXI.</span> <span class='ocrx_word' id='word_1_338' title='bbox 1890 1665 1926 1692; x_wconf 92' lang='lat' dir='ltr'>n.</span> <span class='ocrx_word' id='word_1_339' title='bbox 1948 1666 1978 1692; x_wconf 85' lang='lat'>1.</span> <span class='ocrx_word' id='word_1_340' title='bbox 2005 1657 2126 1702; x_wconf 59' lang='lat' dir='ltr'>§Quam</span> <span class='ocrx_word' id='word_1_341' title='bbox 2144 1660 2288 1706; x_wconf 84' lang='lat' dir='ltr'>multa,</span> 
     </span>
     <span class='ocr_line' id='line_1_43' title="bbox 1252 1703 2319 1752; baseline 0.007 -13"><span class='ocrx_word' id='word_1_342' title='bbox 1252 1715 1359 1752; x_wconf 77' lang='lat' dir='ltr'>quam</span> <span class='ocrx_word' id='word_1_343' title='bbox 1379 1703 1486 1740; x_wconf 80' lang='lat' dir='ltr'>varia</span> <span class='ocrx_word' id='word_1_344' title='bbox 1506 1729 1518 1748; x_wconf 87' lang='lat'>‚</span> <span class='ocrx_word' id='word_1_345' title='bbox 1545 1715 1655 1751; x_wconf 88' lang='lat' dir='ltr'>quarn</span> <span class='ocrx_word' id='word_1_346' title='bbox 1674 1715 1752 1740; x_wconf 93' lang='lat' dir='ltr'>non</span> <span class='ocrx_word' id='word_1_347' title='bbox 1771 1705 1892 1741; x_wconf 85' lang='lat' dir='ltr'>eadem</span> <span class='ocrx_word' id='word_1_348' title='bbox 1914 1704 1956 1741; x_wconf 74' lang='lat' dir='ltr'>de</span> <span class='ocrx_word' id='word_1_349' title='bbox 1972 1706 2086 1743; x_wconf 82' lang='lat' dir='ltr'>eodem</span> <span class='ocrx_word' id='word_1_350' title='bbox 2107 1735 2117 1752; x_wconf 91' lang='lat'>‚</span> <span class='ocrx_word' id='word_1_351' title='bbox 2145 1721 2203 1746; x_wconf 88' lang='lat' dir='ltr'>nec</span> <span class='ocrx_word' id='word_1_352' title='bbox 2222 1721 2284 1747; x_wconf 87' lang='lat' dir='ltr'>ta·</span> <span class='ocrx_word' id='word_1_353' title='bbox 2315 1746 2319 1750; x_wconf 86' lang='grc'><strong>,</strong></span> 
     </span>
     <span class='ocr_line' id='line_1_44' title="bbox 1252 1752 2281 1806; baseline 0.01 -17"><span class='ocrx_word' id='word_1_354' title='bbox 1252 1766 1330 1790; x_wconf 84' lang='lat' dir='ltr'>men</span> <span class='ocrx_word' id='word_1_355' title='bbox 1349 1753 1485 1801; x_wconf 78' lang='lat' dir='ltr'>diversa</span> <span class='ocrx_word' id='word_1_356' title='bbox 1498 1780 1508 1796; x_wconf 93' lang='lat'>‚</span> <span class='ocrx_word' id='word_1_357' title='bbox 1537 1753 1683 1800; x_wconf 75' lang='lat' dir='ltr'>dixisti?</span> <span class='ocrx_word' id='word_1_358' title='bbox 1711 1752 1822 1801; x_wconf 86' lang='lat' dir='ltr'><strong>Epist.</strong></span> <span class='ocrx_word' id='word_1_359' title='bbox 1843 1753 2038 1793; x_wconf 81' lang='lat' dir='ltr'>XXXVII.</span> <span class='ocrx_word' id='word_1_360' title='bbox 2056 1769 2091 1794; x_wconf 88' lang='lat' dir='ltr'>n.</span> <span class='ocrx_word' id='word_1_361' title='bbox 2107 1770 2139 1806; x_wconf 83' lang='lat'>5.</span> <span class='ocrx_word' id='word_1_362' title='bbox 2169 1760 2281 1806; x_wconf 80' lang='lat' dir='ltr'>Vides,</span> 
     </span>
    </p>
   </div>
   <div class='ocr_carea' id='block_1_15' title="bbox 154 1801 2281 1903">
    <p class='ocr_par' dir='ltr' id='par_1_18' title="bbox 154 1801 2281 1903">
     <span class='ocr_line' id='line_1_45' title="bbox 156 1801 2281 1858; baseline 0.003 -18"><span class='ocrx_word' id='word_1_363' title='bbox 156 1804 222 1840; x_wconf 87' lang='lat' dir='ltr'>rati</span> <span class='ocrx_word' id='word_1_364' title='bbox 238 1814 278 1840; x_wconf 90' lang='lat' dir='ltr'>ac</span> <span class='ocrx_word' id='word_1_365' title='bbox 295 1804 410 1852; x_wconf 83' lang='lat' dir='ltr'>gravis</span> <span class='ocrx_word' id='word_1_366' title='bbox 430 1831 441 1848; x_wconf 92' lang='lat'><strong>,</strong></span> <span class='ocrx_word' id='word_1_367' title='bbox 481 1804 519 1841; x_wconf 65' lang='grc' dir='ltr'>ὅς</span> <span class='ocrx_word' id='word_1_368' title='bbox 547 1802 735 1850; x_wconf 82' lang='lat' dir='ltr'>diligenter</span> <span class='ocrx_word' id='word_1_369' title='bbox 771 1801 832 1849; x_wconf 89' lang='lat' dir='ltr'>qui</span> <span class='ocrx_word' id='word_1_370' title='bbox 858 1809 981 1838; x_wconf 80' lang='lat' dir='ltr'><strong>caveat</strong></span> <span class='ocrx_word' id='word_1_371' title='bbox 1001 1828 1012 1844; x_wconf 95' lang='lat'><strong>,</strong></span> <span class='ocrx_word' id='word_1_372' title='bbox 1047 1813 1095 1841; x_wconf 93' lang='lat' dir='ltr'>ne</span> <span class='ocrx_word' id='word_1_373' title='bbox 1114 1804 1178 1844; x_wconf 86' lang='lat' dir='ltr'>fibi</span> <span class='ocrx_word' id='word_1_374' title='bbox 1249 1814 1359 1851; x_wconf 82' lang='lat' dir='ltr'>quam</span> <span class='ocrx_word' id='word_1_375' title='bbox 1379 1815 1457 1840; x_wconf 86' lang='lat' dir='ltr'>non</span> <span class='ocrx_word' id='word_1_376' title='bbox 1477 1802 1627 1842; x_wconf 82' lang='lat' dir='ltr'>delicata</span> <span class='ocrx_word' id='word_1_377' title='bbox 1649 1816 1701 1841; x_wconf 75' lang='lat' dir='ltr'>nae</span> <span class='ocrx_word' id='word_1_378' title='bbox 1721 1802 1831 1852; x_wconf 77' lang='lat' dir='ltr'>caussa</span> <span class='ocrx_word' id='word_1_379' title='bbox 1853 1803 1941 1842; x_wconf 82' lang='lat' dir='ltr'>obire</span> <span class='ocrx_word' id='word_1_380' title='bbox 1961 1805 2114 1853; x_wconf 78' lang='lat' dir='ltr'>primum</span> <span class='ocrx_word' id='word_1_381' title='bbox 2125 1811 2281 1858; x_wconf 76' lang='lat' dir='ltr'>consula·</span> 
     </span>
     <span class='ocr_line' id='line_1_46' title="bbox 154 1851 2277 1903; baseline 0.003 -12"><span class='ocrx_word' id='word_1_382' title='bbox 154 1854 421 1902; x_wconf 84' lang='lat' dir='ltr'>poenitendum</span> <span class='ocrx_word' id='word_1_383' title='bbox 439 1852 572 1902; x_wconf 87' lang='lat' dir='ltr'>aliquid</span> <span class='ocrx_word' id='word_1_384' title='bbox 592 1851 742 1889; x_wconf 82' lang='lat' dir='ltr'>excidat.</span> <span class='ocrx_word' id='word_1_385' title='bbox 768 1851 892 1889; x_wconf 82' lang='lat' dir='ltr'><strong>Tarde</strong></span> <span class='ocrx_word' id='word_1_386' title='bbox 911 1852 1018 1890; x_wconf 83' lang='lat' dir='ltr'>nimis</span> <span class='ocrx_word' id='word_1_387' title='bbox 1035 1863 1077 1889; x_wconf 89' lang='lat' dir='ltr'>ac</span> <span class='ocrx_word' id='word_1_388' title='bbox 1096 1864 1177 1892; x_wconf 87' lang='lat' dir='ltr'>raro</span> <span class='ocrx_word' id='word_1_389' title='bbox 1243 1863 1301 1890; x_wconf 84' lang='lat' dir='ltr'>tus</span> <span class='ocrx_word' id='word_1_390' title='bbox 1323 1854 1412 1890; x_wconf 81' lang='lat' dir='ltr'>diem</span> <span class='ocrx_word' id='word_1_391' title='bbox 1423 1866 1489 1890; x_wconf 86' lang='lat' dir='ltr'>non</span> <span class='ocrx_word' id='word_1_392' title='bbox 1492 1852 1602 1902; x_wconf 79' lang='lat' dir='ltr'>sinat.</span> <span class='ocrx_word' id='word_1_393' title='bbox 1620 1854 1756 1892; x_wconf 81' lang='lat' dir='ltr'><strong>Seneca</strong></span> <span class='ocrx_word' id='word_1_394' title='bbox 1771 1853 1895 1893; x_wconf 89' lang='lat' dir='ltr'>Vl.de</span> <span class='ocrx_word' id='word_1_395' title='bbox 1906 1854 2277 1903; x_wconf 78' lang='lat' dir='ltr'>Benet.cap.XX1H.</span> 
     </span>
    </p>
   </div>
   <div class='ocr_carea' id='block_1_16' title="bbox 151 1901 1174 1953">
    <p class='ocr_par' dir='ltr' id='par_1_19' title="bbox 151 1901 1174 1953">
     <span class='ocr_line' id='line_1_47' title="bbox 151 1901 1174 1953; baseline 0.003 -12"><span class='ocrx_word' id='word_1_396' title='bbox 151 1904 278 1953; x_wconf 87' lang='lat' dir='ltr'>loqui,</span> <span class='ocrx_word' id='word_1_397' title='bbox 305 1903 432 1952; x_wconf 88' lang='lat' dir='ltr'>stupidi</span> <span class='ocrx_word' id='word_1_398' title='bbox 450 1903 524 1947; x_wconf 85' lang='lat' dir='ltr'>est,</span> <span class='ocrx_word' id='word_1_399' title='bbox 551 1910 610 1940; x_wconf 90' lang='lat' dir='ltr'>aut</span> <span class='ocrx_word' id='word_1_400' title='bbox 629 1901 769 1951; x_wconf 84' lang='lat' dir='ltr'>superbi</span> <span class='ocrx_word' id='word_1_401' title='bbox 788 1914 796 1939; x_wconf 91' lang='lat'><strong>:</strong></span> <span class='ocrx_word' id='word_1_402' title='bbox 823 1901 919 1940; x_wconf 90' lang='lat' dir='ltr'>unde</span> <span class='ocrx_word' id='word_1_403' title='bbox 941 1903 979 1939; x_wconf 73' lang='grc' dir='ltr'>δε</span> <span class='ocrx_word' id='word_1_404' title='bbox 1001 1902 1038 1939; x_wconf 90' lang='lat' dir='ltr'>in</span> <span class='ocrx_word' id='word_1_405' title='bbox 1061 1904 1174 1944; x_wconf 91' lang='lat' dir='ltr'>Tibe·</span> 
     </span>
    </p>
   </div>
   <div class='ocr_carea' id='block_1_17' title="bbox 1244 1903 2273 1960">
    <p class='ocr_par' dir='ltr' id='par_1_20' title="bbox 1244 1903 2273 1960">
     <span class='ocr_line' id='line_1_48' title="bbox 1244 1903 2273 1960; baseline 0.007 -20"><span class='ocrx_word' id='word_1_406' title='bbox 1244 1904 1328 1941; x_wconf 82' lang='lat' dir='ltr'>Vide</span> <span class='ocrx_word' id='word_1_407' title='bbox 1345 1911 1524 1952; x_wconf 85' lang='lat' dir='ltr'>quantum</span> <span class='ocrx_word' id='word_1_408' title='bbox 1547 1903 1640 1941; x_wconf 82' lang='lat' dir='ltr'>nobis</span> <span class='ocrx_word' id='word_1_409' title='bbox 1664 1904 1855 1960; x_wconf 51' lang='lat' dir='ltr'>permiserit</span> <span class='ocrx_word' id='word_1_410' title='bbox 1878 1933 1889 1949; x_wconf 91' lang='lat'><em>,</em></span> <span class='ocrx_word' id='word_1_411' title='bbox 1925 1916 2035 1953; x_wconf 85' lang='lat' dir='ltr'>quain</span> <span class='ocrx_word' id='word_1_412' title='bbox 2071 1919 2148 1945; x_wconf 90' lang='lat' dir='ltr'>non</span> <span class='ocrx_word' id='word_1_413' title='bbox 2175 1909 2273 1947; x_wconf 84' lang='lat' dir='ltr'>intra</span> 
     </span>
    </p>
   </div>
   <div class='ocr_carea' id='block_1_18' title="bbox 150 1952 2274 2008">
    <p class='ocr_par' dir='ltr' id='par_1_21' title="bbox 150 1952 2274 2008">
     <span class='ocr_line' id='line_1_49' title="bbox 150 1952 2274 2008; baseline 0.004 -17"><span class='ocrx_word' id='word_1_414' title='bbox 150 1955 207 1992; x_wconf 82' lang='lat' dir='ltr'>rio</span> <span class='ocrx_word' id='word_1_415' title='bbox 225 1954 475 1997; x_wconf 77' lang='lat' dir='ltr'>reprehensum</span> <span class='ocrx_word' id='word_1_416' title='bbox 498 1980 509 1997; x_wconf 95' lang='lat'><strong>,</strong></span> <span class='ocrx_word' id='word_1_417' title='bbox 532 1952 577 1991; x_wconf 91' lang='lat' dir='ltr'>de</span> <span class='ocrx_word' id='word_1_418' title='bbox 600 1964 676 2003; x_wconf 87' lang='lat' dir='ltr'>quo</span> <span class='ocrx_word' id='word_1_419' title='bbox 693 1953 883 1990; x_wconf 89' lang='lat' dir='ltr'>Suetonius</span> <span class='ocrx_word' id='word_1_420' title='bbox 903 1953 978 2002; x_wconf 87' lang='lat' dir='ltr'>ejus</span> <span class='ocrx_word' id='word_1_421' title='bbox 1001 1953 1074 1992; x_wconf 83' lang='lat' dir='ltr'>vita</span> <span class='ocrx_word' id='word_1_422' title='bbox 1096 1966 1173 2006; x_wconf 90' lang='lat' dir='ltr'>cap.</span> <span class='ocrx_word' id='word_1_423' title='bbox 1242 1953 1393 1993; x_wconf 84' lang='lat' dir='ltr'>homines</span> <span class='ocrx_word' id='word_1_424' title='bbox 1412 1953 1560 1993; x_wconf 81' lang='lat' dir='ltr'>humani</span> <span class='ocrx_word' id='word_1_425' title='bbox 1577 1955 1707 2004; x_wconf 71' lang='lat' dir='ltr'>imperia</span> <span class='ocrx_word' id='word_1_426' title='bbox 1732 1954 1877 1993; x_wconf 74' lang='lat' dir='ltr'>conditio</span> <span class='ocrx_word' id='word_1_427' title='bbox 1890 1955 1968 2008; x_wconf 75' lang='lat' dir='ltr'>stt?</span> <span class='ocrx_word' id='word_1_428' title='bbox 1996 1957 2168 1998; x_wconf 87' lang='lat' dir='ltr'>Lucanus</span> <span class='ocrx_word' id='word_1_429' title='bbox 2190 1961 2274 2002; x_wconf 82' lang='lat' dir='ltr'>Lib.</span> 
     </span>
    </p>
   </div>
   <div class='ocr_carea' id='block_1_19' title="bbox 146 2003 1172 2259">
    <p class='ocr_par' dir='ltr' id='par_1_22' title="bbox 150 2003 1172 2156">
     <span class='ocr_line' id='line_1_50' title="bbox 151 2003 1172 2057; baseline 0 -16"><span class='ocrx_word' id='word_1_430' title='bbox 151 2004 330 2042; x_wconf 84' lang='lat' dir='ltr'>LXVIII.</span> <span class='ocrx_word' id='word_1_431' title='bbox 356 2005 383 2042; x_wconf 88' lang='lat' dir='ltr'>B</span> <span class='ocrx_word' id='word_1_432' title='bbox 396 2018 419 2041; x_wconf 88' lang='grc' dir='ltr'>υ</span> <span class='ocrx_word' id='word_1_433' title='bbox 435 2016 456 2042; x_wconf 90' lang='lat' dir='ltr'><strong>c</strong></span> <span class='ocrx_word' id='word_1_434' title='bbox 471 2016 494 2041; x_wconf 81' lang='lat' dir='ltr'><strong>H</strong></span> <span class='ocrx_word' id='word_1_435' title='bbox 511 2016 534 2040; x_wconf 82' lang='lat' dir='ltr'>N</span> <span class='ocrx_word' id='word_1_436' title='bbox 549 2015 622 2041; x_wconf 75' lang='lat' dir='ltr'>En.</span> <span class='ocrx_word' id='word_1_437' title='bbox 659 2003 742 2041; x_wconf 88' lang='lat' dir='ltr'>Lib.</span> <span class='ocrx_word' id='word_1_438' title='bbox 763 2003 790 2040; x_wconf 91' lang='grc' dir='ltr'>Ι.</span> <span class='ocrx_word' id='word_1_439' title='bbox 816 2003 922 2052; x_wconf 88' lang='lat' dir='ltr'>Epist.</span> <span class='ocrx_word' id='word_1_440' title='bbox 938 2004 1057 2042; x_wconf 87' lang='lat' dir='ltr'>XXII.</span> <span class='ocrx_word' id='word_1_441' title='bbox 1076 2017 1112 2042; x_wconf 92' lang='lat' dir='ltr'>n.</span> <span class='ocrx_word' id='word_1_442' title='bbox 1138 2019 1172 2057; x_wconf 83' lang='lat'>3,</span> 
     </span>
     <span class='ocr_line' id='line_1_51' title="bbox 150 2052 1170 2105; baseline 0.005 -14"><span class='ocrx_word' id='word_1_443' title='bbox 150 2055 245 2101; x_wconf 80' lang='lat' dir='ltr'>Jam</span> <span class='ocrx_word' id='word_1_444' title='bbox 265 2066 396 2105; x_wconf 76' lang='lat' dir='ltr'>quanta</span> <span class='ocrx_word' id='word_1_445' title='bbox 408 2053 619 2104; x_wconf 58' lang='lat' dir='ltr'>sermonibus</span> <span class='ocrx_word' id='word_1_446' title='bbox 641 2053 710 2102; x_wconf 76' lang='lat' dir='ltr'>ejus</span> <span class='ocrx_word' id='word_1_447' title='bbox 719 2052 808 2101; x_wconf 84' lang='lat' dir='ltr'>fides</span> <span class='ocrx_word' id='word_1_448' title='bbox 828 2081 838 2098; x_wconf 88' lang='lat'>‚</span> <span class='ocrx_word' id='word_1_449' title='bbox 866 2065 1002 2104; x_wconf 66' lang='lat' dir='ltr'>quanta</span> <span class='ocrx_word' id='word_1_450' title='bbox 1021 2058 1170 2096; x_wconf 74' lang='lat' dir='ltr'>auctori-</span> 
     </span>
     <span class='ocr_line' id='line_1_52' title="bbox 152 2104 927 2156; baseline 0.001 -13"><span class='ocrx_word' id='word_1_451' title='bbox 152 2106 234 2143; x_wconf 73' lang='lat' dir='ltr'>tas?</span> <span class='ocrx_word' id='word_1_452' title='bbox 261 2119 367 2156; x_wconf 79' lang='lat' dir='ltr'>quam</span> <span class='ocrx_word' id='word_1_453' title='bbox 381 2105 485 2155; x_wconf 81' lang='lat' dir='ltr'>pressa</span> <span class='ocrx_word' id='word_1_454' title='bbox 509 2116 551 2144; x_wconf 62' lang='grc' dir='ltr'>εν</span> <span class='ocrx_word' id='word_1_455' title='bbox 575 2105 694 2141; x_wconf 80' lang='lat' dir='ltr'>decora</span> <span class='ocrx_word' id='word_1_456' title='bbox 711 2104 927 2144; x_wconf 67' lang='lat' dir='ltr'>cuneatio?</span> 
     </span>
    </p>

    <p class='ocr_par' dir='ltr' id='par_1_23' title="bbox 146 2154 1167 2259">
     <span class='ocr_line' id='line_1_53' title="bbox 198 2154 1162 2210; baseline 0.004 -17"><span class='ocrx_word' id='word_1_457' title='bbox 198 2168 233 2202; x_wconf 79' lang='lat'>4.</span> <span class='ocrx_word' id='word_1_458' title='bbox 261 2158 389 2210; x_wconf 36' lang='lat' dir='ltr'>,Qum</span> <span class='ocrx_word' id='word_1_459' title='bbox 405 2157 482 2204; x_wconf 81' lang='lat' dir='ltr'>pari</span> <span class='ocrx_word' id='word_1_460' title='bbox 500 2154 590 2192; x_wconf 78' lang='lat' dir='ltr'>libra</span> <span class='ocrx_word' id='word_1_461' title='bbox 612 2156 761 2203; x_wconf 86' lang='lat' dir='ltr'>gravitas</span> <span class='ocrx_word' id='word_1_462' title='bbox 784 2157 1050 2206; x_wconf 70' lang='lat' dir='ltr'>comitasque]</span> <span class='ocrx_word' id='word_1_463' title='bbox 1077 2158 1162 2197; x_wconf 86' lang='lat' dir='ltr'>Fre-</span> 
     </span>
     <span class='ocr_line' id='line_1_54' title="bbox 146 2205 1167 2259; baseline 0.005 -16"><span class='ocrx_word' id='word_1_464' title='bbox 146 2209 373 2255; x_wconf 77' lang='lat' dir='ltr'>quentifflma</span> <span class='ocrx_word' id='word_1_465' title='bbox 395 2207 483 2245; x_wconf 87' lang='lat' dir='ltr'>haec</span> <span class='ocrx_word' id='word_1_466' title='bbox 498 2206 573 2243; x_wconf 83' lang='lat' dir='ltr'>laus</span> <span class='ocrx_word' id='word_1_467' title='bbox 588 2206 632 2242; x_wconf 88' lang='lat' dir='ltr'>ab</span> <span class='ocrx_word' id='word_1_468' title='bbox 648 2205 704 2243; x_wconf 87' lang='lat' dir='ltr'>illa</span> <span class='ocrx_word' id='word_1_469' title='bbox 723 2205 911 2254; x_wconf 81' lang='lat' dir='ltr'>gravitatis</span> <span class='ocrx_word' id='word_1_470' title='bbox 931 2208 1167 2259; x_wconf 79' lang='lat' dir='ltr'>comitatisque</span> 
     </span>
    </p>
   </div>
   <div class='ocr_carea' id='block_1_20' title="bbox 1239 2003 1498 2052">
    <p class='ocr_par' dir='ltr' id='par_1_24' title="bbox 1239 2003 1498 2052">
     <span class='ocr_line' id='line_1_55' title="bbox 1239 2003 1498 2052; baseline 0.012 -10"><span class='ocrx_word' id='word_1_471' title='bbox 1239 2003 1310 2044; x_wconf 88' lang='lat' dir='ltr'>IV.</span> <span class='ocrx_word' id='word_1_472' title='bbox 1336 2016 1388 2045; x_wconf 89' lang='lat' dir='ltr'>vs.</span> <span class='ocrx_word' id='word_1_473' title='bbox 1406 2005 1498 2052; x_wconf 77' lang='lat'>476.</span> 
     </span>
    </p>
   </div>
   <div class='ocr_carea' id='block_1_21' title="bbox 1340 2106 2084 2209">
    <p class='ocr_par' dir='ltr' id='par_1_25' title="bbox 1340 2106 2084 2209">
     <span class='ocr_line' id='line_1_56' title="bbox 1519 2106 2084 2157; baseline 0.009 -13"><span class='ocrx_word' id='word_1_474' title='bbox 1519 2118 1629 2157; x_wconf 86' lang='lat' dir='ltr'>quam</span> <span class='ocrx_word' id='word_1_475' title='bbox 1659 2106 1701 2145; x_wconf 82' lang='lat' dir='ltr'>fit</span> <span class='ocrx_word' id='word_1_476' title='bbox 1725 2118 1803 2145; x_wconf 87' lang='lat' dir='ltr'>non</span> <span class='ocrx_word' id='word_1_477' title='bbox 1829 2108 1945 2146; x_wconf 77' lang='lat' dir='ltr'>ardua</span> <span class='ocrx_word' id='word_1_478' title='bbox 1971 2109 2084 2149; x_wconf 84' lang='lat' dir='ltr'>virtus</span> 
     </span>
     <span class='ocr_line' id='line_1_57' title="bbox 1340 2158 1814 2209; baseline 0.006 -14"><span class='ocrx_word' id='word_1_479' title='bbox 1340 2158 1528 2197; x_wconf 79' lang='lat' dir='ltr'>servitium</span> <span class='ocrx_word' id='word_1_480' title='bbox 1548 2158 1667 2209; x_wconf 76' lang='lat' dir='ltr'>fugiffe</span> <span class='ocrx_word' id='word_1_481' title='bbox 1691 2171 1814 2198; x_wconf 77' lang='lat' dir='ltr'>manu.</span> 
     </span>
    </p>
   </div>
   <div class='ocr_carea' id='block_1_22' title="bbox 1336 2128 1491 2139">
    <p class='ocr_par' dir='ltr' id='par_1_26' title="bbox 1336 2128 1491 2139">
     <span class='ocr_line' id='line_1_58' title="bbox 1336 2128 1491 2139; baseline 0 0"><span class='ocrx_word' id='word_1_482' title='bbox 1336 2128 1491 2139; x_wconf 95' lang='lat' dir='ltr'> </span> 
     </span>
    </p>
   </div>
   <div class='ocr_carea' id='block_1_23' title="bbox 144 2255 2261 2311">
    <p class='ocr_par' dir='ltr' id='par_1_27' title="bbox 144 2255 2261 2311">
     <span class='ocr_line' id='line_1_59' title="bbox 144 2255 2261 2311; baseline 0.004 -18"><span class='ocrx_word' id='word_1_483' title='bbox 144 2258 311 2296; x_wconf 84' lang='lat' dir='ltr'>mixtura.</span> <span class='ocrx_word' id='word_1_484' title='bbox 360 2257 457 2295; x_wconf 90' lang='lat' dir='ltr'>Vide</span> <span class='ocrx_word' id='word_1_485' title='bbox 478 2283 488 2299; x_wconf 88' lang='lat'>,</span> <span class='ocrx_word' id='word_1_486' title='bbox 516 2266 609 2303; x_wconf 89' lang='lat' dir='ltr'>quae</span> <span class='ocrx_word' id='word_1_487' title='bbox 636 2255 860 2302; x_wconf 85' lang='lat' dir='ltr'>collegerunt</span> <span class='ocrx_word' id='word_1_488' title='bbox 883 2257 1091 2305; x_wconf 83' lang='lat' dir='ltr'>interpretes</span> <span class='ocrx_word' id='word_1_489' title='bbox 1118 2261 1163 2299; x_wconf 85' lang='lat' dir='ltr'>ad</span> <span class='ocrx_word' id='word_1_490' title='bbox 1230 2258 1458 2298; x_wconf 82' lang='lat' dir='ltr'>Notabamus</span> <span class='ocrx_word' id='word_1_491' title='bbox 1475 2261 1562 2298; x_wconf 86' lang='lat' dir='ltr'>olim</span> <span class='ocrx_word' id='word_1_492' title='bbox 1576 2259 1675 2307; x_wconf 59' lang='lat' dir='ltr'>ptura</span> <span class='ocrx_word' id='word_1_493' title='bbox 1685 2257 1730 2295; x_wconf 83' lang='lat' dir='ltr'>ad</span> <span class='ocrx_word' id='word_1_494' title='bbox 1743 2259 1820 2296; x_wconf 88' lang='lat' dir='ltr'>Cic.</span> <span class='ocrx_word' id='word_1_495' title='bbox 1832 2259 1912 2297; x_wconf 88' lang='lat' dir='ltr'>Lib.</span> <span class='ocrx_word' id='word_1_496' title='bbox 1927 2259 1973 2298; x_wconf 83' lang='grc' dir='ltr'>ΙΙ.</span> <span class='ocrx_word' id='word_1_497' title='bbox 1985 2260 2200 2311; x_wconf 78' lang='lat' dir='ltr'>FamEpist.</span> <span class='ocrx_word' id='word_1_498' title='bbox 2210 2264 2261 2306; x_wconf 67' lang='lat' dir='ltr'>X:</span> 
     </span>
    </p>
   </div>
   <div class='ocr_carea' id='block_1_24' title="bbox 131 2305 1162 3061">
    <p class='ocr_par' dir='ltr' id='par_1_28' title="bbox 131 2305 1162 2614">
     <span class='ocr_line' id='line_1_60' title="bbox 145 2305 1160 2358; baseline 0.002 -14"><span class='ocrx_word' id='word_1_499' title='bbox 145 2306 258 2345; x_wconf 87' lang='lat' dir='ltr'>Corn.</span> <span class='ocrx_word' id='word_1_500' title='bbox 296 2309 434 2357; x_wconf 89' lang='lat' dir='ltr'>Nepot.</span> <span class='ocrx_word' id='word_1_501' title='bbox 460 2307 570 2344; x_wconf 85' lang='lat' dir='ltr'>Attic.</span> <span class='ocrx_word' id='word_1_502' title='bbox 605 2316 682 2353; x_wconf 81' lang='lat' dir='ltr'>cap.</span> <span class='ocrx_word' id='word_1_503' title='bbox 700 2305 786 2343; x_wconf 89' lang='lat' dir='ltr'>XV.</span> <span class='ocrx_word' id='word_1_504' title='bbox 821 2318 856 2343; x_wconf 90' lang='lat' dir='ltr'>n.</span> <span class='ocrx_word' id='word_1_505' title='bbox 883 2319 918 2352; x_wconf 90' lang='lat'>1,</span> <span class='ocrx_word' id='word_1_506' title='bbox 947 2314 1069 2358; x_wconf 76' lang='lat' dir='ltr'>Itaque</span> <span class='ocrx_word' id='word_1_507' title='bbox 1087 2310 1160 2357; x_wconf 78' lang='lat' dir='ltr'>ejus</span> 
     </span>
     <span class='ocr_line' id='line_1_61' title="bbox 141 2356 1162 2409; baseline 0.003 -15"><span class='ocrx_word' id='word_1_508' title='bbox 141 2360 292 2397; x_wconf 80' lang='lat' dir='ltr'>comitas</span> <span class='ocrx_word' id='word_1_509' title='bbox 313 2372 379 2396; x_wconf 82' lang='lat' dir='ltr'>non</span> <span class='ocrx_word' id='word_1_510' title='bbox 391 2359 464 2409; x_wconf 77' lang='lat' dir='ltr'>stne</span> <span class='ocrx_word' id='word_1_511' title='bbox 483 2356 669 2397; x_wconf 82' lang='lat' dir='ltr'>severitate</span> <span class='ocrx_word' id='word_1_512' title='bbox 686 2366 758 2393; x_wconf 81' lang='lat' dir='ltr'>erat</span> <span class='ocrx_word' id='word_1_513' title='bbox 773 2383 783 2400; x_wconf 93' lang='lat'><strong>,</strong></span> <span class='ocrx_word' id='word_1_514' title='bbox 806 2370 909 2405; x_wconf 72' lang='lat' dir='ltr'>neque</span> <span class='ocrx_word' id='word_1_515' title='bbox 926 2361 1075 2405; x_wconf 81' lang='lat' dir='ltr'>gravitas</span> <span class='ocrx_word' id='word_1_516' title='bbox 1091 2361 1162 2408; x_wconf 78' lang='lat' dir='ltr'>[me</span> 
     </span>
     <span class='ocr_line' id='line_1_62' title="bbox 137 2406 1157 2454; baseline 0.005 -11"><span class='ocrx_word' id='word_1_517' title='bbox 137 2408 317 2448; x_wconf 80' lang='lat' dir='ltr'>facilitate.</span> <span class='ocrx_word' id='word_1_518' title='bbox 345 2410 478 2447; x_wconf 74' lang='lat' dir='ltr'>Noster</span> <span class='ocrx_word' id='word_1_519' title='bbox 502 2407 584 2445; x_wconf 85' lang='lat' dir='ltr'>Lib.</span> <span class='ocrx_word' id='word_1_520' title='bbox 603 2406 669 2443; x_wconf 88' lang='lat' dir='ltr'>IV.</span> <span class='ocrx_word' id='word_1_521' title='bbox 707 2406 812 2454; x_wconf 89' lang='lat' dir='ltr'>Epist.</span> <span class='ocrx_word' id='word_1_522' title='bbox 832 2407 899 2444; x_wconf 88' lang='lat' dir='ltr'>III.</span> <span class='ocrx_word' id='word_1_523' title='bbox 923 2419 958 2446; x_wconf 87' lang='lat' dir='ltr'>n.</span> <span class='ocrx_word' id='word_1_524' title='bbox 978 2420 1013 2446; x_wconf 85' lang='lat'>2.</span> <span class='ocrx_word' id='word_1_525' title='bbox 1058 2416 1157 2448; x_wconf 87' lang='lat' dir='ltr'>Nam</span> 
     </span>
     <span class='ocr_line' id='line_1_63' title="bbox 131 2457 1160 2508; baseline -0.004 -12"><span class='ocrx_word' id='word_1_526' title='bbox 131 2458 356 2507; x_wconf 79' lang='lat' dir='ltr'>severitatem</span> <span class='ocrx_word' id='word_1_527' title='bbox 379 2459 477 2507; x_wconf 77' lang='lat' dir='ltr'>tstam</span> <span class='ocrx_word' id='word_1_528' title='bbox 493 2457 572 2508; x_wconf 87' lang='lat' dir='ltr'>pari</span> <span class='ocrx_word' id='word_1_529' title='bbox 583 2457 805 2505; x_wconf 67' lang='lat' dir='ltr'>jucunditate</span> <span class='ocrx_word' id='word_1_530' title='bbox 824 2458 955 2495; x_wconf 83' lang='lat' dir='ltr'>condire</span> <span class='ocrx_word' id='word_1_531' title='bbox 969 2486 978 2502; x_wconf 94' lang='lat'>,</span> <span class='ocrx_word' id='word_1_532' title='bbox 983 2460 1160 2507; x_wconf 84' lang='lat' dir='ltr'>summae.</span> 
     </span>
     <span class='ocr_line' id='line_1_64' title="bbox 138 2507 1159 2560; baseline -0.001 -13"><span class='ocrx_word' id='word_1_533' title='bbox 138 2522 201 2558; x_wconf 81' lang='lat' dir='ltr'>que</span> <span class='ocrx_word' id='word_1_534' title='bbox 218 2512 382 2560; x_wconf 86' lang='lat' dir='ltr'>gravitati</span> <span class='ocrx_word' id='word_1_535' title='bbox 397 2522 538 2548; x_wconf 83' lang='lat' dir='ltr'>tantum</span> <span class='ocrx_word' id='word_1_536' title='bbox 562 2508 739 2546; x_wconf 86' lang='lat' dir='ltr'>comitatis</span> <span class='ocrx_word' id='word_1_537' title='bbox 761 2507 944 2557; x_wconf 79' lang='lat' dir='ltr'>adjungere</span> <span class='ocrx_word' id='word_1_538' title='bbox 965 2536 975 2553; x_wconf 96' lang='lat'>,</span> <span class='ocrx_word' id='word_1_539' title='bbox 1004 2522 1071 2546; x_wconf 84' lang='lat' dir='ltr'>non</span> <span class='ocrx_word' id='word_1_540' title='bbox 1091 2516 1159 2550; x_wconf 78' lang='lat' dir='ltr'>mi-</span> 
     </span>
     <span class='ocr_line' id='line_1_65' title="bbox 139 2558 742 2614; baseline -0.003 -17"><span class='ocrx_word' id='word_1_541' title='bbox 139 2572 202 2598; x_wconf 78' lang='lat' dir='ltr'>nus</span> <span class='ocrx_word' id='word_1_542' title='bbox 219 2562 357 2614; x_wconf 70' lang='lat' dir='ltr'>dzffi&#39;cile</span> <span class='ocrx_word' id='word_1_543' title='bbox 376 2574 481 2611; x_wconf 81' lang='lat' dir='ltr'>quam</span> <span class='ocrx_word' id='word_1_544' title='bbox 501 2572 667 2608; x_wconf 86' lang='lat' dir='ltr'>magnum</span> <span class='ocrx_word' id='word_1_545' title='bbox 688 2558 742 2604; x_wconf 83' lang='lat' dir='ltr'>est.</span> 
     </span>
    </p>

    <p class='ocr_par' dir='ltr' id='par_1_29' title="bbox 133 2609 1155 3061">
     <span class='ocr_line' id='line_1_66' title="bbox 189 2609 1152 2661; baseline -0.001 -12"><span class='ocrx_word' id='word_1_546' title='bbox 189 2624 223 2660; x_wconf 84' lang='lat'>5.</span> <span class='ocrx_word' id='word_1_547' title='bbox 248 2611 511 2661; x_wconf 77' lang='lat' dir='ltr'>Diffimitlimo.]</span> <span class='ocrx_word' id='word_1_548' title='bbox 541 2610 737 2657; x_wconf 73' lang='lat' dir='ltr'>improbo,</span> <span class='ocrx_word' id='word_1_549' title='bbox 760 2609 1030 2653; x_wconf 89' lang='lat' dir='ltr'>infami,molli.</span> <span class='ocrx_word' id='word_1_550' title='bbox 1056 2610 1152 2648; x_wconf 85' lang='lat' dir='ltr'>Nam</span> 
     </span>
     <span class='ocr_line' id='line_1_67' title="bbox 137 2660 1155 2711; baseline 0.002 -14"><span class='ocrx_word' id='word_1_551' title='bbox 137 2663 304 2711; x_wconf 69' lang='lat' dir='ltr'>conjecto</span> <span class='ocrx_word' id='word_1_552' title='bbox 332 2661 435 2702; x_wconf 86' lang='lat' dir='ltr'>fuiffe</span> <span class='ocrx_word' id='word_1_553' title='bbox 464 2660 659 2699; x_wconf 86' lang='lat' dir='ltr'>Afranium</span> <span class='ocrx_word' id='word_1_554' title='bbox 699 2660 940 2706; x_wconf 84' lang='lat' dir='ltr'>Quintianum</span> <span class='ocrx_word' id='word_1_555' title='bbox 980 2660 1155 2699; x_wconf 84' lang='lat' dir='ltr'>Senatorii</span> 
     </span>
     <span class='ocr_line' id='line_1_68' title="bbox 138 2710 1153 2761; baseline 0.001 -14"><span class='ocrx_word' id='word_1_556' title='bbox 138 2712 291 2758; x_wconf 81' lang='lat' dir='ltr'>ordinis,</span> <span class='ocrx_word' id='word_1_557' title='bbox 317 2714 419 2752; x_wconf 87' lang='lat' dir='ltr'>molli</span> <span class='ocrx_word' id='word_1_558' title='bbox 437 2722 591 2761; x_wconf 85' lang='lat' dir='ltr'>corpore</span> <span class='ocrx_word' id='word_1_559' title='bbox 612 2710 788 2749; x_wconf 75' lang='lat' dir='ltr'>infamem</span> <span class='ocrx_word' id='word_1_560' title='bbox 815 2739 825 2755; x_wconf 91' lang='lat'>,</span> <span class='ocrx_word' id='word_1_561' title='bbox 852 2722 872 2746; x_wconf 89' lang='lat' dir='ltr'>a</span> <span class='ocrx_word' id='word_1_562' title='bbox 895 2711 1047 2748; x_wconf 87' lang='lat' dir='ltr'>Nerone</span> <span class='ocrx_word' id='word_1_563' title='bbox 1067 2722 1153 2759; x_wconf 86' lang='lat' dir='ltr'>pro-</span> 
     </span>
     <span class='ocr_line' id='line_1_69' title="bbox 136 2759 1150 2806; baseline 0.001 -10"><span class='ocrx_word' id='word_1_564' title='bbox 136 2759 239 2800; x_wconf 84' lang='lat' dir='ltr'>broso</span> <span class='ocrx_word' id='word_1_565' title='bbox 255 2765 412 2802; x_wconf 85' lang='lat' dir='ltr'>carmine</span> <span class='ocrx_word' id='word_1_566' title='bbox 432 2763 658 2802; x_wconf 80' lang='lat' dir='ltr'>diffamatum</span> <span class='ocrx_word' id='word_1_567' title='bbox 681 2788 691 2805; x_wconf 87' lang='lat'>‚</span> <span class='ocrx_word' id='word_1_568' title='bbox 727 2760 924 2799; x_wconf 86' lang='lat' dir='ltr'>secundum</span> <span class='ocrx_word' id='word_1_569' title='bbox 955 2762 1150 2806; x_wconf 86' lang='lat' dir='ltr'>Tacitum,</span> 
     </span>
     <span class='ocr_line' id='line_1_70' title="bbox 140 2811 1149 2864; baseline 0.002 -15"><span class='ocrx_word' id='word_1_570' title='bbox 140 2811 177 2847; x_wconf 89' lang='lat'>&amp;</span> <span class='ocrx_word' id='word_1_571' title='bbox 194 2812 230 2849; x_wconf 88' lang='lat' dir='ltr'>in</span> <span class='ocrx_word' id='word_1_572' title='bbox 258 2815 503 2864; x_wconf 83' lang='lat' dir='ltr'>conjuratione</span> <span class='ocrx_word' id='word_1_573' title='bbox 521 2813 706 2851; x_wconf 86' lang='lat' dir='ltr'>Pisoniana</span> <span class='ocrx_word' id='word_1_574' title='bbox 720 2811 980 2861; x_wconf 83' lang='lat' dir='ltr'>deprehensum</span> <span class='ocrx_word' id='word_1_575' title='bbox 992 2811 1149 2851; x_wconf 83' lang='lat' dir='ltr'>diuindi-</span> 
     </span>
     <span class='ocr_line' id='line_1_71' title="bbox 138 2860 1146 2912; baseline 0.002 -15"><span class='ocrx_word' id='word_1_576' title='bbox 138 2860 231 2898; x_wconf 86' lang='lat' dir='ltr'>cium</span> <span class='ocrx_word' id='word_1_577' title='bbox 251 2863 402 2903; x_wconf 85' lang='lat' dir='ltr'>abnuiffe</span> <span class='ocrx_word' id='word_1_578' title='bbox 431 2877 440 2902; x_wconf 72' lang='grc' dir='ltr'><strong><em>ι</em></strong></span> <span class='ocrx_word' id='word_1_579' title='bbox 473 2863 550 2912; x_wconf 85' lang='lat' dir='ltr'>post</span> <span class='ocrx_word' id='word_1_580' title='bbox 586 2860 752 2912; x_wconf 72' lang='lat' dir='ltr'>promissa</span> <span class='ocrx_word' id='word_1_581' title='bbox 786 2863 1000 2910; x_wconf 79' lang='lat' dir='ltr'>impunitate</span> <span class='ocrx_word' id='word_1_582' title='bbox 1027 2873 1146 2900; x_wconf 86' lang='lat' dir='ltr'>corru-</span> 
     </span>
     <span class='ocr_line' id='line_1_72' title="bbox 137 2914 1146 2962; baseline 0.003 -15"><span class='ocrx_word' id='word_1_583' title='bbox 137 2918 238 2958; x_wconf 74' lang='lat' dir='ltr'>ptum</span> <span class='ocrx_word' id='word_1_584' title='bbox 256 2939 266 2956; x_wconf 93' lang='lat'>,</span> <span class='ocrx_word' id='word_1_585' title='bbox 293 2925 366 2962; x_wconf 91' lang='lat' dir='ltr'>quo</span> <span class='ocrx_word' id='word_1_586' title='bbox 386 2914 585 2953; x_wconf 72' lang='lat' dir='ltr'>tarditatem</span> <span class='ocrx_word' id='word_1_587' title='bbox 604 2914 805 2956; x_wconf 73' lang='lat' dir='ltr'>excusaret,</span> <span class='ocrx_word' id='word_1_588' title='bbox 834 2914 990 2952; x_wconf 88' lang='lat' dir='ltr'>Glicium</span> <span class='ocrx_word' id='word_1_589' title='bbox 1004 2914 1146 2950; x_wconf 85' lang='lat' dir='ltr'>Gallum</span> 
     </span>
     <span class='ocr_line' id='line_1_73' title="bbox 133 2962 1149 3010; baseline 0.002 -12"><span class='ocrx_word' id='word_1_590' title='bbox 133 2963 361 3010; x_wconf 73' lang='lat' dir='ltr'>praecipuum</span> <span class='ocrx_word' id='word_1_591' title='bbox 385 2967 584 3004; x_wconf 85' lang='lat' dir='ltr'>amicorum</span> <span class='ocrx_word' id='word_1_592' title='bbox 608 2962 808 3002; x_wconf 73' lang='lat' dir='ltr'>nominasse</span> <span class='ocrx_word' id='word_1_593' title='bbox 831 2979 840 3005; x_wconf 69' lang='grc' dir='ltr'><strong>ε</strong></span> <span class='ocrx_word' id='word_1_594' title='bbox 869 2966 895 3002; x_wconf 90' lang='lat' dir='ltr'>is</span> <span class='ocrx_word' id='word_1_595' title='bbox 917 2972 1041 3002; x_wconf 85' lang='lat' dir='ltr'>tamen</span> <span class='ocrx_word' id='word_1_596' title='bbox 1059 2975 1149 3001; x_wconf 79' lang='lat' dir='ltr'>mox</span> 
     </span>
     <span class='ocr_line' id='line_1_74' title="bbox 135 3012 1152 3061; baseline 0.004 -15"><span class='ocrx_word' id='word_1_597' title='bbox 135 3012 236 3057; x_wconf 82' lang='lat' dir='ltr'>periit</span> <span class='ocrx_word' id='word_1_598' title='bbox 253 3023 328 3049; x_wconf 91' lang='lat' dir='ltr'>non</span> <span class='ocrx_word' id='word_1_599' title='bbox 348 3025 393 3050; x_wconf 86' lang='lat' dir='ltr'>ex</span> <span class='ocrx_word' id='word_1_600' title='bbox 412 3016 527 3061; x_wconf 90' lang='lat' dir='ltr'>priore</span> <span class='ocrx_word' id='word_1_601' title='bbox 549 3016 642 3053; x_wconf 86' lang='lat' dir='ltr'>vitae</span> <span class='ocrx_word' id='word_1_602' title='bbox 667 3015 836 3053; x_wconf 86' lang='lat' dir='ltr'>mollicie.</span> <span class='ocrx_word' id='word_1_603' title='bbox 864 3016 895 3052; x_wconf 94' lang='lat' dir='ltr'>C</span> <span class='ocrx_word' id='word_1_604' title='bbox 909 3028 959 3052; x_wconf 75' lang='grc' dir='ltr'>Ατ</span> <span class='ocrx_word' id='word_1_605' title='bbox 974 3028 994 3051; x_wconf 79' lang='grc' dir='ltr'>Α</span> <span class='ocrx_word' id='word_1_606' title='bbox 1009 3028 1047 3051; x_wconf 78' lang='lat' dir='ltr'>N.</span> <span class='ocrx_word' id='word_1_607' title='bbox 1075 3014 1152 3051; x_wconf 87' lang='lat' dir='ltr'>Ta-</span> 
     </span>
    </p>
   </div>
   <div class='ocr_carea' id='block_1_25' title="bbox 1215 2309 2255 3013">
    <p class='ocr_par' dir='ltr' id='par_1_30' title="bbox 1225 2309 2251 2397">
     <span class='ocr_line' id='line_1_75' title="bbox 1225 2309 2251 2360; baseline 0.005 -14"><span class='ocrx_word' id='word_1_608' title='bbox 1225 2310 1337 2357; x_wconf 87' lang='lat' dir='ltr'>princ.</span> <span class='ocrx_word' id='word_1_609' title='bbox 1364 2317 1415 2347; x_wconf 87' lang='lat' dir='ltr'>Tu</span> <span class='ocrx_word' id='word_1_610' title='bbox 1433 2311 1513 2347; x_wconf 83' lang='lat' dir='ltr'>vide</span> <span class='ocrx_word' id='word_1_611' title='bbox 1526 2337 1536 2354; x_wconf 86' lang='lat'><strong>,</strong></span> <span class='ocrx_word' id='word_1_612' title='bbox 1549 2320 1660 2358; x_wconf 87' lang='lat' dir='ltr'>quam</span> <span class='ocrx_word' id='word_1_613' title='bbox 1678 2309 1727 2345; x_wconf 82' lang='lat' dir='ltr'>ad</span> <span class='ocrx_word' id='word_1_614' title='bbox 1749 2322 1803 2346; x_wconf 83' lang='lat' dir='ltr'>me</span> <span class='ocrx_word' id='word_1_615' title='bbox 1823 2309 1959 2348; x_wconf 72' lang='lat' dir='ltr'>litterae</span> <span class='ocrx_word' id='word_1_616' title='bbox 1978 2322 2055 2348; x_wconf 90' lang='lat' dir='ltr'>non</span> <span class='ocrx_word' id='word_1_617' title='bbox 2072 2314 2251 2360; x_wconf 66' lang='lat' dir='ltr'>perfirm-¹</span> 
     </span>
     <span class='ocr_line' id='line_1_76' title="bbox 1230 2359 1523 2397; baseline -0.003 0"><span class='ocrx_word' id='word_1_618' title='bbox 1230 2370 1301 2397; x_wconf 81' lang='lat' dir='ltr'>tur.</span> <span class='ocrx_word' id='word_1_619' title='bbox 1329 2359 1362 2396; x_wconf 93' lang='lat' dir='ltr'>C</span> <span class='ocrx_word' id='word_1_620' title='bbox 1375 2374 1398 2396; x_wconf 86' lang='lat' dir='ltr'>o</span> <span class='ocrx_word' id='word_1_621' title='bbox 1411 2374 1436 2396; x_wconf 74' lang='lat' dir='ltr'>u</span> <span class='ocrx_word' id='word_1_622' title='bbox 1453 2373 1475 2396; x_wconf 86' lang='grc' dir='ltr'>τ</span> <span class='ocrx_word' id='word_1_623' title='bbox 1488 2372 1523 2397; x_wconf 78' lang='grc' dir='ltr'>ε.</span> 
     </span>
    </p>

    <p class='ocr_par' dir='ltr' id='par_1_31' title="bbox 1218 2407 2255 2651">
     <span class='ocr_line' id='line_1_77' title="bbox 1278 2407 2253 2462; baseline 0.007 -16"><span class='ocrx_word' id='word_1_624' title='bbox 1278 2421 1312 2456; x_wconf 88' lang='grc'>7.</span> <span class='ocrx_word' id='word_1_625' title='bbox 1339 2410 1559 2456; x_wconf 66' lang='lat' dir='ltr'>viventem]</span> <span class='ocrx_word' id='word_1_626' title='bbox 1588 2407 1952 2448; x_wconf 78' lang='lat' dir='ltr'>Mediceus&amp;Arnz.</span> <span class='ocrx_word' id='word_1_627' title='bbox 1954 2412 2135 2460; x_wconf 78' lang='lat' dir='ltr'>juvenem,</span> <span class='ocrx_word' id='word_1_628' title='bbox 2148 2414 2253 2462; x_wconf 88' lang='lat' dir='ltr'>quod</span> 
     </span>
     <span class='ocr_line' id='line_1_78' title="bbox 1222 2458 2255 2510; baseline 0.005 -13"><span class='ocrx_word' id='word_1_629' title='bbox 1222 2460 1259 2497; x_wconf 92' lang='lat' dir='ltr'>in</span> <span class='ocrx_word' id='word_1_630' title='bbox 1281 2460 1406 2498; x_wconf 90' lang='lat' dir='ltr'>medio</span> <span class='ocrx_word' id='word_1_631' title='bbox 1423 2461 1663 2508; x_wconf 85' lang='lat' dir='ltr'>relinquerem</span> <span class='ocrx_word' id='word_1_632' title='bbox 1681 2458 1767 2502; x_wconf 89' lang='lat' dir='ltr'>,nifi</span> <span class='ocrx_word' id='word_1_633' title='bbox 1789 2461 1826 2496; x_wconf 71' lang='grc' dir='ltr'>δε</span> <span class='ocrx_word' id='word_1_634' title='bbox 1847 2459 1924 2499; x_wconf 85' lang='lat' dir='ltr'>finis</span> <span class='ocrx_word' id='word_1_635' title='bbox 1944 2461 2111 2510; x_wconf 85' lang='lat' dir='ltr'>epistolae</span> <span class='ocrx_word' id='word_1_636' title='bbox 2129 2465 2255 2502; x_wconf 85' lang='lat' dir='ltr'>aetatis</span> 
     </span>
     <span class='ocr_line' id='line_1_79' title="bbox 1225 2509 2250 2561; baseline 0.004 -13"><span class='ocrx_word' id='word_1_637' title='bbox 1225 2512 1454 2550; x_wconf 87' lang='lat' dir='ltr'>mentionem</span> <span class='ocrx_word' id='word_1_638' title='bbox 1477 2511 1633 2554; x_wconf 86' lang='lat' dir='ltr'>faceret,</span> <span class='ocrx_word' id='word_1_639' title='bbox 1660 2520 1730 2557; x_wconf 84' lang='lat' dir='ltr'>qua</span> <span class='ocrx_word' id='word_1_640' title='bbox 1753 2509 1794 2547; x_wconf 91' lang='lat' dir='ltr'>fit</span> <span class='ocrx_word' id='word_1_641' title='bbox 1817 2521 1959 2560; x_wconf 82' lang='lat' dir='ltr'>raptus.-</span> <span class='ocrx_word' id='word_1_642' title='bbox 1979 2512 2080 2561; x_wconf 88' lang='lat' dir='ltr'>quod</span> <span class='ocrx_word' id='word_1_643' title='bbox 2093 2522 2189 2552; x_wconf 87' lang='lat' dir='ltr'>certe</span> <span class='ocrx_word' id='word_1_644' title='bbox 2204 2515 2250 2552; x_wconf 90' lang='lat' dir='ltr'>ad</span> 
     </span>
     <span class='ocr_line' id='line_1_80' title="bbox 1220 2560 2252 2613; baseline 0.006 -17"><span class='ocrx_word' id='word_1_645' title='bbox 1220 2569 1376 2600; x_wconf 87' lang='lat' dir='ltr'>aetatem</span> <span class='ocrx_word' id='word_1_646' title='bbox 1392 2562 1595 2611; x_wconf 77' lang='lat' dir='ltr'>Juvenilem</span> <span class='ocrx_word' id='word_1_647' title='bbox 1615 2560 1780 2609; x_wconf 83' lang='lat' dir='ltr'>pertinet.</span> <span class='ocrx_word' id='word_1_648' title='bbox 1825 2563 1988 2611; x_wconf 88' lang='lat' dir='ltr'>Reposui</span> <span class='ocrx_word' id='word_1_649' title='bbox 2012 2564 2134 2612; x_wconf 85' lang='lat' dir='ltr'>itaque</span> <span class='ocrx_word' id='word_1_650' title='bbox 2145 2565 2252 2613; x_wconf 31' lang='lat' dir='ltr'>juve-</span> 
     </span>
     <span class='ocr_line' id='line_1_81' title="bbox 1218 2623 1307 2651; baseline 0.045 -4"><span class='ocrx_word' id='word_1_651' title='bbox 1218 2623 1307 2651; x_wconf 88' lang='lat' dir='ltr'>nem.</span> 
     </span>
    </p>

    <p class='ocr_par' dir='ltr' id='par_1_32' title="bbox 1215 2659 2248 3013">
     <span class='ocr_line' id='line_1_82' title="bbox 1272 2659 2242 2711; baseline -0.001 -11"><span class='ocrx_word' id='word_1_652' title='bbox 1272 2662 1307 2701; x_wconf 90' lang='lat'>8.</span> <span class='ocrx_word' id='word_1_653' title='bbox 1332 2667 1378 2700; x_wconf 87' lang='lat' dir='ltr'>Ut</span> <span class='ocrx_word' id='word_1_654' title='bbox 1397 2659 1455 2698; x_wconf 78' lang='lat' dir='ltr'>hoc</span> <span class='ocrx_word' id='word_1_655' title='bbox 1472 2662 1582 2711; x_wconf 82' lang='lat' dir='ltr'>potius</span> <span class='ocrx_word' id='word_1_656' title='bbox 1595 2689 1604 2705; x_wconf 92' lang='lat'><strong>‚</strong></span> <span class='ocrx_word' id='word_1_657' title='bbox 1618 2672 1725 2711; x_wconf 78' lang='lat' dir='ltr'>quam</span> <span class='ocrx_word' id='word_1_658' title='bbox 1746 2661 1786 2698; x_wconf 85' lang='lat' dir='ltr'>de</span> <span class='ocrx_word' id='word_1_659' title='bbox 1805 2661 1864 2700; x_wconf 83' lang='lat' dir='ltr'>illo</span> <span class='ocrx_word' id='word_1_660' title='bbox 1878 2662 2113 2710; x_wconf 55' lang='lat' dir='ltr'>Elerifflelis]</span> <span class='ocrx_word' id='word_1_661' title='bbox 2144 2663 2242 2710; x_wconf 89' lang='lat' dir='ltr'>Gry-</span> 
     </span>
     <span class='ocr_line' id='line_1_83' title="bbox 1218 2711 2246 2760; baseline 0.001 -9"><span class='ocrx_word' id='word_1_662' title='bbox 1218 2713 1342 2760; x_wconf 90' lang='lat' dir='ltr'>phius,</span> <span class='ocrx_word' id='word_1_663' title='bbox 1369 2712 1541 2749; x_wconf 87' lang='lat' dir='ltr'>Gruterus</span> <span class='ocrx_word' id='word_1_664' title='bbox 1563 2713 1600 2749; x_wconf 67' lang='grc' dir='ltr'>ὃς</span> <span class='ocrx_word' id='word_1_665' title='bbox 1625 2711 1744 2760; x_wconf 88' lang='lat' dir='ltr'>plures</span> <span class='ocrx_word' id='word_1_666' title='bbox 1762 2712 1818 2749; x_wconf 83' lang='lat' dir='ltr'>alii</span> <span class='ocrx_word' id='word_1_667' title='bbox 1849 2713 1894 2750; x_wconf 89' lang='lat' dir='ltr'>de</span> <span class='ocrx_word' id='word_1_668' title='bbox 1920 2713 1983 2748; x_wconf 91' lang='lat' dir='ltr'>suo</span> <span class='ocrx_word' id='word_1_669' title='bbox 2001 2713 2059 2749; x_wconf 87' lang='lat' dir='ltr'>hic</span> <span class='ocrx_word' id='word_1_670' title='bbox 2087 2712 2246 2752; x_wconf 85' lang='lat' dir='ltr'>liberales</span> 
     </span>
     <span class='ocr_line' id='line_1_84' title="bbox 1218 2761 2243 2812; baseline 0.003 -13"><span class='ocrx_word' id='word_1_671' title='bbox 1218 2763 1319 2804; x_wconf 85' lang='lat' dir='ltr'>sunt,</span> <span class='ocrx_word' id='word_1_672' title='bbox 1347 2764 1590 2810; x_wconf 84' lang='lat' dir='ltr'>ingeruntque</span> <span class='ocrx_word' id='word_1_673' title='bbox 1613 2774 1620 2797; x_wconf 93' lang='lat'>:</span> <span class='ocrx_word' id='word_1_674' title='bbox 1650 2772 1690 2797; x_wconf 73' lang='lat' dir='ltr'>ut</span> <span class='ocrx_word' id='word_1_675' title='bbox 1710 2761 1798 2797; x_wconf 88' lang='lat' dir='ltr'>haec</span> <span class='ocrx_word' id='word_1_676' title='bbox 1820 2763 1942 2801; x_wconf 78' lang='lat' dir='ltr'>audi-e</span> <span class='ocrx_word' id='word_1_677' title='bbox 1957 2763 2067 2811; x_wconf 83' lang='lat' dir='ltr'>potius</span> <span class='ocrx_word' id='word_1_678' title='bbox 2088 2790 2098 2806; x_wconf 85' lang='lat'>‚</span> <span class='ocrx_word' id='word_1_679' title='bbox 2135 2776 2243 2812; x_wconf 81' lang='lat' dir='ltr'>quam</span> 
     </span>
     <span class='ocr_line' id='line_1_85' title="bbox 1221 2810 2246 2860; baseline 0.002 -10"><span class='ocrx_word' id='word_1_680' title='bbox 1221 2812 1263 2850; x_wconf 86' lang='lat' dir='ltr'>de</span> <span class='ocrx_word' id='word_1_681' title='bbox 1282 2812 1340 2850; x_wconf 82' lang='lat' dir='ltr'>illo</span> <span class='ocrx_word' id='word_1_682' title='bbox 1359 2811 1448 2860; x_wconf 78' lang='lat' dir='ltr'>fileri</span> <span class='ocrx_word' id='word_1_683' title='bbox 1467 2811 1565 2850; x_wconf 77' lang='lat' dir='ltr'>velis.</span> <span class='ocrx_word' id='word_1_684' title='bbox 1593 2810 1693 2848; x_wconf 88' lang='lat' dir='ltr'>Nihil</span> <span class='ocrx_word' id='word_1_685' title='bbox 1713 2812 1779 2848; x_wconf 89' lang='lat' dir='ltr'>tale</span> <span class='ocrx_word' id='word_1_686' title='bbox 1801 2811 1836 2847; x_wconf 89' lang='lat' dir='ltr'>in</span> <span class='ocrx_word' id='word_1_687' title='bbox 1862 2812 1966 2849; x_wconf 87' lang='lat' dir='ltr'>MSS.</span> <span class='ocrx_word' id='word_1_688' title='bbox 1986 2812 2053 2848; x_wconf 83' lang='lat' dir='ltr'>Ed.</span> <span class='ocrx_word' id='word_1_689' title='bbox 2075 2813 2108 2846; x_wconf 78' lang='lat' dir='ltr'>V</span> <span class='ocrx_word' id='word_1_690' title='bbox 2113 2822 2158 2851; x_wconf 90' lang='lat' dir='ltr'>et.</span> <span class='ocrx_word' id='word_1_691' title='bbox 2179 2815 2246 2851; x_wconf 84' lang='lat' dir='ltr'>Al-</span> 
     </span>
     <span class='ocr_line' id='line_1_86' title="bbox 1220 2860 2248 2908; baseline 0.002 -8"><span class='ocrx_word' id='word_1_692' title='bbox 1220 2863 1309 2901; x_wconf 87' lang='lat' dir='ltr'>dinis</span> <span class='ocrx_word' id='word_1_693' title='bbox 1332 2863 1370 2899; x_wconf 89' lang='lat'>&amp;</span> <span class='ocrx_word' id='word_1_694' title='bbox 1393 2861 1566 2900; x_wconf 86' lang='lat' dir='ltr'>Catanaei</span> <span class='ocrx_word' id='word_1_695' title='bbox 1587 2889 1597 2905; x_wconf 94' lang='lat'><strong>,</strong></span> <span class='ocrx_word' id='word_1_696' title='bbox 1631 2860 1754 2908; x_wconf 85' lang='lat' dir='ltr'>estque</span> <span class='ocrx_word' id='word_1_697' title='bbox 1790 2860 1913 2899; x_wconf 80' lang='lat' dir='ltr'>Gloffa</span> <span class='ocrx_word' id='word_1_698' title='bbox 1943 2862 2149 2908; x_wconf 76' lang='lat' dir='ltr'>manifesta,</span> <span class='ocrx_word' id='word_1_699' title='bbox 2176 2875 2248 2902; x_wconf 90' lang='lat' dir='ltr'>nec</span> 
     </span>
     <span class='ocr_line' id='line_1_87' title="bbox 1217 2909 2244 2962; baseline 0 -11"><span class='ocrx_word' id='word_1_700' title='bbox 1217 2921 1342 2951; x_wconf 86' lang='lat' dir='ltr'>tamen</span> <span class='ocrx_word' id='word_1_701' title='bbox 1362 2939 1373 2956; x_wconf 97' lang='lat'>,</span> <span class='ocrx_word' id='word_1_702' title='bbox 1399 2918 1439 2948; x_wconf 89' lang='lat' dir='ltr'>ut</span> <span class='ocrx_word' id='word_1_703' title='bbox 1455 2909 1532 2949; x_wconf 88' lang='lat' dir='ltr'>fieri</span> <span class='ocrx_word' id='word_1_704' title='bbox 1553 2912 1665 2956; x_wconf 86' lang='lat' dir='ltr'>solet,</span> <span class='ocrx_word' id='word_1_705' title='bbox 1691 2910 1871 2951; x_wconf 84' lang='lat' dir='ltr'>adcurata.</span> <span class='ocrx_word' id='word_1_706' title='bbox 1897 2916 1944 2948; x_wconf 87' lang='lat' dir='ltr'>Ut</span> <span class='ocrx_word' id='word_1_707' title='bbox 1965 2912 2025 2950; x_wconf 81' lang='lat' dir='ltr'>hoc</span> <span class='ocrx_word' id='word_1_708' title='bbox 2040 2913 2177 2962; x_wconf 54' lang='lat' dir='ltr'>potius.</span> <span class='ocrx_word' id='word_1_709' title='bbox 2191 2915 2244 2951; x_wconf 85' lang='lat' dir='ltr'>in-</span> 
     </span>
     <span class='ocr_line' id='line_1_88' title="bbox 1215 2961 2245 3013; baseline 0.001 -12"><span class='ocrx_word' id='word_1_710' title='bbox 1215 2964 1333 3011; x_wconf 80' lang='lat' dir='ltr'>tellige</span> <span class='ocrx_word' id='word_1_711' title='bbox 1355 2961 1544 3000; x_wconf 79' lang='lat' dir='ltr'>exulcerari</span> <span class='ocrx_word' id='word_1_712' title='bbox 1564 2961 1709 3000; x_wconf 75' lang='lat' dir='ltr'>dolorem</span> <span class='ocrx_word' id='word_1_713' title='bbox 1728 2971 1829 2998; x_wconf 81' lang='lat' dir='ltr'>tuum</span> <span class='ocrx_word' id='word_1_714' title='bbox 1842 2991 1852 3007; x_wconf 93' lang='lat'><em>,</em></span> <span class='ocrx_word' id='word_1_715' title='bbox 1883 2962 1969 3000; x_wconf 83' lang='lat' dir='ltr'>velis</span> <span class='ocrx_word' id='word_1_716' title='bbox 1982 2976 2109 3013; x_wconf 77' lang='lat' dir='ltr'>‚quam</span> <span class='ocrx_word' id='word_1_717' title='bbox 2129 2963 2169 3001; x_wconf 87' lang='lat' dir='ltr'>de</span> <span class='ocrx_word' id='word_1_718' title='bbox 2186 2965 2245 3002; x_wconf 84' lang='lat' dir='ltr'>illo</span> 
     </span>
    </p>
   </div>
   <div class='ocr_carea' id='block_1_26' title="bbox 1205 3011 2242 3063">
    <p class='ocr_par' dir='ltr' id='par_1_33' title="bbox 1205 3011 2242 3063">
     <span class='ocr_line' id='line_1_89' title="bbox 1205 3011 2242 3063; baseline 0.003 -13"><span class='ocrx_word' id='word_1_719' title='bbox 1205 3013 1313 3063; x_wconf 80' lang='lat' dir='ltr'>sileri.</span> <span class='ocrx_word' id='word_1_720' title='bbox 1340 3013 1396 3051; x_wconf 90' lang='lat' dir='ltr'>Sic</span> <span class='ocrx_word' id='word_1_721' title='bbox 1418 3012 1541 3050; x_wconf 87' lang='lat' dir='ltr'>amasti</span> <span class='ocrx_word' id='word_1_722' title='bbox 1558 3013 1737 3060; x_wconf 80' lang='lat' dir='ltr'>juvenem</span> <span class='ocrx_word' id='word_1_723' title='bbox 1757 3039 1768 3054; x_wconf 94' lang='lat'>,</span> <span class='ocrx_word' id='word_1_724' title='bbox 1800 3020 1840 3050; x_wconf 90' lang='lat' dir='ltr'>ut</span> <span class='ocrx_word' id='word_1_725' title='bbox 1859 3011 1986 3050; x_wconf 80' lang='lat' dir='ltr'>laudes</span> <span class='ocrx_word' id='word_1_726' title='bbox 2005 3014 2082 3062; x_wconf 82' lang='lat' dir='ltr'>ejus</span> <span class='ocrx_word' id='word_1_727' title='bbox 2105 3015 2242 3062; x_wconf 85' lang='lat' dir='ltr'>praedi-</span> 
     </span>
    </p>
   </div>
   <div class='ocr_carea' id='block_1_27' title="bbox 132 3061 2248 3115">
    <p class='ocr_par' dir='ltr' id='par_1_34' title="bbox 132 3061 2248 3115">
     <span class='ocr_line' id='line_1_90' title="bbox 132 3061 2248 3115; baseline -0 -14"><span class='ocrx_word' id='word_1_728' title='bbox 132 3063 244 3102; x_wconf 74' lang='lat' dir='ltr'>citum</span> <span class='ocrx_word' id='word_1_729' title='bbox 264 3063 341 3112; x_wconf 84' lang='lat' dir='ltr'>lege</span> <span class='ocrx_word' id='word_1_730' title='bbox 363 3064 448 3103; x_wconf 84' lang='lat' dir='ltr'>XV.</span> <span class='ocrx_word' id='word_1_731' title='bbox 472 3067 569 3106; x_wconf 82' lang='lat' dir='ltr'>Ann.</span> <span class='ocrx_word' id='word_1_732' title='bbox 589 3077 666 3115; x_wconf 83' lang='lat' dir='ltr'>cap.</span> <span class='ocrx_word' id='word_1_733' title='bbox 688 3066 787 3105; x_wconf 58' lang='lat' dir='ltr'>LVI,</span> <span class='ocrx_word' id='word_1_734' title='bbox 813 3068 851 3106; x_wconf 65' lang='grc' dir='ltr'>ὃς</span> <span class='ocrx_word' id='word_1_735' title='bbox 874 3065 994 3106; x_wconf 84' lang='lat' dir='ltr'>LXX.</span> <span class='ocrx_word' id='word_1_736' title='bbox 1018 3065 1148 3107; x_wconf 69' lang='lat' dir='ltr'>Noster</span> <span class='ocrx_word' id='word_1_737' title='bbox 1214 3067 1283 3105; x_wconf 83' lang='lat' dir='ltr'>cari</span> <span class='ocrx_word' id='word_1_738' title='bbox 1301 3063 1423 3104; x_wconf 85' lang='lat' dir='ltr'>lubens</span> <span class='ocrx_word' id='word_1_739' title='bbox 1444 3063 1645 3111; x_wconf 80' lang='lat' dir='ltr'>volensque</span> <span class='ocrx_word' id='word_1_740' title='bbox 1666 3061 1812 3106; x_wconf 78' lang='lat' dir='ltr'>audias,</span> <span class='ocrx_word' id='word_1_741' title='bbox 1826 3063 2053 3106; x_wconf 77' lang='lat' dir='ltr'>etiamsiillae</span> <span class='ocrx_word' id='word_1_742' title='bbox 2063 3064 2248 3115; x_wconf 84' lang='lat' dir='ltr'>pristinum</span> 
     </span>
    </p>
   </div>
   <div class='ocr_carea' id='block_1_28' title="bbox 1576 3115 2247 3166">
    <p class='ocr_par' dir='ltr' id='par_1_35' title="bbox 1576 3115 2247 3166">
     <span class='ocr_line' id='line_1_91' title="bbox 1576 3115 2247 3166; baseline -0.004 -12"><span class='ocrx_word' id='word_1_743' title='bbox 1576 3115 1621 3166; x_wconf 89' lang='lat' dir='ltr'>M</span> <span class='ocrx_word' id='word_1_744' title='bbox 1634 3125 1672 3154; x_wconf 88' lang='lat' dir='ltr'>m</span> <span class='ocrx_word' id='word_1_745' title='bbox 1684 3125 1722 3154; x_wconf 88' lang='lat' dir='ltr'>m</span> <span class='ocrx_word' id='word_1_746' title='bbox 1732 3125 1771 3153; x_wconf 88' lang='lat' dir='ltr'>m</span> <span class='ocrx_word' id='word_1_747' title='bbox 1802 3125 1821 3164; x_wconf 88' lang='lat'>3</span> <span class='ocrx_word' id='word_1_748' title='bbox 2101 3115 2247 3155; x_wconf 62' lang='lat' dir='ltr'>ludium</span> 
     </span>
    </p>
   </div>
  </div>
 </body>
</html>
