2616 3686
465 191 815 244 'LIBER
879 189 1028 242 VIII.
1092 184 1666 241 EPISTOLA
1732 188 1878 244 XIV.
2133 208 2226 264 593

113 280 340 359 putatis,
379 277 432 329 in
453 273 581 326 hanc
596 284 829 346 partem,
865 270 923 326 id
953 268 1056 332 est,
1096 269 1152 323 in
1174 284 1292 323 earn
1310 306 1326 329 ,
1365 266 1420 320 in
1444 284 1551 340 qua
1570 265 1721 322 sedet
1747 311 1762 331 ,
1801 270 1895 344 qui
1919 265 2121 325 censuit
2142 289 2229 324 re.

109 354 383 430 ,legandos
423 349 506 405 Ex
530 366 644 421 quo
672 343 1006 401 manifestum
1029 340 1136 406 est,
1178 359 1292 398 non
1314 338 1462 413 posse
1484 342 1539 396 in
1567 341 1762 396 eadem
1777 355 1930 414 parte
1953 359 2308 397 remanerem

114 450 204 488 eos
229 468 247 494 ,
306 428 399 500 qui
437 420 840 478 interficiendos
876 417 1219 473 arbitrantur.
1295 419 1405 487 Qu
1433 415 1537 469 alia
1560 418 1724 470 omnia
1748 437 1766 470 .·
1819 415 2231 478 animadvertiS,

114 519 175 562 ut
210 521 321 559 non
360 512 616 556 contenta
654 497 739 551 lex
786 495 967 550 dicere
1002 492 1104 546 alia
1137 531 1153 556 ‚
1221 490 1491 547 addiderit
1514 530 1530 555 ,
1595 495 1775 546 omnia.
1845 496 1870 521 ·⁸
1909 489 2058 545 Num
2099 506 2234 559 ergo

116 577 342 636 dubium
379 573 451 629 est
473 611 488 637 ‚
529 572 622 626 alia
661 571 842 626 omnia
875 568 1071 624 sent-ire
1111 585 1232 631 θος,
1274 568 1370 639 qui
1406 565 1667 621 occidunt
1691 606 1707 630 ,
1770 582 1935 640 quam
1971 564 2067 638 qui
2104 564 2241 619 rele-

118 654 289 729 gant?
335 654 386 704 in
424 649 872 722 illam-partemne
894 682 910 709 ,
962 661 1062 716 qua
1074 643 1295 718 sentitis.
1374 641 1574 697 Nonne
1604 642 1819 698 videtur
1863 641 1971 714 ipsa
2005 640 2094 694 lex
2117 656 2244 700 e08‚

117 731 212 804 qui
247 724 553 783 diffentiunt
579 761 593 785 ‚
636 724 693 776 in
734 721 1061 776 contrariam
1099 732 1307 792 partem
1340 733 1536 772 vocare
1558 756 1573 780 ,
1620 734 1821 790 cogere
1844 757 1867 781 ,
1917 713 2239 788 impellere?

116 811 137 836 ²
170 820 281 858 non
318 799 502 854 consul
541 798 702 851 etiam
726 836 742 860 ,
783 796 874 851 ubi
895 796 1124 868 quisque
1154 808 1433 848 remanere
1459 834 1475 859 ‚
1527 809 1638 863 quo
1671 791 1972 864 transgredi
2005 789 2198 845 debeat
2226 830 2241 849 ‚

116 894 228 935 non
259 886 467 930 tanturn
503 870 843 927 sollemnibus
875 869 1049 925 verbis
1075 907 1092 934 ,
1147 867 1241 923 sed
1267 884 1429 922 manu
1457 866 1711 938 gestuque
1742 864 2115 922 demonstrat?
2166 866 2243 918 At
2262 875 2319 909 21

119 953 262 1008 enim
285 948 524 1004 futurum
547 946 652 1010 est,
678 960 776 1010 ut,
810 945 843 1000 si
875 944 1184 1000 dividantur
1214 942 1506 998 sententiae
1525 941 1893 997 interficientis
1923 941 1975 996 ἃ
2005 940 2262 1011 relegari-0

120 1029 186 1083 tis
211 1062 226 1089 ,
276 1023 575 1096 praevaleat
612 1023 696 1076 illa
731 1060 748 1085 ,
790 1038 926 1094 quae
962 1018 1199 1074 absolvit.
1276 1017 1428 1091 Quid
1463 1014 1604 1070 istud
1628 1016 1696 1071 ad
1740 1015 2058 1070 censentes?
2108 1030 2246 1085 quos

123 1114 273 1157 certe
311 1115 421 1153 non
460 1097 620 1151 decet
662 1096 912 1151 omnibus
945 1094 1185 1157 artibus,
1245 1093 1395 1147 omni
1430 1090 1641 1146 rat-ione
1680 1107 1958 1163 pugnare,
1999 1106 2075 1143 ne
2114 1089 2202 1141 fiat
2228 1124 2245 1150 ‚

121 1173 274 1250 quod
300 1174 375 1229 est
404 1174 613 1229 mitius:
657 1183 876 1244 oportet
915 1183 1095 1228 tamen
1132 1185 1250 1231 eos,
1284 1173 1311 1201 '³
1345 1167 1439 1241 qui
1461 1167 1691 1238 puniunt
1713 1205 1730 1231 ‚
1771 1166 1824 1221 &
1851 1167 1944 1239 qui
1981 1164 2254 1292 releggpts

2032 1245 2059 1268 '¹
2085 1257 2110 1292 a
2175 1255 2256 1291 o·

177 1345 213 1374 1.
237 1339 438 1384 *Num-ergo
460 1332 607 1372 dubium
628 1331 708 1383 est.]
745 1330 987 1372 Membranae
1007 1342 1017 1368 ε
1052 1332 1153 1365 Num

113 1395 199 1436 ‘ergo
217 1386 348 1424 durum
368 1386 423 1432 esl.
448 1396 648 1434 perperam.

176 1448 214 1475 2.
243 1443 342 1474 Num
370 1436 533 1484 consulere
562 1435 668 1472 etiam
702 1432 760 1471 ubi
782 1433 923 1484 quisque
951 1446 1123 1472 remanere
1143 1460 1154 1474 ‚

125 1497 202 1538 quo
227 1487 420 1536 transgredi
440 1485 582 1527 debeat,
608 1487 706 1531 wa]
736 1485 851 1522 Scribe
873 1511 885 1528 .
923 1490 1021 1520 Num
1043 1485 1157 1534 consu-

125 1538 193 1575 lere
213 1539 341 1579 etiam,
368 1535 426 1572 ubi
447 1536 586 1584 quisque
608 1547 781 1571 remansre
801 1561 812 1577 ‚
840 1532 941 1582 quod
964 1535 1158 1582 transgredi

131 1587 278 1626 debeat?
306 1588 389 1625 Non
410 1596 553 1623 tantum
576 1611 587 1627 .
624 1595 696 1623 σε.
720 1583 849 1621 sublata
867 1584 1157 1631 interrogationis

128 1646 216 1676 nota
241 1666 252 1682 ‚
279 1636 357 1687 post
378 1636 596 1682 demonstrat.
622 1634 654 1671 C
668 1647 687 1670 Α
702 1647 717 1669 s
732 1647 752 1671 Α
769 1649 788 1670 υ
806 1645 839 1672 Β.
894 1639 974 1670 Non
995 1635 1160 1684 consulere

128 1690 255 1732 etiam,
282 1685 378 1735 eya]
421 1686 467 1724 Et
505 1684 643 1723 mendo
679 1681 738 1723 Π
744 1683 996 1733 dispunctione
1022 1685 1158 1723 laborat

129 1740 231 1777 locus
251 1752 260 1776 z
296 1739 438 1786 utrique
469 1736 515 1774 sic
533 1734 795 1774 remetiendum
817 1735 966 1772 arbitror
988 1747 996 1770 :
1040 1742 1159 1774 Nonne

135 1790 276 1827 videtur
297 1790 366 1839 ipsa
388 1787 443 1824 lex
460 1801 508 1824 eos
529 1815 539 1831 ‚
575 1800 610 1837 q.
630 1787 667 1824 d.
686 1786 723 1824 in
744 1799 770 1823 c.
788 1794 821 1835 p.
839 1797 962 1823 vacare
982 1812 993 1829 ‚
1031 1799 1159 1835 cogere,

135 1839 320 1887 impellere,
349 1849 424 1876 non
444 1838 627 1875 consulere
651 1835 667 1873 ἓ
695 1837 791 1874 Nam
816 1836 874 1873 ubi
892 1836 1162 1886 quisquevrema-

140 1902 237 1933 nere,
264 1903 327 1939 quo
348 1889 540 1937 trangredi
561 1887 678 1926 debeat
693 1915 703 1932 ,
716 1901 781 1924 non
802 1897 942 1924 tantum
955 1887 1164 1937 filemnibus

139 1939 275 1982 verbim
298 1940 360 1989 sed
378 1951 487 1975 manu
504 1937 657 1989 gestuque
674 1938 889 1983 demonstrat.
916 1938 1031 1981 Dicit,
1045 1938 1166 1978 disces·

141 1989 283 2027 sionum
310 1990 429 2038 legem
456 2000 532 2026 non
568 1997 643 2027 tam
663 1989 845 2027 consulere
867 1995 974 2038 atque
1000 1988 1167 2028 ostende-

140 2052 214 2085 re‚.
228 2041 265 2077 &
286 2040 345 2078 ubi
367 2051 551 2077 remanere
573 2041 721 2089 quisque
743 2067 753 2084 ,
782 2041 918 2089 &quo
939 2040 1163 2084 concedere,

143 2092 203 2129 seu
225 2089 415 2137 transgredi
435 2089 580 2133 debean
609 2102 720 2140 quam
731 2101 892 2134 -vocare,
920 2101 1052 2139 cogere
1068 2119 1078 2135 ,
1098 2092 1166 2129 im-

148 2142 290 2190 pellere.
318 2141 364 2178 Et
382 2141 556 2178 rationem
575 2141 707 2187 subi-icit
730 2153 739 2178 :
767 2140 868 2190 quod
891 2154 957 2179 non
974 2141 1169 2191 fialennibus

144 2191 257 2229 verbis
269 2191 498 2240 natumsed
517 2192 785 2242 managesluque
796 2191 1006 2237 demonstret.
1034 2193 1170 2241 Neque

144 2244 242 2280 enim
265 2242 348 2279 dicit
373 2254 382 2280 :
420 2242 455 2277 in
472 2241 572 2280 illam
587 2253 720 2289 partem
744 2241 853 2280 licebit
875 2243 922 2281 ire
942 2256 952 2285 ;
992 2251 1052 2282 aut
1075 2243 1170 2282 aliud

142 2292 335 2332 istiusmodi
356 2291 494 2328 mollius
517 2320 526 2335 ,
555 2292 593 2328 &
613 2292 867 2329 consultorium
890 2293 1001 2341 magis
1021 2321 1031 2338 ‚
1059 2305 1169 2343 quam

144 2342 414 2392 imperatorium
434 2340 511 2379 :led
526 2370 535 2386 ‚
563 2342 599 2378 in
622 2342 720 2379 illam
739 2351 872 2391 partem
896 2343 964 2387 itm
992 2345 1172 2392 imperans

145 2398 184 2434 &
221 2392 319 2442 quasi
365 2404 514 2429 manum
555 2392 713 2441 injiciens
759 2394 797 2429 &
838 2394 914 2441 jam
961 2394 1171 2442 perducens.

143 2444 171 2482 B
184 2458 207 2480 υ
220 2456 238 2481 c
252 2455 273 2480 ιι
291 2458 311 2480 Ν
327 2455 346 2480 ε
360 2455 397 2481 R.
455 2448 532 2479 Non
551 2443 715 2485 consulere
732 2443 839 2479 etiam
851 2470 862 2486 ‚
888 2443 948 2479 ubi
967 2445 1104 2494 quisque
1123 2460 1175 2484 re-

148 2508 284 2536 manere
304 2523 313 2537 ,
342 2507 405 2543 quo
426 2494 617 2542 transgredi
639 2492 820 2541 debeam]
861 2493 998 2531 Merito
1028 2495 1080 2534 his
1111 2497 1177 2534 ob-

145 2545 254 2584 haesit
276 2544 493 2582 ssuctmerus.
546 2544 669 2582 Verbo
691 2544 788 2581 enim
812 2543 976 2593 consulere
994 2545 1078 2584 nihil
1096 2548 1178 2586 loci.

149 2596 221 2635 Sed
237 2594 459 2635 scribendum
491 2594 661 2631 videtur:
701 2601 824 2631 Nonne
854 2595 994 2631 videtur
1024 2595 1093 2644 ipsa
1123 2597 1178 2635 lex

152 2661 202 2685 eos
225 2674 235 2690 ‚
263 2646 321 2696 qui
341 2643 534 2694 diffindunt
557 2673 567 2688 ‚
604 2647 639 2682 in
659 2645 868 2681 contrariam
884 2654 1020 2694 partem
1039 2659 1180 2692 vocare,

152 2709 277 2746 cogere,
306 2696 501 2745 impellere?
529 2707 605 2732 non
627 2693 778 2733 consul?
806 2708 844 2731 en
859 2695 968 2732 etiam
983 2723 993 2739 ,
1016 2695 1073 2734 ubi
1091 2699 1182 2747 quis-

152 2760 215 2796 que
234 2760 405 2784 remanere
427 2773 437 2788 ,
466 2760 528 2796 quo
548 2746 741 2795 transgredi
762 2746 879 2783 debeat
905 2773 915 2789 ‚
945 2758 1010 2782 non
1035 2758 1177 2785 tantum

150 2797 335 2845 solennibus
352 2795 464 2834 verbis
487 2825 496 2839 ‚
526 2799 588 2846 sed
619 2798 724 2834 etiam
747 2809 856 2833 manu
871 2795 1023 2846 gestuque
1043 2798 1180 2836 demon-

154 2846 251 2902 strat.
303 2848 399 2885 Nam
416 2847 528 2895 gestus
551 2860 750 2896 manusque
770 2849 890 2885 inepte
917 2847 1110 2888 attribuitur
1131 2851 1181 2887 le-

1210 1328 1292 1366 Nos
1313 1339 1358 1367 ex
1376 1327 1524 1378 optimis
1545 1329 1584 1366 &
1614 1326 1728 1366 unicis
1759 1324 1978 1365 membranis
2006 1325 2133 1363 locum
2161 1331 2254 1363 coni

1209 1379 1409 1423 sumimus,
1434 1391 1529 1429 quae
1547 1381 1594 1418 ita
1616 1379 1767 1417 habent:
1797 1391 1927 1426 cogere,
1952 1375 2152 1425 impellere?
2178 1387 2255 1415 non

1210 1431 1331 1468 consul
1359 1431 1468 1468 etiam
1491 1459 1502 1475 ,
1549 1431 1609 1468 ubi
1637 1431 1777 1481 quisque
1809 1440 1981 1466 remanere
1999 1454 2010 1470 ,
2046 1433 2113 1467 cet.
2144 1425 2252 1472 Non,

1212 1493 1280 1530 pro
1311 1487 1434 1518 Nonne
1455 1509 1464 1525 ,
1492 1488 1532 1518 ut
1559 1493 1595 1519 n.
1619 1493 1675 1529 ¹9.
1701 1480 1802 1528 Qid
1820 1481 1840 1518 ,Ρ
1883 1478 1941 1517 lex
1957 1488 2033 1515 non
2056 1486 2169 1527 aperte
2190 1478 2253 1514 do-

1211 1544 1259 1571 cet
1282 1560 1291 1577 ‚
1331 1531 1451 1569 dirimi
1480 1532 1597 1570 debere
1614 1531 1807 1582 sententias
1825 1531 1846 1570 ἓ
1894 1531 2067 1568 Lucanus
2103 1528 2184 1567 Lib.
2201 1528 2253 1568 V.

1213 1596 1265 1622 vs.
1291 1583 1380 1631 769.

1448 1671 1526 1698 non
1539 1660 1626 1698 vh'm
1646 1661 1724 1710 casu
1741 1659 1924 1710 pendemus
1945 1659 1990 1697 ab
2010 1662 2111 1700 uno)³

1216 1737 1263 1776 ibi
1285 1736 1422 1774 dicium
1441 1735 1597 1775 abunde.
1651 1738 1813 1776 Retinuit
1843 1748 1906 1774 me
1937 1735 2132 1785 paullulum
2154 1745 2259 1774 com·

1219 1786 1371 1836 pofitio:
1399 1799 1477 1824 non
1498 1787 1611 1837 consul
1639 1816 1650 1826 .
1677 1815 1686 1826 .
1713 1817 1721 1825 .
1748 1798 1991 1826 nontantum
2011 1815 2022 1832 ,
2060 1788 2099 1825 ἃ
2128 1786 2260 1825 delibe-

1220 1838 1340 1875 rabam
1361 1837 1407 1876 de
1433 1838 1616 1877 Gronovii
1647 1838 1887 1878 distinetione.
1939 1837 2016 1876 Sed
2033 1849 2114 1875 mos
2135 1838 2264 1875 aueto-

1222 1901 1303 1927 rum
1325 1888 1498 1927 eamdem
1520 1890 1730 1938 particulam
1753 1919 1764 1935 ,
1803 1889 1942 1928 eadem‘
1958 1889 2066 1926 verba
2089 1891 2128 1926 ὃς
2150 1899 2262 1926 voca-

1224 1940 1306 1978 bula
1323 1939 1424 1977 brevi
1452 1940 1640 1978 intervallo
1669 1941 1877 1980 iterantium
1909 1939 2169 1977 dubitationem
2194 1940 2265 1978 tol·

1225 1992 1299 2029 lere
1322 1990 1449 2038 potest.
1476 1991 1571 2030 Vide
1591 1991 1634 2029 ad
1653 1990 1784 2031 Sallust.
1811 1992 1893 2029 Cat.
1918 2002 1995 2040 cap.
2015 1991 2152 2028 XXIH.
2173 2001 2209 2027 n.
2229 2001 2264 2038 3.

1229 2044 1267 2080 &
1294 2041 1386 2080 infra
1420 2042 1652 2090 Epithxvi.
1676 2055 1713 2081 n.
1733 2057 1768 2088 4.
1820 2040 1967 2080 Deinde
1997 2042 2261 2079 membranae:

1229 2106 1296 2131 non
1318 2092 1708 2143 tantum-solemnibus„
1732 2095 1778 2132 ita
1798 2096 1919 2138 enim,
1945 2090 2262 2142 autfhllemnibus‚

1226 2143 1361 2182 habent
1381 2145 1563 2183 veterrimi
1587 2143 1706 2183 Codd.
1732 2145 1893 2183 Maronis
1908 2143 2134 2192 aliorumque
2150 2172 2159 2187 ‚
2172 2143 2262 2181 item

1229 2196 1365 2244 reliqua
1386 2195 1565 2233 vetustatis
1581 2203 1827 2234 monumenta
1840 2222 1854 2241 ,
1880 2193 1982 2245 quod
1999 2194 2071 2231 alio
2091 2194 2177 2231 loco
2196 2193 2266 2232 do-

1230 2247 1383 2284 cuimus.
1409 2245 1442 2282 C
1455 2258 1478 2281 o
1493 2259 1516 2282 R
1533 2258 1556 2283 τ
1569 2258 1605 2283 E.

1281 2307 1314 2345 3.
1340 2297 1651 2344 Quipuniuntgw·
1663 2294 1913 2344 quirelegant.]
1942 2293 1998 2331 Sic
2015 2293 2266 2342 membranae,

1230 2345 1277 2383 fic
1304 2346 1440 2390 Aldus,
1471 2347 1670 2382 Catanaeus
1694 2347 1730 2381 δε
1753 2345 1820 2383 alii.
1879 2345 1933 2381 At
1952 2344 2135 2392 Gryphius
2155 2346 2191 2383 δε
2214 2346 2270 2384 Si·

1230 2396 1399 2434 chardus:
1429 2395 1487 2445 qui
1510 2403 1629 2432 morte
1646 2395 1796 2443 puniunt
1816 2423 1827 2440 ‚
1854 2406 1895 2433 (φ
1916 2394 1972 2444 qus·
1992 2396 2155 2444 reJegant.
2181 2396 2271 2435 scili-

1231 2454 1311 2490 cet,
1340 2446 1423 2496 quia
1441 2445 1612 2494 relegatio
1635 2445 1743 2483 etiam
1768 2456 1885 2494 poena
1902 2445 1963 2483 est.
1996 2445 2071 2482 Cur
2082 2458 2157 2484 non
2169 2446 2268 2485 idem

1231 2505 1414 2535 tentarunt
1431 2496 1529 2543 supra
1561 2510 1596 2534 n.
1623 2507 1681 2535 10.
1706 2508 1783 2533 cum
1805 2496 1896 2535 alter
1915 2496 2119 2546 puniendos
2142 2526 2152 2542 ,
2179 2497 2272 2535 alter

1232 2548 1360 2597 censeat
1379 2546 1605 2596 relegandos?
1642 2546 1734 2584 Sane
1765 2558 1848 2585 cum
1883 2548 1988 2586 toties
2016 2559 2124 2585 morte
2148 2549 2270 2596 punire

1232 2599 1399 2646 scripserit
1425 2626 1434 2641 ,
1474 2609 1591 2634 nemo
1611 2597 1787 2634 let‘iorum
1811 2625 1821 2641 ,
1859 2596 1884 2634 fi
1912 2599 2032 2646 punire
2060 2600 2096 2635 δε
2125 2599 2272 2647 relegare

1235 2651 1503 2698 conjunguntur
1529 2676 1538 2691 ‚
1579 2647 1671 2685 alini
1704 2648 1806 2686 facile
1836 2648 2015 2697 intelliget.
2067 2647 2127 2685 [⁴st
2155 2651 2265 2688 etiam

1235 2699 1410 2737 sollemne
1439 2698 1640 2736 meroribus
1669 2727 1678 2743 ‚
1711 2698 1834 2736 Verba
1855 2699 2020 2748 quamvis
2041 2700 2269 2746 universalia,

1238 2748 1399 2798 singulari
1417 2751 1571 2787 notione
1588 2750 1749 2798 accipere
1765 2777 1775 2793 ‚
1801 2748 1826 2787 fi
1845 2760 1929 2786 cum
1949 2749 2019 2786 alio
2043 2750 2271 2799 conjungan-

1236 2808 1317 2843 tur,
1343 2801 1387 2838 ita
1403 2827 1414 2844 ‚
1443 2809 1482 2838 ut
1503 2798 1598 2836 miles
1620 2825 1631 2842 ,
1666 2799 1825 2848 peditem
1848 2814 1859 2843 ;
1896 2799 2024 2837 bellum
2045 2828 2056 2844 ‚
2093 2802 2268 2849 praelium

1236 2850 1395 2888 terrestre
1415 2878 1425 2894 ,
1451 2852 1514 2889 alia
1546 2848 1641 2887 aliud
1674 2849 1846 2899 fingulare
1877 2849 2071 2898 fignificare
2094 2851 2271 2897 debeant,

163 2906 194 2942 gi
214 2924 224 2939 ‚
260 2899 395 2945 optime
427 2897 573 2935 Consuli
604 2898 759 2936 solennia
787 2899 895 2935 verba
922 2901 1184 2946 pronuntianti.
1210 2933 1213 2939 ,
1239 2910 1346 2949 prout
1366 2912 1449 2938 curn
1472 2901 1584 2949 specie
1601 2899 1756 2949 quadam
1780 2901 2060 2949 conjunguntur.
2112 2903 2208 2942 Vide
2227 2905 2271 2942 ad

163 2944 197 2980 G
212 2958 233 2982 n
250 2958 395 2984 ouov.
451 2949 552 2987 Vidit
570 2961 691 2989 veram
723 2950 930 2987 sententiam
951 2950 1184 2995 Gronovius,
1211 2949 1216 2996 l,
1243 2952 1381 2990 Lucani
1412 2951 1491 2989 Lib.
1511 2951 1576 2989 N.
1604 2962 1655 2989 vs.
1679 2952 1788 2990 1016.
1816 2951 1886 2990 Sed
1910 2952 1947 2990 δε
1963 2953 2094 3003 injure
2106 2963 2212 3003 poena
2235 2958 2272 2993 3<

167 2995 271 3032 verba
294 2998 395 3034 etiam
423 3000 575 3046 genuina
606 3000 875 3049 propemodum
903 2999 1088 3038 adsecutus
1116 3002 1185 3045 etl,
1212 2999 1219 3039 l
1241 3003 1392 3050 poenales
1414 3001 1514 3041 cleiis
1534 3002 1725 3052 leguntur,
1755 3003 1817 3052 qui
1842 3003 1990 3043 summo
2007 3006 2175 3054 supplicio
2196 3006 2276 3043 sunt

168 3054 251 3082 cum
280 3046 316 3083 in
349 3047 489 3097 vulgatis
517 3050 740 3091 Editionibus
773 3050 886 3091 effent
917 3053 1187 3101 corruptiffim.

1220 3049 1231 3101 ᾗ
1245 3052 1290 3092 ad
1300 3053 1445 3093 iciendi.

1648 3102 1755 3140 rfff
2098 3116 2129 3143 1.
2157 3105 2280 3153 Alsa-l-
