2616 3686
640 202 989 256 LIBER
1057 206 1097 259 I.
1163 206 1737 263 EPISTOLA
1814 219 1881 268 V·

167 307 297 354 cum¹
322 290 571 349 recitaret
610 287 804 343 librum
839 325 856 348 ‚
896 287 930 320 >¹
960 297 1078 340 non·
1097 286 1430 346 adhibuerat,

169 380 325 440 quam
391 361 688 435 capitaliter
746 359 918 432 ipsum
974 375 1062 413 me
1122 361 1264 430 apud
1327 375 1343 393 2

1285 113 1295 135 t

2193 243 2209 276 1
2253 242 2268 248 ,,

1505 294 1786 350 Praeterea
1811 242 2249 360 reminiscebatui

1391 369 1758 422 centumviros
1824 372 2113 430 lacelliss'et.
2168 379 2246 431 A·

169 442 353 496 (geram
396 455 408 481 3
449 432 767 489 Arrionillae
806 430 1060 485 Timonis
1096 436 1295 498 uxori,
1334 451 1530 510 rogatu
1572 442 1813 495 Aruleni·⁴
1839 443 2086 500 Rustici:
2126 448 2246 502 Rea

165 513 320 640 ffilus
348 520 551 563 contra.
588 503 908 560 Nitebamur
944 521 1042 559 nos
1103 506 1158 560 in

1221 522 1371 578 parte
1434 512 1617 566 causae
1681 514 1943 570 sententia
2001 523 2018 547 ⁴
2082 520 2247 575 Metii

204 581 405 637 ⁴odesti
459 576 649 646 optimi
696 577 842 630 viri:
903 577 944 630 is
999 588 1128 632 tunc
1190 579 1244 634 in
1290 582 1473 639 exsilio
1525 597 1637 640 erat
1686 587 1716 640 ’ἓι
1778 587 2096 646 Domitiano
2165 610 2248 646 re·

167 658 386 727 legatuS.
412 667 426 693 ⁵
454 647 600 704 Ecce
629 647 720 702 tibi
748 649 1009 719 Regulus,
1041 649 1254 726 Quaero
1273 692 1295 717 ,,
1324 657 1535 728 inquit,
1574 658 1828 716 Secunde:
1869 663 2002 734 qnid
2032 663 2092 717 de
2127 665 2245 717 Mo-

168 723 526 797 dellofi’ntias.
607 719 775 777 Vides
798 721 947 791 quod
974 725 1274 795 periculum
1299 766 1316 792 ,
1353 724 1370 746 ⁶
1406 729 1442 783 fi
1468 731 1846 802 respondiffem
1885 736 2048 789 bene:
2096 737 2249 804 quod

166 876 287 922 'eoque
315 867 564 918 diplomatibus
590 867 726 905 nullum
749 867 935 917 principem
960 869 1183 920 praescripsis-

159 925 223 974 βε.
248 921 351 959 Plura
382 918 554 958 Heinsius
582 919 626 957 ad
654 919 785 957 Vellei.
817 918 895 956 Pat.
923 920 1004 956 Lib,
1036 920 1082 957 11.
1103 933 1182 970 cap.

166 973 234 1012 VI.
265 984 300 1010 n.
335 983 368 1017 4.
408 970 486 1009 Nos
522 969 566 1008 acl
594 969 717 1007 Sallust
748 970 833 1010 Cat.
860 981 937 1018 cap.
959 970 1066 1009 Xlll.
1091 981 1183 1011 extr.

164 1034 242 1074 cap.
267 1023 347 1060 XX.
375 1033 411 1059 n.
441 1033 477 1069 3.
506 1021 543 1058 &
574 1020 695 1060 XXll.
724 1032 761 1059 n.
786 1032 821 1059 2.
854 1022 1011 1060 Coma.

162 1067 170 1074 ⁵
216 1086 232 1114 1
272 1079 353 1109 Non
377 1071 623 1118 adhibuerat.]
652 1071 743 1109 Non
767 1072 1072 1111 invitaveratme.
1094 1075 1179 1113 Cn-

164 1136 190 1163 ·r
205 1136 278 1163 AN.
308 1124 349 1160 In
373 1122 514 1172 signum
536 1123 764 1161 inimicitiae.
817 1123 915 1161 Nam
929 1124 1038 1162 amici
1052 1123 1085 1162 se
1099 1136 1176 1164 muv

162 1184 230 1214 ruo
259 1173 304 1212 ad
334 1174 407 1212 hoc
430 1173 658 1217 invitabant,
688 1182 837 1223 eratque
856 1185 935 1222 pars
956 1175 994 1212 δε
1013 1175 1179 1215 officium

161 1224 369 1269 amicitiae,
396 1223 565 1262 invitanti
585 1222 734 1274 obsequi
756 1225 794 1262 δε
815 1225 1033 1263 recitantem
1044 1226 1182 1266 audire.

161 1276 262 1316 Vide
280 1276 373 1313 infra
396 1274 479 1313 Lib.
498 1275 566 1312 VI.
591 1274 697 1323 Epist.
719 1274 845 1313 XViI.
866 1276 903 1313 ὅ(
925 1276 1086 1324 hocipso
1103 1278 1181 1315 Lib.

162 1326 274 1377 Epist.
294 1325 398 1364 Xlll.
437 1324 459 1363 S
474 1336 497 1362 c
512 1337 535 1363 n
550 1338 570 1364 ε
585 1338 604 1363 r
619 1337 637 1362 r
654 1338 673 1364 ε
687 1339 725 1364 rt.
767 1325 852 1364 Lib.
873 1325 925 1364 11.
945 1327 1056 1376 Epist.
1075 1328 1181 1368 XIX.

162 1389 247 1427 ¹¹·9·
274 1383 346 1414 Nos
357 1387 475 1413 autem
490 1404 499 1420 ,
527 1375 885 1426 fiplacueritrecitare
899 1404 909 1421 ‚
922 1377 1182 1429 adhibiturisu·

165 1443 243 1467 mus
263 1425 526 1475 eruditissimum
548 1440 726 1478 quemque.
749 1427 833 1465 Lib.
874 1427 944 1466 Vl.
971 1429 1081 1477 Epist.
1093 1430 1182 1469 XV.

163 1488 253 1519 extr.
265 1478 483 1518 Recitaturis
494 1478 751 1527 providendum
763 1477 806 1523 est
817 1505 827 1521 ,
855 1490 922 1514 non
927 1478 1041 1527 siolum
1057 1491 1096 1515 ut
1108 1479 1183 1528 sint

157 1529 327 1580 s‘pfisam',
353 1529 597 1565 verumetiam
610 1529 758 1574 vtsanos
777 1527 1033 1565 adhibeant&
1047 1529 1186 1575 paffim.

1228 872 1390 912 Modesti
1424 886 1584 914 acumen
1613 877 1891 916 circadifficilia
1922 884 2118 928 poetarum
2142 827 2251 919 cogni·

1228 925 1401 964 mendat:
1432 929 1536 964 Vetlii
1555 928 1811 968 declamatoris
1840 933 2011 970 meminit
2040 932 2250 978 Juvenatis,

1230 975 1268 1013 ὅ(
1291 977 1441 1022 Jalmm
1463 979 1656 1027 Modestum
1678 981 1839 1018 recenset
1861 981 2010 1020 Gellius.
2039 983 2194 1020 Cum.

1280 1030 1303 1065 6
1341 1029 1430 1079 lh]
1460 1030 1594 1068 Melius
1617 1039 1654 1068 ut
1675 1043 1780 1069 more
1800 1031 1968 1070 Plautino
1996 1033 2157 1079 legatur:
2180 1048 2249 1071 ecce

1230 1078 1318 1119 tibi.-
1348 1093 1428 1131 quo
1457 1081 1605 1119 dicendi
1635 1093 1771 1130 genere
1801 1084 1935 1121 Cicero
1957 1085 2067 1121 etiam
2086 1083 2146 1121 lib.
2180 1086 2251 1124 ΙΙΙ.

1231 1130 1341 1170 Offic.
1362 1134 1496 1171 utitur:
1527 1131 1619 1170 &in
1640 1133 1796 1181 ep2st01is
1826 1133 1872 1171 ad
1901 1134 2016 1172 Attic.
2055 1135 2086 1171 C
2105 1147 2126 1171 Α
2143 1148 2251 1174 rau.

1220 1182 1470 1222 Recentiores
1496 1183 1581 1221 sane
1619 1183 1748 1223 Codd.
1772 1184 1882 1222 nostri
1907 1211 1918 1228 ,
1953 1194 1994 1223 ut
2024 1186 2187 1224 novitiae
2209 1188 2250 1225 &

1227 1234 1409 1282 quaedam
1433 1233 1792 1281 mediaeeclitzones,
1821 1234 1994 1280 Eccetihi,
2023 1236 2247 1285 agnoscun1;

1230 1295 1351 1333 neque
1399 1285 1598 1334 formulam
1640 1285 1791 1325 damno.
1844 1286 1896 1324 At
1934 1298 2020 1325 cum
2059 1287 2250 1335 primariae

1231 1335 1468 1374 membranae
1492 1341 1574 1374 Ecce
1597 1335 1645 1374 ibi
1667 1346 1839 1375 tueantur
1863 1365 1873 1381 ‚
1901 1336 2019 1375 Plinio
2058 1337 2094 1375 id
2135 1339 2222 1386 eripi
2240 1369 2249 1384 ,

1231 1386 1304 1433 pati
1320 1398 1397 1424 non
1417 1385 1573 1434 poflum.
1627 1387 1679 1423 Ibi
1697 1387 1744 1425 est
1768 1388 1813 1425 ad
1835 1399 1914 1425 eam
1933 1398 2071 1436 partem
2087 1388 2225 1426 cauffie
2241 1418 2250 1433 ‚

1231 1437 1268 1472 in
1287 1448 1360 1484 qua
1379 1436 1744 1474 sententiaModessi
1767 1438 1929 1474 nitebam
1979 1465 1988 1475 .
2015 1439 2135 1476 Servit
2148 1441 2249 1478 enim

1230 1485 1402 1531 particula
1419 1486 1468 1522 ibi
1486 1498 1563 1535 non
1586 1487 1704 1523 modo
1726 1486 1800 1524 loci
1820 1486 1956 1534 descrip
1987 1488 2052 1525 oni
2074 1515 2084 1530 ,
2122 1489 2182 1526 sed
2209 1491 2249 1528 ὃς

1231 1535 1408 1582 temporis
1424 1562 1433 1576 .
1464 1536 1503 1572 &
1536 1536 1624 1574 loco
1649 1536 1892 1574 Provocabuli
1922 1538 2020 1576 haud
2040 1549 2122 1575 raro
2142 1540 2250 1586 poni-

216 1591 239 1616 2
275 1576 562 1624 centumvirosq
607 1575 721 1631 Apud
757 1586 851 1623 quos
882 1575 1070 1615 Secundus
1104 1578 1182 1626 plu·
1227 1591 1296 1622 tur.
1311 1584 1443 1622 Sallust.
1465 1586 1542 1633 Iug.
1572 1597 1649 1635 cap.
1670 1586 1735 1623 xi.
1762 1598 1798 1623 n.
1827 1600 1858 1633 ς.
1913 1587 2029 1634 Reguli
2064 1589 2100 1624 in
2138 1603 2250 1625 ammi

165 1630 302 1668 rituum
325 1626 507 1664 excelluit·
527 1624 617 1663 solet
644 1636 743 1663 enlm
765 1635 913 1663 arenam
932 1625 1031 1664 suam
1056 1629 1171 1675 appel*
1227 1646 1434 1679 convenere,
1462 1647 1501 1671 ut
1533 1635 1625 1671 inter
1647 1636 1686 1683 se
1716 1635 1757 1672 de
1775 1636 1904 1672 cunc‘t'i's
1922 1637 2061 1684 negotiis
2085 1638 2250 1687 discepta-

158 1681 250 1719 lare.
303 1678 345 1716 In
367 1675 479 1714 causis
499 1673 846 1718 centumviralibus,
884 1675 1174 1723 usucapionurn,
1225 1693 1302 1720 rent
1330 1710 1343 1723 .
1372 1712 1381 1722 ,
1408 1712 1417 1721 .

162 1730 407 1779 gentilitatum
418 1754 431 1771 ,
457 1725 698 1774 agnationum
714 1751 724 1768 ,
737 1731 1039 1774 caeterarumque
1051 1737 1172 1766 rerum

162 1777 488 1820 innumerabilium
527 1773 652 1812 causae
686 1773 926 1812 versabantur·
980 1776 1082 1814 Ante
1111 1778 1174 1816 Se·

163 1831 326 1869 cundum
342 1856 352 1872 ,
379 1829 418 1865 &
448 1827 486 1864 T
490 1826 627 1864 acitum
646 1852 658 1871 ‚
694 1824 976 1863 centumvirales
995 1827 1119 1867 causae
1139 1840 1176 1867 a-

166 1881 242 1918 deo
260 1877 451 1927 splendore
466 1876 622 1914 aliorum
647 1875 875 1924 judiciorum
904 1875 1178 1924 obruebantur,

165 1939 207 1969 ut
225 1939 294 1968 nec
316 1927 525 1970 Ciceronis,
553 1936 625 1964 nec
646 1925 826 1971 Caesaris,
853 1937 924 1964 nec
942 1927 1179 1979 ulliusmagni

147 1978 318 2022 ,oratoris
346 1977 435 2014 liber
459 1975 556 2024 apud
580 1977 835 2014 centumviros
863 1976 980 2016 dietus
1014 1979 1178 2028 legatur,

1449 1712 1458 1722 .
1512 1684 1567 1722 lbi
1589 1698 1667 1721 cum
1687 1685 1802 1721 multa
1823 1687 1863 1722 de
1881 1687 2161 1732 administrando
2180 1690 2249 1725 im-

1196 1736 1203 1795 ι
1225 1733 1311 1772 aerio
1338 1733 1541 1782 dissererent.
1571 1735 1663 1784 Cap.
1690 1735 1812 1773 CXII.
1832 1748 1927 1776 extr.
1947 1743 1990 1774 ω
2011 1751 2084 1775 una
2110 1739 2154 1776 ab
2176 1754 2249 1776 om-

1224 1784 1326 1821 nibus
1349 1785 1388 1822 in
1415 1785 1619 1836 colloquium
1641 1787 1820 1824 veniretur
1843 1815 1854 1832 ‚
1880 1787 1996 1836 ibique
2027 1788 2095 1838 fibi
2113 1790 2248 1828 Sullam
2272 1801 2275 1804 '

1225 1836 1389 1874 traderet.
1446 1837 1494 1875 Et
1511 1836 1660 1886 quando
1688 1837 1991 1876 consecutionem
2020 1840 2248 1880 diversorum

1226 1885 1462 1932 sermonum,
1492 1888 1530 1926 ὅ(
1553 1887 1754 1937 quomodo
1782 1888 1870 1926 alter
1889 1890 2032 1927 alterius
2055 1891 2163 1929 verba
2183 1904 2249 1929 ex-

1225 1938 1383 1986 ceperit,
1400 1937 1585 1987 designare
1596 1938 1748 1984 volunt,
1777 1951 1852 1977 non
1872 1938 1946 1977 aliis
1969 1942 2081 1989 magis
2098 1969 2108 1986 ,
2135 1954 2250 1990 quam

1225 1986 1295 2032 ibi,
1321 1987 1396 2030 hic,
1424 1989 1482 2026 ubi
1499 1988 1680 2039 particulis
1700 2016 1711 2031 ,
1744 1989 1837 2028 istud
1858 1989 2024 2029 efficiunt
2052 2018 2063 2033 ‚
2100 2002 2138 2029 ut
2156 1993 2250 2031 infra

167 2029 328 2077 exceptis
357 2027 582 2065 orationibus
617 2025 736 2064 Asinii
760 2037 828 2076 pro
857 2027 1072 2069 haeredibus
1111 2031 1177 2069 Li·
1227 2037 1336 2087 Epist,
1365 2039 1446 2076 ΧΧ,
1476 2052 1513 2078 ῃ,
1547 2052 1582 2085 4
1635 2039 1707 2077 Hic
1734 2040 1789 2077 ille
1815 2054 1949 2077 mecum
1981 2043 2250 2081 austoritatibus

163 2079 326 2118 burniae.
351 2077 383 2115 C
395 2089 416 2114 A
435 2089 459 2115 τ
473 2090 494 2115 Α
507 2089 546 2115 u.

218 2141 240 2180 3
288 2126 499 2167 Arrionillae
535 2127 698 2166 Timonis.
723 2126 740 2178 ]

1230 2090 1316 2138 agit.
1368 2090 1473 2128 Plura
1493 2090 1537 2129 ad
1561 2090 1674 2138 Crispi
1697 2089 1776 2128 Cat.
1792 2102 1867 2139 cap.
1890 2091 1972 2129 Lll.
1994 2104 2030 2129 n.
2064 2105 2116 2131 11.
2173 2095 2248 2131 Hic

793 2128 928 2178 Neque
963 2129 1186 2170 ArrIOHlllae
1232 2140 1322 2178 mihi
1333 2142 1515 2191 quisquam
1527 2141 1829 2191 mas-zfiaetudinem
1843 2142 1953 2188 ,item
1968 2143 2142 2182 Lucanus
2163 2144 2247 2182 Lib.

168 2181 336 2224 menti0,
363 2189 483 2226 neque
506 2178 683 2218 Timonis
702 2178 799 2227 apud
816 2179 930 2218 ullum
943 2180 1159 2231 scriptorum
1173 2212 1184 2229 ,
1236 2191 1284 2230 V,
1305 2203 1340 2230 v,
1364 2203 1425 2241 29,

167 2233 232 2280 qui
251 2231 383 2268 fuerint
401 2229 712 2277 illavtempestate,
729 2229 817 2267 mihi
831 2241 1042 2270 occurrunt.
1067 2233 1183 2273 lnam.

167 2283 354 2368 Aderamfl,
381 2288 422 2319 ut
433 2288 625 2327 patronus,
648 2281 725 2318 eius
752 2281 788 2318 in
814 2280 954 2319 iudicio
979 2282 1180 2322 defenden-

168 2333 236 2370 dae
255 2342 322 2368 cau
352 2341 385 2370 a.

437 2330 603 2368 Verbum
625 2329 774 2368 solenne
788 2358 799 2375 ‚
827 2330 872 2368 de
887 2332 1180 2380 quoBriffonius.
1229 2367 1231 2370 .

1282 2291 1357 2331 Hic
1377 2291 1531 2330 avidam
1558 2293 1635 2331 belli
1659 2292 1775 2341 rapuit
1798 2291 1872 2339 spes
1897 2289 2053 2338 improba
2074 2305 2246 2348 mentem,
2274 2324 2276 2326 .

167 2382 389 2420 Seusrrn
404 2395 441 2418 a.
470 2380 688 2417 Arrionillae
710 2381 760 2418 est
778 2382 815 2418 in
838 2381 1015 2419 Mediceo
1040 2384 1122 2421 MS.
1144 2385 1182 2421 &
1233 2386 1271 2422 &
1293 2385 1340 2422 de
1358 2384 1420 2422 usu
1441 2385 1506 2421 isto
1534 2384 1787 2430 particularum
1813 2385 2014 2431 generatim
2040 2386 2083 2423 ad
2109 2386 2244 2427 Sallust.

167 2432 240 2470 Ed.
258 2432 413 2476 Aldina,
440 2430 576 2479 duplici
597 2431 642 2468 R.
661 2429 736 2467 Alii
758 2429 1183 2471 Arionitlae.t-1elmst;1d.
1233 2435 1310 2481 lug.
1322 2445 1401 2481 cap.
1429 2433 1533 2470 Xiv.
1555 2445 1664 2472 n.22.
1697 2434 1822 2471 Livius
1838 2435 2244 2484 Lib.111.c³p.LXXI.

169 2480 402 2520 Aurionillae.

213 2544 237 2579 4
262 2530 512 2579 Nitebamur]
541 2530 758 2568 Tuebamur
770 2538 908 2578 partem
920 2531 1077 2581 aliquam
1092 2532 1189 2570 caus·

164 2582 247 2628 tae,
266 2582 405 2631 quaein
419 2580 718 2629 disceptationem
740 2582 775 2619 ὅ(
804 2581 982 2619 iudicium
1008 2592 1181 2627 venerat,

166 2632 382 2672 anctoritate
410 2631 611 2670 sententiae
646 2643 667 2669 a
701 2631 875 2669 Modesto
916 2632 1041 2670 latae:
1075 2634 1181 2672 Haec

167 2683 355 2722 sententia.
407 2682 518 2720 Unde
546 2682 682 2730 colligo
702 2710 713 2727 ,
743 2682 956 2720 Modestum
977 2684 1078 2721 illum
1097 2685 1180 2722 Do·

171 2734 310 2773 mitiani
357 2733 584 2783 temporibus
628 2733 748 2771 virum
797 2733 1025 2772 Praetorium
1062 2734 1179 2774 fuisse.

172 2783 224 2822 Sc
238 2797 290 2822 nis
303 2796 321 2821 r
338 2797 355 2822 r
372 2797 391 2822 ε
406 2798 445 2822 a.
463 2784 592 2830 Scripti
609 2783 719 2821 nostri
734 2785 834 2820 Metii
850 2784 908 2822 vel
930 2784 1016 2821 Meti
1028 2785 1181 2833 Modesti.

174 2833 327 2874 Amzen.
346 2846 364 2872 a
385 2847 498 2873 manu
517 2833 692 2872 secunda:
725 2834 1017 2881 MetiiDomestici
1035 2863 1045 2880 ‚
1064 2836 1172 2875 idem-

176 2892 245 2927 que
255 2896 359 2923 mox:
373 2889 409 2922 in
418 2884 530 2934 exsilio
547 2897 621 2922 erat
635 2900 644 2923 ς
656 2899 681 2921 a
696 2885 899 2924 Domitiano
917 2896 990 2924 erat
1001 2886 1180 2936 relegatus.

178 2930 378 2973 Helmstad:
414 2938 450 2973 in
462 2934 574 2980 exfilio
598 2948 675 2974 erat
698 2935 888 2986 ‚relegatus
913 2950 934 2974 a
959 2939 1179 2977 Domitiano.

1233 2484 1364 2521 Dedere
1406 2482 1545 2531 cupidae
1572 2483 1737 2520 audiendi
1765 2484 1874 2533 plebi,
1903 2497 1964 2529 ut,
1992 2500 2080 2535 quae
2107 2488 2210 2527 vellet
2231 2518 2244 2536 ,

1231 2534 1381 2583 Scaptius
1401 2532 1535 2571 diceret.
1589 2534 1640 2570 lbi
1663 2532 1742 2580 infit
1762 2561 1772 2577 ,
1799 2543 1871 2574 cet.
1890 2536 2049 2575 Come.

1292 2596 1310 2632 7
1343 2585 1377 2621 Si
1401 2583 1627 2633 respondiffim
1653 2583 1769 2633 bena]
1801 2585 1835 2623 Si
1856 2585 2020 2624 dixissem
2038 2615 2049 2632 ,
2077 2599 2138 2627 me
2149 2588 2242 2629 bene

1229 2634 1422 2674 sentirede
1441 2633 1612 2672 Modesto
1632 2634 1758 2672 exule:
1787 2645 1915 2674 verum
1939 2637 1964 2675 si
1983 2639 2079 2676 male
2097 2640 2244 2688 respon-

1230 2683 1354 2724 dissem
1371 2713 1380 2729 ,
1409 2696 1581 2733 magnam
1604 2685 1797 2724 infamiam
1821 2687 2128 2727 mihiinuffiffem.
2158 2691 2242 2730 CA-

1233 2751 1255 2775 τ
1272 2749 1340 2773 ΑΝ.
1369 2734 1486 2774 Recte
1506 2735 1728 2774 Catanaeus:
1756 2750 1923 2785 magnam
1946 2738 2134 2783 infamiam
2154 2743 2244 2781 mihi

1227 2786 1419 2836 imffffem.
1467 2784 1538 2824 Sed
1557 2786 1657 2824 cuius
1678 2788 1729 2826 rei
1757 2788 1949 2826 infamiam
1973 2790 1988 2826 ἓ
2018 2790 2240 2841 iniquitatis.

1227 2838 1328 2888 quod
1358 2839 1477 2875 virum
1500 2838 1696 2885 optimum
1727 2838 1827 2877 ausus
1865 2837 1975 2877 essem
1997 2842 2242 2889 reprehende·

1227 2901 1284 2933 re;
1312 2889 1369 2925 vel
1385 2887 1620 2932 adulationis,
1644 2888 1749 2937 quod
1767 2890 1802 2927 in
1822 2894 1973 2938 gratiam
2005 2893 2235 2939 Domitiani;

1226 2950 1419 2983 metusve,
1445 2938 1548 2989 quod
1575 2939 1710 2976 timore
1734 2941 1862 2988 Reguli
1886 2969 1896 2983 .
1924 2950 2050 2979 contra
2070 2944 2144 2981 mei
2161 2946 2239 2983 ani-

232 2995 247 3028 ς
292 2987 391 3023 vellii
424 2986 602 3037 Modesti.]
633 2986 798 3035 Quidam
822 2990 946 3036 legunt
968 2990 1073 3027 Metui
1099 2996 1179 3026 Mo-
1229 2991 1279 3028 mi
1313 2990 1524 3027 sententiam
1561 2988 1606 3026 de
1624 3012 1627 3014 -
1647 3001 1693 3028 eo
1721 2989 1955 3029 sustinuissem
1978 2994 2072 3030 male
2092 2994 2235 3036 sentire.
2262 3018 2267 3021 <

178 3031 280 3077 lestis
305 3035 342 3072 ὃ(
362 3036 409 3073 fic
425 3038 462 3074 in
482 3037 545 3082 iis,
572 3049 666 3086 quae
686 3037 882 3088 sequuntur
901 3039 1042 3086 legitur.
1097 3048 1160 3078 Mo
1231 3041 1348 3078 Debet
1370 3047 1492 3078 autem
1511 3040 1571 3078 hic
1591 3041 1709 3078 notari
1731 3041 1936 3080 delatorum
1950 3043 2164 3081 exsecrabile
2182 3057 2233 3081 ar-

178 3081 554 3132 destum··1>t,aefe&um
585 3088 763 3138 Aegyptii
799 3088 907 3129 tradit
946 3090 1070 3130 Suidas
1095 3118 1106 3137 ‚
1136 3092 1173 3131 ὅς
1223 3091 1376 3131 tificium
1398 3102 1462 3140 per
1481 3090 1758 3140 ambiguitatem
1781 3094 2038 3143 quaestionum
2058 3094 2176 3132 incant
2192 3104 2251 3132 ο-4

2178 3156 2234 3184 rea
2258 3158 2270 3173 ³
