2616 3686
230 758 266 807 7
320 743 353 764 ¹⁰
396 738 693 797 ordinibus,

296 231 391 297 330

562 228 622 276 c.
689 205 1078 273 PL’INI'I
1146 196 1648 268 CAECI'LJ'I
1695 195 2255 276 ss'Ec'uNDr

212 319 245 361 6
298 304 311 326 ¹
355 303 593 378 privata,
633 298 838 354 Divum
877 303 893 323 ²
926 299 1156 371 julium,
1198 296 1400 352 Divum
1437 302 1454 329 ³
1496 290 1799 364 Augustum
1827 330 1844 355 ,
1883 293 2086 348 Divum
2120 287 2139 314 ⁴
2177 273 2453 364 Nervam}>

302 387 315 414 ⁵
356 378 431 433 T.
471 373 791 431 Caesarem?
830 369 848 392 ⁶

886 374 1165 428 Neronem
1207 372 1352 425 enim
1391 367 1603 422 transeo
1628 403 1644 429 ‚
1681 366 1924 437 quamvis
1963 361 2152 430 sciam,
2192 383 2303 422 non
2323 375 2450 424 cor-'-

303 451 484 523 rumpi
534 451 589 504 in
627 447 862 502 deterius
889 486 904 510 ‚
954 463 1092 518 quae
1130 443 1417 514 aliquando
1457 441 1618 494 etiam
1658 457 1685 494 a
1725 437 1872 492 malis
1897 477 1912 500 ‚
1951 437 2044 492 sed
2083 437 2300 496 honesta
2340 460 2454 498 ma-

307 542 439 584 nere
467 562 484 588 ,
537 538 674 595 quae
726 519 927 591 saepius
968 538 994 572 a
1035 519 1189 571 bonis
1228 516 1379 570 fiunt.
1452 514 1596 569 Inter
1636 528 1772 584 quos
1812 511 1898 565 vel
1938 511 2224 581 praecipue
2264 532 2453 570 nume-

311 596 510 657 randus
548 595 622 648 est
664 593 720 648 P.
760 591 1016 662 Virgilius
1047 628 1086 652 ‚.
1113 604 1130 630 ⁷
1169 586 1339 642 Corn.
1379 587 1604 655 Nepos,
1645 587 1700 639 &
1741 582 1886 655 prius
1924 585 1941 612 ⁸
1980 583 2182 638 Accius
2221 584 2454 642 Ennius-

315 687 442 744 que.
519 668 646 721 Non
685 664 907 734 quidem
947 677 965 702 ⁹
1004 662 1055 714 hi
1093 658 1380 713 Senatores
1415 697 1432 720 ,
1481 658 1572 712 sed
1614 657 1852 712 sanfiitas
1892 673 2109 710 morum
2151 672 2260 710 non
2302 657 2456 714 distat

317 955 528 1003 omnesque
549 948 703 988 curatius
725 947 894 997 impreffi.
925 945 1137 984 Deteriores
1161 941 1348 992 Virginius.

317 1003 420 1053 Vide
446 1005 527 1043 Lib.
552 1002 600 1039 ΙΙ.
630 998 740 1050 Epist.
763 999 790 1036 1.
813 999 876 1036 ubi
897 997 1034 1035 eadem
1059 995 1226 1033 varietas.

371 1067 388 1093 1
422 1050 622 1105 Privata]
653 1049 836 1101 Respetftu
855 1050 1143 1097 Imperatorum.
1173 1046 1229 1084 Sic
1251 1044 1352 1082 usur-

319 1109 382 1157 'pat
414 1107 453 1145 in
473 1104 710 1154 panegyrico.
750 1102 850 1139 Nam
872 1101 956 1137 alias
980 1109 1111 1135 ornnes
1134 1097 1207 1143 iam
1228 1095 1351 1133 nomi·

319 1158 397 1196 nati
420 1156 564 1194 fuerant
586 1158 621 1192 in
645 1151 864 1201 magistratu.
895 1151 1052 1188 CATAN.

368 1219 389 1245 2
420 1205 581 1253 Julium.
605 1204 620 1254 ]
651 1209 691 1241 C.
718 1199 846 1248 Julrus
867 1201 1000 1250 Caesar
1023 1198 1195 1238 Diffilator
1214 1208 1352 1246 poema

316 1258 467 1310 ‘reliquit
491 1286 502 1302 ,
529 1259 585 1295 cui
608 1255 732 1294 titulus
757 1283 768 1299 ,
795 1255 861 1291 iter
883 1283 892 1299 ‚
916 1261 1024 1302 puer,
1051 1261 1096 1289 ω’
1117 1248 1355 1298 adolescentu-

319 1309 399 1347 lus:
429 1308 613 1359 quaedam
636 1305 838 1354 scripserat,
865 1312 906 1341 ut
925 1303 1046 1340 laudes
1069 1301 1262 1344 Herculis,
1276 1300 1354 1337 Oe-

323 1358 399 1409 dipi
419 1358 653 1408 tragoediam
668 1385 678 1402 ‚
690 1356 785 1393 ditfta
799 1354 1034 1393 collectanea.
1049 1351 1202 1390 Tacitus
1214 1349 1353 1395 asserit,

323 1421 413 1448 eum
437 1408 557 1448 feciffe
581 1410 741 1446 carmina
763 1409 803 1445 &
826 1408 863 1445 in
885 1405 1123 1444 bibliothecas
1135 1400 1353 1451 reposuisse,

321 1461 420 1509 apud
453 1472 568 1510 quem
603 1460 641 1497 &
677 1459 902 1496 Ciceronem
920 1484 929 1500 ‚
959 1455 1153 1498 Hirtium,
1183 1452 1353 1499 Fabium,

320 1510 517 1561 Tranquil.
548 1511 640 1549 Plut.
671 1510 833 1547 Gellium
858 1507 973 1545 multa
996 1506 1041 1545 de
1063 1506 1154 1544 illius
1178 1505 1358 1555 eloquen-

323 1562 397 1608 tia,
428 1564 467 1600 ὃ(
491 1562 642 1609 ingenio
665 1558 891 1599 differuntur.
919 1559 1036 1596 IDEM.

377 1625 397 1663 3
431 1610 642 1662 Augustum.
673 1610 689 1661 ]
721 1609 901 1660 Augustus
923 1609 1056 1659 Caesar
1075 1609 1185 1658 jocos
1209 1605 1359 1645 affefflt-

321 1666 378 1704 vit
393 1692 404 1709 ,
431 1663 530 1701 salvo
554 1670 682 1700 tamen
705 1662 895 1712 majestatis
916 1659 1145 1709 pudorisque
1168 1658 1333 1707 respec‘tu
1348 1687 1358 1703 ,

278 1713 284 1719 '
325 1725 399 1753 nec
421 1724 461 1752 ut
485 1714 629 1751 caderet
652 1717 691 1751 in
713 1713 882 1750 scurram.
911 1711 994 1748 Fuit
1006 1712 1175 1760 poeticae
1185 1708 1361 1749 studiosus

326 1765 477 1806 Horatii
498 1763 711 1802 testimonio
734 1763 851 1801 musas
874 1761 1115 1811 alloquentis-z

381 1873 447 1906 Vos
468 1865 656 1916 Caesarem
679 1864 796 1902 altum
821 1863 954 1901 militia
972 1861 1081 1910 simul

380 1917 495 1967 fessas
517 1916 668 1954 cohortes
690 1916 836 1953 addidit
859 1914 1004 1964 oppidis.

383 1969 507 2008 finire
529 1978 754 2017 quaerentem
780 1965 913 2002 labores

382 2020 496 2058 Pierio
519 2019 683 2057 recreatis
706 2028 826 2055 antro.

336 2120 456 2161 lom.
485 2121 546 2158 De
580 2119 799 2158 carminibus
835 2117 986 2167 Augusti
1009 2116 1094 2155 vide
1117 2116 1270 2155 Sueton.
1294 2115 1376 2152 Au-

339 2174 431 2223 gust.
463 2183 541 2219 cap.
577 2171 776 2208 LXXXV.
808 2169 932 2218 ibique
966 2168 1131 2207 Beroald.
1170 2167 1282 2205 Adde
1305 2167 1376 2204 im-

370 2225 468 2262 rimis
502 2223 666 2270 Rutgers.
701 2223 782 2262 Lib.
818 2220 863 2258 ΙΙ.
913 2220 1052 2257 Variar.
1088 2218 1261 2256 Lestion.
1300 2228 1375 2265 cap.

385 2273 450 2311 IX.
477 2273 635 2310 Visun.
667 2271 817 2321 Augusti
839 2270 1161 2309 obscoenissimum
1183 2269 1377 2317 Epigram-

344 2337 407 2364 ma
431 2323 602 2375 producit
625 2324 813 2362 Martialis.
843 2322 996 2359 Bam-a.

395 2390 419 2424 4
449 2373 663 2424 Nervam.]
703 2374 864 2422 Coccejus
902 2378 1027 2410 Nerva
1052 2400 1062 2416 ,
1091 2371 1156 2420 qui
1189 2369 1270 2419 post
1293 2371 1377 2408 Do-

345 2428 544 2466 mitianum
565 2428 760 2475 imperavit
783 2456 792 2472 ‚
824 2426 862 2462 &
882 2434 1074 2472 nunquam
1099 2421 1193 2459 visus
1216 2421 1263 2458 cst
1285 2421 1379 2460 ride-

347 2489 387 2516 re
412 2506 423 2522 ,
461 2488 584 2528 neque
614 2478 740 2516 ludere
775 2479 867 2514 inter
909 2475 1051 2511 amicos
1076 2501 1086 2518 ‚
1116 2474 1378 2521 epigrammata

349 2527 483 2577 scripsit
505 2557 516 2574 ‚
553 2530 591 2566 ὅ(
613 2528 659 2565 ad
685 2540 770 2566 eum
796 2528 901 2565 Nero
923 2536 1016 2575 opus
1037 2523 1141 2561 su'um
1166 2521 1263 2562 misit
1287 2552 1298 2568 ,
1336 2535 1378 2561 ac

351 2579 548 2618 Tibullum
583 2579 736 2616 alterum
767 2578 971 2627 appellavit.
1022 2575 1104 2613 Lib.
1137 2573 1203 2613 1X.
1247 2573 1380 2624 scripsit

350 2631 465 2669 Mart.
488 2641 636 2668 carmen
658 2629 703 2667 ad
730 2636 906 2666 Nervam.
935 2628 1092 2665 CATAN.

406 2695 426 2731 ς
457 2681 578 2718 Titum
603 2679 850 2729 Caesarem?]
883 2679 1004 2716 Amor
1025 2689 1068 2716 ac
1096 2677 1246 2716 deliciae
1268 2687 1382 2725 gene-

353 2735 399 2771 ris
421 2733 574 2771 humani
596 2732 697 2769 Titus
721 2733 854 2781 Caesar
877 2732 1030 2768 Latinae
1054 2729 1294 2778 Graecaeque
1315 2729 1384 2766 lin-

356 2792 473 2830 guae,
502 2784 561 2821 vel
585 2784 622 2820 in
644 2782 786 2820 orando
811 2782 869 2820 vel
888 2783 924 2819 in
949 2779 1126 2829 fingendis
1150 2779 1384 2829 poematibus

361 2833 407 2869 ad
438 2833 792 2881 extemporalitatem
822 2832 936 2882 usque
968 2839 1162 2881 promptus
1186 2832 1224 2868 &
1250 2829 1384 2870 facilis:

360 2884 464 2937 quod
496 2892 634 2931 praeter
666 2884 927 2934 Tranquillum
960 2883 1181 2921 Suetonium
1206 2910 1217 2927 ,
1251 2882 1387 2921 Plinius

361 2930 480 3020 {emor
516 2934 552 2969 in
590 2935 814 2981 praefatione
849 2934 1016 2972 naturalis
1053 2932 1221 2971 historiae
1259 2935 1387 2982 tetigit.

402 2992 428 3018 n
441 2993 461 3017 ε
477 2994 515 3017 Μ.

418 3032 454 3088 6·
471 3031 692 3081 Neronem]
733 3036 912 3072 Domitius
947 3041 1040 3072 Nero
1059 3034 1252 3084 puerilibus
1273 3034 1389 3073 statim

366 3092 472 3122 annis
504 3083 700 3139 aiquando
734 3087 950 3123 carminibus
983 3085 1182 3134 pangendis
1223 3087 1390 3123 animum

372 3140 535 3182 exercuit
558 3161 570 3180 ,
613 3140 661 3173 ita
691 3141 731 3170 ut
764 3133 873 3173 incffe
906 3135 970 3176 sibi
1002 3136 1185 3176 elementa
1208 3135 1395 3175 doetrinae

769 738 972 791 Recito
1024 747 1247 796 tamen,
1312 730 1465 804 quod
1517 731 1590 786 illi
1651 748 1717 785 an
1775 730 2007 784 fecerint
2050 767 2068 793 ,
2130 725 2162 747 ¹¹

1432 2880 1437 2885 '
1462 2879 1658 2928 exemplari
1691 2875 1854 2913 Palatino
1873 2898 1885 2916 ,
1923 2866 2026 2915 nescio
2049 2878 2060 2906 ;
2098 2861 2239 2910 etiamst

2228 729 2409 811 nescio
2442 750 2455 788 :

2263 817 2462 869 etiam;

1427 938 1646 977 ostenderet.
1673 936 1883 986 Imperator
1905 950 2057 989 quoque
2079 939 2287 977 carminum
2302 939 2462 980 studium

1428 989 1626 1028 affectavit.
1666 989 1859 1027 Contracti
1882 989 1963 1026 sunt
1985 990 2116 1038 quibus
2139 992 2258 1040 aliqua
2281 994 2466 1041 pangendi

1430 1040 1603 1086 facultas,
1631 1039 1794 1078 necdum
1826 1038 1971 1088 insignis
2002 1042 2129 1078 aetatis
2151 1069 2162 1085 ,
2189 1043 2252 1090 qui
2275 1043 2465 1083 confidere

1430 1090 1536 1130 simul
1562 1121 1572 1137 ,
1611 1092 1670 1129 vel
1703 1092 1827 1129 allatos
1852 1119 1863 1136 ‚
1902 1090 1961 1128 vel
1999 1090 2137 1128 ibidem
2161 1091 2324 1140 reperto‘s
2346 1094 2466 1134 versus

1431 1142 1654 1182 connectere
1676 1142 1838 1180 solebant·
1863 1170 1874 1186 ,
1910 1148 2021 1190 atque
2044 1139 2152 1189 ipsius
2176 1142 2288 1179 verba
2309 1153 2467 1194 quoquo

1431 1194 1550 1232 modo
1578 1194 1716 1242 prolata
1736 1193 1912 1243 supplere.
1936 1191 2170 1231 Philostratus
2194 1193 2275 1230 Lib.
2299 1191 2366 1230 IV.
2388 1197 2467 1236 scri-

1430 1254 1537 1294 ptum
1561 1244 1706 1294 reliquit
1730 1251 1904 1283 Neronem
1929 1244 2094 1293 hymnos
2108 1241 2296 1292 scripsisse,
2323 1245 2455 1286 &mul

1431 1304 1485 1333 tas
1515 1296 1719 1344 tragoedias
1739 1292 1960 1334 transtulisse.
2002 1295 2198 1332 Suetonius
2221 1297 2371 1334 Neronis
2395 1309 2471 1336 car-

1435 1348 1535 1385 mina
1557 1348 1594 1385 in
1614 1347 1759 1385 theatro
1782 1349 1929 1385 recitata
1952 1374 1961 1390 ‚
2001 1353 2101 1382 tanta
2120 1345 2375 1384 universorum
2398 1348 2472 1388 lae-

1432 1399 1510 1436 titia
1524 1426 1534 1443 ,
1560 1406 1603 1436 ut
1622 1397 1835 1448 supplicatio
1860 1397 2117 1435 decerneretur
2132 1424 2141 1440 ,
2170 1404 2282 1446 atque
2305 1408 2384 1446 pars
2396 1411 2472 1437 car-

1437 1451 1585 1487 minum
1614 1451 1732 1488 aureis
1763 1449 1872 1487 literis
1903 1447 1990 1495 Jovi
2025 1446 2242 1496 Capitolino
2266 1447 2384 1488 dicata
2405 1449 2471 1499 sit,
2538 1488 2542 1490 .

1438 1500 1559 1540 refert.
1590 1499 1707 1537 IDEM.

1489 1563 1507 1599 7
1540 1556 1648 1587 Corn.
1672 1548 1823 1601 Nepos.]
1855 1549 2013 1587 Nomen
2025 1551 2356 1600 corruptum.quid
2370 1554 2472 1593 enim

1436 1602 1498 1640 hic
1522 1602 1616 1640 inter
1635 1609 1763 1651 poetas
1786 1599 1802 1636 ?
1843 1600 1872 1638 Β
1887 1612 1909 1637 A
1924 1613 1949 1637 rt
1967 1612 1990 1637 τ
2006 1612 2042 1637 1-1.
2071 1599 2124 1636 At
2146 1600 2226 1637 libri
2247 1612 2380 1641 omnes
2403 1604 2472 1642 ser-

1440 1663 1530 1692 vant
1555 1682 1564 1699 ,
1602 1654 1642 1691 &
1675 1659 1842 1703 Nepotem
1880 1650 2078 1700 Apologos
2107 1649 2207 1700 quasi
2228 1650 2396 1702 seripsiss'e
2419 1662 2474 1695 te-

1439 1704 1548 1756 statur
1573 1703 1761 1742 Ausonius
1785 1702 1894 1753 Epist.
1917 1701 2026 1739 XVI.

1493 1757 1514 1794 8
1545 1754 1715 1805 Aesim]
1749 1760 1787 1792 L.
1811 1753 1938 1791 Aetius
1953 1781 1964 1797 ‚
1993 1750 2068 1791 five
2091 1752 2224 1791 Accius
2248 1753 2363 1802 (narn
2377 1764 2475 1796 utra-

1436 1818 1514 1856 que
1546 1805 1657 1844 leetio
1687 1806 1861 1856 frequens
1884 1803 2299 1853 circumfertur).poeta
2320 1809 2476 1856 tragicus

1438 1858 1604 1896 >Pacuvio
1624 1859 1750 1908 junior
1765 1886 1775 1903 ,
1803 1857 1930 1895 iisdem
1951 1862 2079 1892 tamen
2097 1857 2352 1904 temporibus:
2381 1871 2478 1908 quo-

1442 1919 1524 1946 rum
1546 1908 1777 1957 congressum
1805 1908 1964 1946 Tarenti
1987 1914 2127 1944 enarrat
2151 1906 2288 1945 Gellius
2303 1908 2381 1947 Lib.
2395 1911 2479 1950 XII.

1445 1970 1524 2008 cap.
1546 1960 1592 1997 II.
1614 1961 1760 2009 utrique
1782 1959 1969 2008 scriptores
1993 1956 2171 1995 clariffimi
2191 1959 2369 2006 gravitate
2401 1960 2478 2000 sen-

1445 2012 1647 2049 tentiarum
1674 2040 1684 2055 ,
1723 2011 2001 2058 verborumque
2033 2006 2201 2057 pondere
2224 2036 2234 2052 ,
2263 2010 2478 2052 auctoritate

1447 2061 1695 2109 personarum.
1729 2061 1884 2098 CATAN.
1913 2059 2148 2096 Auctoritate
2160 2060 2475 2108 Optimirestitui:

1448 2114 1578 2151 Accius
1603 2113 1809 2162 Enniusque
1833 2140 1844 2157 ‚
1885 2121 1973 2148 cum
1994 2109 2107 2158 vulgo
2130 2109 2260 2149 darent
2284 2123 2292 2148 :
2339 2114 2479 2152 Ennius

1453 2164 1659 2213 Aetiusque.

1502 2229 1525 2265 9
1557 2217 1613 2253 Hi.
1638 2213 1654 2264 ]
1698 2220 1734 2252 Ρ.
1763 2214 1856 2263 Virg.
1888 2214 1927 2251 &
1949 2211 2079 2260 reliqui
2100 2222 2180 2249 non
2203 2212 2350 2252 fuerunt
2371 2214 2479 2254 Sena-

1452 2272 1573 2312 tores,
1601 2274 1642 2304 ut
1657 2294 1666 2310 ‚
1695 2267 1759 2315 qui
1780 2266 1957 2303 Senatum
1984 2262 2211 2311 ingrediendi
2235 2265 2274 2301 ὃ(
2291 2264 2478 2304 sententias

1456 2315 1599 2355 dicendi
1625 2318 1684 2366 jus
1715 2316 1892 2354 haberent
1915 2327 1923 2350 :
1964 2314 2114 2363 quidam
2141 2321 2267 2352 tamen
2289 2323 2479 2354 autumant

1456 2369 1662 2407 Pacuvium
1685 2369 1724 2407 &
1747 2373 1853 2406 Corn.
1877 2371 2041 2416 Nepotem
2054 2362 2157 2403 fuiffe
2181 2365 2380 2404 Senatores.
2404 2367 2477 2404 CA-

1461 2430 1553 2456 TAN.

1505 2482 1559 2509 >10
1587 2468 1787 2508 Ordinibus.
1813 2468 1830 2519 ]
1859 2470 1932 2509 Illis
1952 2498 1963 2515 ‚
1994 2468 2057 2518 qui
2069 2461 2472 2518 geffemntmagistratus

1459 2529 1560 2559 certo
1584 2521 1714 2560 ordine
1735 2521 1810 2560 dari
1830 2521 1963 2560 solitos.
1991 2518 2143 2566 Proprie
2161 2522 2339 2567 tamen-in
2360 2509 2475 2558 digni-

1456 2572 1586 2610 tatibus
1606 2572 1701 2610 ordo
1724 2572 1894 2622 equestris
1919 2603 1929 2619 ,
1969 2573 2007 2610 ὅ(
2031 2560 2381 2616 senatorius—dicitur
2396 2588 2406 2604 2
2434 2570 2474 2599 ut

1457 2624 1494 2661 in
1527 2624 1654 2662 militia
1685 2624 1933 2673 primipilatus.
1981 2621 2092 2659 rnen.
2129 2612 2304 2666 Saff‘r‘h‘a‘
2336 2623 2473 2650 morum

1459 2687 1529 2711 non
1552 2673 1661 2721 distat
1683 2674 1876 2712 ordinibus.
1898 2673 1914 2723 ]
1944 2672 2034 2710 Non
2054 2661 2204 2703 detrahit
2222 2669 2370 2716 morum
2391 2663 2476 2709 san-

1458 2725 1574 2763 Hitati
1607 2727 1793 2775 imparitas
1830 2724 1964 2762 ordinis
1995 2720 2034 2756 δί
2062 2725 2104 2750 ae
2132 2721 2178 2747 ue
2212 2710 2384 2750 ommbus
2407 2714 2478 2752 mi·

1461 2776 1570 2815 tanda
1589 2787 1632 2814 ac
1653 2774 1871 2814 aestimanda
1893 2774 2003 2810 virtus
2025 2762 2080 2802 est·
2140 2771 2314 2799 UOENER·

1517 2840 1556 2866 11
1590 2827 1708 2876 Nescio
1728 2825 1860 2868 etiam,
1877 2816 1980 2872 ,fid-J
2007 2809 2238 2856 Placetfel'c‚
2265 2812 2366 2898 <flod
2381 2814 2476 2871 estin

2266 2863 2319 2901 tlt
2339 2867 2478 2912 Judlcio.

1464 2929 1571 2967 Idem
1593 2933 1775 2977 praeterea
1795 2922 1927 2963 habet,
1977 2928 2055 2953 “em
2078 2925 2162 2949 ‘vm
2176 2913 2323 2960 seferim
2346 2918 2475 2964 nescio:

1465 2979 1560 3015 adeo
1572 2986 1611 3014 ut
1623 2975 1790 3012 videatur
1810 2969 1942 3008 scriben
1973 2978 2035 3004 um
2051 2994 2062 3010 ,
2089 2965 2182 3014 quod
2201 2977 2250 3001 an
2272 2976 2316 3004 cy
2325 2967 2481 3012 fecerint

1467 3027 1593 3075 nefiio,
1618 3020 1755 3070 etiamsi
1773 3020 1828 3058 illi
1843 3018 1975 3066 judicio
1992 3047 2001 3063 ,
2028 3027 2100 3056 σε.
2130 3016 2318 3054 (ἱιωτεκ.
2348 3018 2480 3061 Misere

1467 3076 1615 3113 vexavit
1637 3073 1759 3108 locum
1783 3071 1959 3108 Gruterus
1982 3097 1993 3114 ,
2028 3070 2068 3106 &
2090 3069 2306 3106 recentiores
2330 3069 2479 3118 quidam

1468 3125 1568 3166 dieto
1596 3121 1786 3162 audientes
1817 3120 1971 3161 fidenter
2007 3117 2148 3168 etiamst
2185 3117 2386 3160 ediderunt.
2437 3120 2480 3159 In

2426 3170 2484 3211 su-
