2616 3686
266 194 356 244 128
503 171 2178 238 C.PLIN11CAECILIISECUNDI

251 283 265 304 ¹
301 260 596 318 duodecim
652 256 940 330 clepsydris
994 294 1009 320 ,
1054 269 1184 328 quas
1214 247 1598 324 spatiofiflirnas
1635 265 1977 329 acceperam,
2013 250 2131 306 sunt
2159 251 2381 309 additae

249 351 499 410 quatuor.
528 334 670 387 adeo
708 332 791 386 illa
827 331 934 400 ipsa
963 366 977 392 ,
1016 344 1152 398 quae
1181 325 1313 380 dura
1341 324 1395 377 &
1422 319 1641 377 adversa
1669 318 1885 374 dietum
1910 322 2260 391 videbantur,
2299 326 2376 380 se-

144 429 203 480 ¹5
253 409 431 465 cunda
457 407 660 462 dicenti
688 407 923 460 fuerunt.
962 403 979 421 ²
1000 397 1196 454 Caesar
1220 397 1444 469 quidem
1475 395 1605 448 mibi
1636 406 1844 473 tantum
1873 391 2133 459 studium,
2171 412 2375 454 tantam

254 482 417 537 etiam
455 496 638 534 curam
680 478 944 548 (nimium
984 471 1060 525 est
1095 474 1239 524 enim
1279 468 1464 523 dicere
1498 465 1956 532 sollicitudmem)
1991 471 2279 547 pra-estitit,
2315 485 2375 526 ut

255 555 509 609 libertum
541 567 720 606 meum
746 549 863 618 post
895 543 984 600 me
1006 544 1231 596 stantem
1251 579 1266 604 ‚
1305 541 1509 609 saepius
1539 539 1887 601 admoneret,
1932 539 1945 564 ³
1971 554 2096 592 voci
2120 542 2379 613 laterique

257 626 623 686 consulerem,
661 637 830 693 quum
856 637 940 672 me
964 613 1340 670 vehementius
1366 623 1577 682 putaret
1603 612 1622 637 ⁴
1643 610 1885 674 intendi,
1924 628 2084 682 quam
2113 609 2125 634 ⁵
2168 616 2383 682 gracili--

266 712 344 753 tas
366 716 484 753 mea
513 694 720 768 perpeti
748 689 938 762 posset.
1015 685 1320 758 Respondit
1347 684 1478 738 mihi
1504 700 1604 755 pro
1631 681 1914 737 Marciano
1943 681 2202 740 Claudius
2234 687 2387 740 Mar-

155 783 213 829 16
263 772 497 826 cellinus.
573 772 591 795 ⁶
627 765 815 821 Miss'us
844 760 1045 817 deinde
1074 760 1298 814 Senatus
1329 757 1384 809 &
1423 768 1706 810 revocatus
1737 753 1753 780 ⁷
1792 758 1845 808 in
1883 755 2172 826 posterum.
2206 775 2393 830 neque·

150 836 156 840 ’
263 843 525 912 enimjam
551 838 791 895 inchoari
816 848 1029 909 poterat
1058 831 1220 895 actio,
1262 828 1356 885 nisi
1381 840 1440 884 ut
1465 840 1482 866 ⁸
1505 827 1677 882 nostis
1702 829 2012 886 interventu
2034 829 2391 888 scinderetur.

2162 902 2388 959 Postero

309 1061 330 1099 '1
372 1065 497 1098 Decem
531 1053 778 1107 clepsydris...
784 1050 875 1100 sunt
910 1048 1056 1087 additae
1093 1043 1286 1096 quatuor]
1360 1042 1394 1081 sa
1418 1040 1577 1086 faceret,
1604 1051 1685 1079 non
1706 1039 1805 1079 illam
1824 1042 2002 1092 paulatim
2021 1042 2066 1080 ab
2087 1043 2168 1081 imo
2198 1043 2313 1095 usque
2345 1044 2394 1083 ad

268 1110 467 1160 Clepsydra
514 1115 657 1159 poterat
704 1104 727 1141 d
743 1102 894 1150 stingui,
921 1111 985 1148 per
1035 1097 1290 1149 quodcunque
1363 1094 1552 1131 summum
1574 1090 1790 1148 perduceret
1816 1122 1826 1138 ‚
1855 1105 1934 1131 non
1956 1092 2070 1130 rursus
2092 1104 2113 1130 a
2133 1094 2275 1132 summa
2300 1106 2393 1133 con·-

268 1163 445 1212 temporis
476 1161 632 1209 spatium
661 1153 816 1194 libuisset
840 1167 848 1190 :
889 1150 990 1190 unde
1018 1151 1175 1199 legimus
1197 1148 1294 1198 apud
1360 1145 1532 1202 tentione
1555 1143 1698 1200 paribus
1730 1144 1927 1183 intervallis
1961 1142 2206 1184 descenderet.
2238 1145 2394 1185 Cum,

266 1211 524 1252 Philostratum
548 1212 585 1250 in
607 1206 774 1246 Adriano
795 1204 1041 1243 declamatore
1064 1197 1167 1239 fuisse
1198 1201 1296 1249 clep-
1367 1194 1467 1234 Vide
1491 1194 1584 1234 infra
1603 1194 1692 1251 inb.
1717 1194 1786 1251 IV.
1814 1195 1924 1244 Epist.
1945 1194 2034 1232 VII.
2057 1207 2091 1232 n.
2115 1207 2148 1242 4.

269 1261 416 1311 sydram
429 1261 635 1312 dispositam
648 1257 694 1295 ad
706 1255 913 1295 mensuram
939 1260 1088 1291 centum
1112 1250 1294 1289 versuum.
1415 1258 1439 1294 4
1469 1243 1650 1294 Intend1.]
1693 1245 1750 1283 Sic
1785 1258 1939 1296 quoque
1971 1246 2044 1283 Pal.
2068 1246 2108 1284 δε
2132 1249 2299 1286 exoticae
2322 1246 2406 1287 edi..

270 1313 351 1351 Hic
373 1313 455 1352 sane
477 1315 643 1363 quinque
662 1307 870 1358 clepsydrae
891 1305 1046 1355 spatium
1065 1303 1172 1361 unius
1181 1302 1297 1339 horae

268 1363 618 1414 complectebantur.
672 1358 786 1397 Unde
807 1357 926 1406 inquit
940 1356 1070 1411 ,tDixr
1093 1352 1187 1391 horis
1215 1362 1299 1401 pene

268 1415 420 1465 quinque
453 1424 539 1451 cum
570 1408 806 1463 praemisisset
837 1407 967 1456 viginti
998 1403 1298 1462 quatuorflepsy-

269 1466 355 1502 dras
388 1463 589 1515 impetrasse.
645 1463 681 1500 Si
713 1462 813 1499 enim
846 1460 1010 1508 quinque
1032 1458 1071 1494 ὃς
1092 1462 1220 1503 viginti
1241 1466 1301 1492 ac-

271 1515 441 1566 cepisset,
470 1517 635 1566 quinque
656 1511 784 1550 solidas
804 1511 913 1549 horas
939 1505 1072 1557 egisset.
1129 1506 1247 1555 Quod
1274 1505 1302 1544 fi

269 1566 369 1615 leges
393 1568 508 1605 decem
530 1594 542 1612 ‚
578 1574 621 1604 ut
644 1562 694 1602 est
717 1564 754 1602 in
778 1561 907 1600 codice
928 1561 1084 1608 antiquo
1105 1557 1194 1596 loco
1217 1557 1301 1596 XX.

271 1625 361 1657 tunc
389 1626 460 1656 tres
494 1616 703 1666 clepsydrae
734 1625 849 1651 unam
880 1612 1011 1649 horam
1046 1608 1299 1648 continebunt.

274 1669 430 1707 fom.
454 1666 620 1717 Decem]
650 1665 851 1703 Librorum
871 1660 1091 1710 marginibus
1113 1660 1300 1710 adjectum

275 1719 326 1758 est
356 1719 533 1758 duodecim
552 1747 562 1764 ,
600 1728 671 1756 nec
701 1716 800 1753 aliter
833 1713 907 1751 Pal.
948 1713 1001 1749 At
1022 1722 1180 1767 avorum
1203 1721 1299 1748 aevo

272 1771 433 1820 impressi
457 1784 465 1808 :
506 1777 606 1807 Nam
636 1781 692 1806 22.
725 1764 906 1815 clepsydris
935 1775 1024 1812 quas
1040 1759 1300 1812 spaciofiffime,

273 1832 345 1860 σε.
369 1820 471 1871 quod
491 1822 682 1859 habuerim
703 1828 772 1868 pro
801 1815 889 1853 falso
904 1842 914 1859 ,
942 1814 1149 1862 arridetque
1167 1812 1300 1850 admo-

275 1872 367 1910 dum
389 1870 474 1909 illud
495 1871 683 1909 duodecim.
720 1869 910 1906 Gnurm.
949 1864 1141 1903 Mediceus
1165 1864 1304 1908 etiam,

275 1922 446 1971 Bongars.
482 1923 611 1960 Oxon.
643 1922 682 1960 &
716 1919 830 1957 Arnz.
863 1916 1044 1954 duodecim
1079 1914 1306 1962 agnoscunt,

278 1976 319 2012 &
341 1975 415 2011 hoc
437 1985 569 2012 verum
593 1971 651 2010 est.
680 1967 884 2008 Helmstad.
908 1972 1011 2003 Nam
1032 1965 1155 2023 XXII.
1179 1964 1307 2015 clepsy-

280 2025 357 2062 dris
372 2054 382 2070 ‚
411 2026 469 2063 cui
493 2035 654 2062 numero
676 2021 704 2060 fi
725 2020 862 2059 additas
885 2025 1044 2069 quatuor
1064 2027 1190 2066 iungas
1204 2045 1214 2062 ,
1241 2027 1312 2054 nu-

1364 1297 1484 1336 tiones
1499 1326 1509 1343 ,
1538 1307 1608 1334 nec
1637 1295 1710 1334 scio
1744 1307 1764 1332 a
1796 1297 1926 1347 quibus
1947 1298 2103 1335 manarit
2125 1298 2212 1336 illud
2232 1298 2409 1345 incendi,

1366 1346 1412 1384 ad
1425 1359 1528 1386 oram
1543 1346 1704 1398 positum
1719 1345 1938 1387 editionibus
1951 1347 2166 1386 noviffimis.
2194 1349 2283 1387 Hoc
2299 1350 2372 1387 scio
2386 1377 2405 1396 ‚.

1369 1398 1497 1436 falsum
1522 1397 1617 1444 effe,
1644 1410 1715 1436 nec
1735 1397 2020 1438 admittendum.
2060 1399 2250 1437 Gaura.
2300 1401 2399 1448 Gry-

1367 1450 1472 1499 phius
1504 1451 1615 1488 etiam
1648 1449 1787 1488 incendi
1818 1450 1982 1499 vulgavit
2007 1477 2018 1494 ,
2065 1449 2125 1487 sed
2158 1450 2266 1489 MSS.
2288 1451 2399 1491 nostri

1368 1512 1501 1539 omnes
1522 1500 1663 1541 intendi
1686 1529 1697 1545 ,
1736 1500 1841 1550 quod
1864 1513 1885 1538 a
1904 1501 2034 1539 fidibus
2058 1499 2268 1540 desummm
2303 1500 2406 1548 effe„

1368 1552 1518 1600 putabat
1539 1551 1715 1589 Barthius.
1743 1551 1871 1588 Immo
1892 1553 1936 1589 ab
1953 1563 2040 1588 arcu
2073 1550 2225 1590 deduxit
2265 1552 2400 1590 Cicero

1370 1602 1416 1640 de
1440 1601 1582 1641 Senect.
1603 1612 1680 1651 cap.
1702 1601 1766 1639 XI.
1806 1601 1861 1640 Ita
1894 1609 2020 1640 autem
2053 1600 2213 1640 intentus
2243 1602 2409 1647 clamor,

1366 1652 1525 1691 intentus
1546 1663 1678 1692 ventus
1699 1653 1842 1703 aliaque
1863 1652 2044 1691 dicuntur.
2071 1651 2170 1694 Vide
2192 1652 2238 1692 ad
2260 1654 2404 1691 Lucan.

1371 1704 1453 1743 Lib.
1485 1705 1536 1742 V.
1558 1715 1610 1742 vs.
1633 1704 1716 1755 569.

1420 1769 1440 1805 ς
1470 1755 1706 1805 Gracilitas.]
1748 1754 1937 1794 Tenuitas.
1974 1753 2058 1792 Fuit
2090 1756 2193 1794 enim·
2216 1755 2402 1795 Secundus

1368 1817 1525 1856 corpore
1548 1817 1626 1844 non
1648 1806 1855 1845 admodum
1878 1805 2025 1846 robusto
2050 1834 2061 1852 ,
2090 1806 2194 1856 quod
2216 1808 2326 1845 etiam
2348 1814 2403 1844 te-

1368 1857 1478 1895 statur
1491 1856 1674 1907 Trajanus
1696 1858 1734 1897 in
1756 1856 1932 1907 rescriptis
1943 1857 1990 1896 ad
2003 1856 2164 1896 eundem
2178 1886 2188 1902 ,
2211 1863 2379 1907 cuperem
2393 1885 2404 1902 ,

1371 1909 1507 1960 inquit,
1542 1918 1586 1948 ω’
1614 1905 1684 1957 fine
1717 1907 1857 1959 querela
1889 1907 2076 1959 corpusculi
2105 1908 2158 1946 tui
2185 1918 2229 1948 <9⁶
2261 1919 2407 1946 tuorum

1367 1959 1556 2011 pervenire
1576 1959 1616 1997 in
1638 1959 1853 2007 Bithyniam
1876 1959 2045 2008 potus'ffes.
2073 1960 2228 1997 CATAN.

1426 2011 1449 2048 6
1479 2008 1641 2060 Miffus.]
1672 2006 1873 2054 Dimissus,
1901 2011 2052 2048 Senatus
2077 2008 2332 2048 dissolvebatur
2351 2010 2408 2048 his

282 2087 432 2113 merum
454 2076 631 2113 horarum
655 2085 733 2111 non
747 2070 943 2120 expedies,
969 2067 1035 2106 nisi
1047 2069 1310 2106 inconcinnam
1377 2062 1528 2100 verbis:
1579 2060 1683 2100 Nihil
1713 2075 1777 2098 vos
1811 2073 1997 2099 moramur
2031 2065 2156 2097 Patres
2191 2061 2402 2112 conscripti.

281 2125 399 2166 horae
422 2123 641 2164 divisionem
664 2123 807 2162 inferas.
862 2120 939 2169 lpse
965 2120 1076 2157 etiam
1110 2129 1285 2167 numerus
1300 2148 1311 2163 ‚

285 2188 354 2225 pro
375 2178 553 2226 gravitate
575 2173 715 2214 caussae
730 2203 744 2232 ζ
767 2173 844 2229 satis
866 2172 994 2220 ingens
1019 2168 1091 2213 est,
1119 2180 1204 2227 cum
1217 2169 1315 2216 apud

286 2227 496 2266 Martialem
519 2228 600 2266 Lib.
624 2226 693 2263 VI.
715 2226 838 2274 hpigr.
861 2220 1023 2259 XXXV.
1040 2221 1078 2257 ὃ(
1102 2220 1183 2258 Lib.
1207 2220 1317 2257 VIII.

286 2279 411 2328 Epigr.
433 2279 470 2316 V
476 2277 523 2315 II.
545 2285 691 2316 tantum
715 2283 896 2327 quatuor,
933 2280 996 2309 aut
1017 2270 1155 2318 septem
1180 2270 1319 2328 clepsy7
1382 2265 1538 2315 adripuit
1561 2265 1767 2315 Gryphius:
1796 2263 1898 2314 quasi
1918 2276 1995 2302 non
2031 2265 2161 2303 Caesar
2193 2264 2274 2302 Lib.
2323 2262 2418 2303 VII..

1379 2113 1487 2151 Haec
1509 2112 1612 2162 sump
1631 2124 1652 2150 a
1676 2124 1722 2151 ex
1745 2111 1969 2162 Capitolino.
1998 2111 2055 2149 In
2071 2124 2092 2150 ε
2109 2125 2147 2149 M.

1432 2175 1451 2211 7
1486 2169 1529 2200 In
1560 2173 1598 2214 po
1629 2161 1770 2209 erum]
1822 2163 1879 2200 Sic
1911 2164 2043 2213 optimi
2076 2164 2114 2201 &
2145 2164 2291 2213 plurimi
2323 2161 2419 2201 libri.

1383 2215 1526 2252 Unicus
1550 2215 1633 2253 MS.
1655 2212 1761 2251 Voss'.
1787 2214 1820 2250 'n
1839 2212 2011 2263 posterum
2035 2214 2124 2252 diem
2140 2243 2149 2258 ,
2177 2213 2281 2263 quod
2293 2213 2369 2251 stati

290 2329 374 2368 drae
403 2336 584 2378 petantur.
638 2328 699 2366 De
730 2336 837 2364 more
859 2323 906 2361 ad
927 2319 1153 2372 clepsydram
1173 2321 1319 2360 dicendi
1385 2317 1425 2354 B.
1461 2316 1554 2356 Gall.
1589 2327 1666 2365 cap.
1702 2314 1769 2353 XI.
1797 2315 1948 2354 scribere
1970 2313 2169 2361 debuisset,
2195 2324 2237 2353 ut
2259 2313 2409 2364 scripsit:

290 2388 432 2429 praeter
462 2380 550 2418 alios
583 2378 670 2417 vide
701 2377 880 2416 Colvium
912 2373 959 2411 ad
980 2371 1131 2422 Apuleii
1154 2371 1318 2429 Apolog.

290 2442 372 2480 pag.
394 2443 473 2477 244.
501 2431 674 2470 Aliorum
698 2430 812 2466 decem
834 2427 871 2464 in
895 2425 995 2462 nullo
1030 2433 1074 2461 ex
1099 2422 1233 2480 'nostris
1266 2435 1322 2461 re-

292 2484 428 2531 peritur
454 2496 466 2525 3
512 2489 548 2519 at
578 2479 810 2530 spatiofiffime
833 2489 879 2514 ex
905 2477 1035 2514 Oxon.
1060 2473 1259 2512 Lindenbr.
1283 2476 1323 2513 δί

1385 2373 1462 2404 Huc
1485 2367 1590 2405 biduo
1609 2367 1743 2417 Caesar
1760 2366 1922 2417 pervenit
1947 2396 1958 2413 ,
1985 2378 2031 2406 ω’
2062 2365 2180 2415 castris
2208 2377 2293 2405 ante
2324 2362 2412 2414 oppi-

1385 2419 1473 2456 dum
1491 2417 1607 2468 positis
1634 2447 1645 2464 ,
1683 2417 1750 2455 diei
1773 2426 1920 2468 tempore
1937 2417 2095 2469 exclusus
2119 2447 2130 2462 ‚
2168 2419 2207 2456 in
2228 2415 2415 2467 posterum·

1385 2469 1669 2520 oppugnationem
1691 2467 1819 2517 differt.
1872 2468 1906 2507 Is
1924 2476 2052 2507 tamen
2074 2480 2153 2507 non
2176 2467 2278 2506 facile
2309 2461 2409 2513 quod

293 2534 409 2570 Arnz.
429 2540 599 2571 notatum
617 2532 794 2570 habemus
819 2557 829 2573 ,
857 2538 944 2565 cum
975 2533 1164 2574 receptum
1190 2525 1324 2576 spatio-
1388 2521 1434 2559 ad
1466 2520 1606 2559 sensum
1641 2522 1797 2570 pertinet
1830 2521 2003 2559 omittere
2025 2520 2114 2558 solet
2138 2547 2148 2563 ,
2175 2527 2259 2553 cum
2282 2520 2406 2551 contra

289 2582 436 2635 fiffimas
460 2583 640 2621 sincerum
665 2584 703 2621 ὃς
726 2580 868 2619 rectum
892 2577 946 2615 fit.

1388 2574 1522 2612 Plinius
1557 2574 1596 2610 &
1627 2573 1796 2610 brevitati
1816 2571 1954 2610 studeat
1978 2600 1988 2617 ,
2030 2572 2069 2609 &
2089 2567 2204 2606 statim
2225 2562 2409 2602 subiecen't

348 2647 368 2671 2
399 2635 534 2683 Caesar
563 2631 718 2684 quidem
752 2628 879 2678 mihi.]
920 2627 1024 2667 Voss.
1055 2626 1211 2666 Helmst.
1243 2628 1283 2665 ὅ(
1305 2639 1325 2665 a
1393 2623 1522 2670 Postero
1546 2623 1611 2661 die.
1666 2622 1835 2680 Similiter
1860 2622 1993 2660 Cicero
2014 2620 2144 2675 aliique
2164 2615 2274 2652 locuti
2305 2613 2410 2670 sunt,

298 2686 415 2733 prima
438 2696 552 2722 manu
574 2685 685 2722 Arnz.
709 2686 747 2719 τό
771 2682 913 2732 quidem
936 2691 1013 2717 non
1035 2678 1236 2727 agnoscunt
1250 2707 1260 2724 ,
1288 2680 1328 2717 &
1395 2675 1583 2733 {lc-vulgus
1605 2683 1712 2712 novit
1735 2702 1763 2732 ,ι
1782 2672 2003 2729 vocabulum
2024 2669 2093 2706 dm
2112 2666 2213 2714 saepe
2246 2663 2411 2702 subintel-

300 2735 433 2773 deinde
455 2734 687 2785 praeferunt:
718 2744 867 2770 tantam
888 2743 1011 2768 curam
1036 2730 1158 2769 etiam.
1196 2730 1327 2768 Oxon.
1390 2729 1462 2784 ligi.
1490 2725 1639 2764 Deinde
1661 2725 1876 2768 Mediceus,
1904 2718 2100 2760 Lmdenbr.
2124 2714 2291 2762 Bongars.
2305 2727 2410 2764 neque

303 2795 449 2822 tantum
470 2785 555 2823 mihi
570 2785 740 2830 studium.

1395 2790 1488 2816 cmm
1509 2779 1582 2816 inm
1606 2775 1766 2813 inchoari
1783 2783 1922 2824 poterat
1943 2770 2033 2807 aelio
2050 2794 2061 2810 9
2087 2766 2153 2814 ²²¹⁸st
2169 2774 2208 2802 ut
2231 2765 2338 2802 ”01‘31'5
2359 2767 2411 2802 in-

356 2846 374 2883 3
409 2837 481 2872 Voci
512 2835 693 2884 laterique.
718 2834 731 2884 ]
785 2832 956 2872 Curanda
987 2832 1079 2871 haec
1112 2833 1149 2870 in
1172 2838 1330 2870 oratore.
1396 2839 1564 2866 terventu
1576 2827 1802 2882 scindererur.
1854 2822 1928 2859 Alii
1949 2826 2071 2856 autem
2103 2817 2177 2852 iam
2211 2816 2413 2876 omittunt,

307 2883 390 2922 Nec
414 2896 488 2919 vox
512 2886 601 2921 ultra
623 2888 716 2923 vires
738 2884 910 2933 urgenda.
967 2884 1066 2921 Nam
1091 2886 1130 2921 &
1157 2880 1332 2920 suffocata
1397 2887 1439 2916 ut
1462 2877 1674 2920 Sichardus,
1701 2876 1757 2912 alu
1779 2884 1845 2929 ut,
1872 2879 1911 2908 ut
1935 2867 2038 2905 Idem
2071 2876 2112 2904 ac
2152 2866 2258 2904 MSS.
2285 2868 2414 2905 Oxon.

306 2933 411 2982 saepe
435 2936 472 2971 ’ὀί
497 2937 636 2983 majore
660 2936 737 2972 nisu
758 2937 878 2971 minus
900 2935 990 2971 clara
1012 2934 1083 2971 est:
1114 2936 1152 2972 &
1168 2932 1332 2981 fatigatio
1401 2927 1504 2967 Voss.
1530 2930 1568 2965 ὃ(
1594 2919 1897 2962 Helmstadienfis.
1925 2919 2079 2956 Conna.

309 2993 350 3023 ut
373 2995 524 3033 corpora
550 2996 626 3020 non
648 2985 693 3021 ad
716 2986 878 3032 praesens
899 2984 1040 3028 modo,
1069 2983 1128 3021 sed
1151 2985 1262 3022 ctiam
1278 2983 1333 3020 fu—

310 3044 432 3073 turum
446 3063 456 3079 ,
486 3045 619 3071 vocem
643 3034 797 3071 destruit.
852 3034 977 3081 Quare
999 3034 1274 3082 reprehenditur
1295 3044 1333 3070 a-

313 3085 392 3139 pud
405 3087 582 3127 Senecam
602 3084 746 3125 Portius
769 3084 884 3128 latr0,
913 3083 1015 3132 quod
1037 3085 1125 3124 nihil
1138 3085 1238 3135 vocis
1251 3093 1336 3123 cau-

1451 2980 1473 3016 8
1502 2976 1621 3013 Nostis
1651 2968 1899 3018 interventus]
1935 2968 2034 3006 Nam
2067 2978 2190 3016 neque
2213 2968 2290 3016 post
2312 2970 2419 3007 occa.

1401 3030 1479 3068 sum
1501 3027 1580 3064 solis
1604 3052 1614 3068 ,
1651 3033 1772 3071 neque
1793 3027 1878 3057 ante
1902 3030 2027 3060 ortum
2050 3020 2172 3060 liceret
2195 3048 2206 3065 ‚
2244 3022 2420 3060 Senatum

1402 3079 1544 3119 habere.
1568 3073 1716 3114 Gellius.
1745 3072 1896 3112 Coun.

2301 3135 2320 3172 ,1
2350 3121 2429 3173 &³13
