2616 3686
489 167 1832 226 LIBER111.EPISTOLAXX.
2121 198 2212 246 241

131 256 323 315 Monet
360 252 582 312 amicum
621 248 864 318 Mffum
901 247 1223 301 comitiorum
1256 247 1486 301 ordinem
1517 251 1846 302 immutatum
1871 286 1884 311 ‚
1933 269 2095 322 neque
2117 272 2216 324 pe,-

206 341 390 402 aperta
412 326 698 398 ficffragia,
729 322 824 389 fied
844 321 1064 376 tacitam
1091 319 1341 372 tabellam
1364 320 1540 372 creari
1565 321 1921 388 magistratus:
1951 322 2005 377 δῇ
2032 341 2218 378 veren-

201 392 351 461 dum,
392 417 455 453 ne
480 398 603 452 inde
640 395 783 448 vitia
824 394 1083 446 oriantur.
1117 391 1255 463 quod
1274 389 1449 462 postea
1477 391 1722 455 evenisse,
1749 403 1854 459 per
1879 393 2130 461 epzstolam
2153 397 2228 448 ad

201 470 412 525 eundem
439 469 560 523 Lib.
585 467 679 524 IV.
688 462 986 537 figmficat,
1025 465 1080 516 in
1098 465 1294 534 primis
1315 464 1485 531 seculi
1523 466 1692 515 malas
1725 474 1872 514 artes
1902 478 2124 530 taxans,
2163 467 2220 523 ξς

203 541 428 614 Trajani
449 559 627 596 curam
650 541 796 595 circa
802 536 1024 608 publica
1048 535 1208 588 valde
1225 534 1591 589 commendans.

239 700 252 713 ⁰
298 710 602 768 Eministine
642 720 696 763 te
734 708 886 779 saepe
923 707 1102 780 legiffe
1139 719 1360 779 quantas
1395 703 1771 761 contentiones
1809 702 2057 757 excitarit
2098 715 2112 734 ¹
2136 703 2225 760 lex

132 717 587 850 Mtabellaria?
610 796 980 853 quantumque
1007 780 1098 852 ipfi
1122 781 1277 835 latori
1303 780 1384 832 vel
1415 778 1645 850 gloriae,
1684 776 1765 828 vel
1802 773 2225 843 reprehensionis

134 856 398 914 attulerit?
440 861 513 908 At
539 869 680 907 nunc
710 853 764 906 in
795 854 993 906 Senatu
1026 853 1132 908 line
1159 853 1257 905 ulla
1285 849 1599 905 diiieniione
1622 859 1638 877 ²
1662 847 1766 900 hoc
1792 847 1966 912 idem,
2004 861 2058 901 ut
2085 849 2224 917 opti·
2268 857 2298 889 2

134 946 275 986 mum
302 927 512 996 placuit.
588 925 791 979 Omnes
815 925 828 951 ³
856 925 1204 979 comitiorum
1244 923 1334 977 die
1373 921 1586 975 tabellas
1623 920 2040 989 postulaverunt.
2114 919 2227 975 Ex·
2274 930 2296 982 3

131 999 440 1055 cesseramus
478 997 597 1051 sane
638 995 920 1050 manifestis
964 996 1060 1050 illis
1097 996 1397 1066 apertilque
1425 997 1441 1021 ⁴
1465 990 1719 1061 luffragiis
1747 992 2014 1045 licentiam
2043 993 2228 1045 conci-

130 1087 310 1127 onum.
344 1087 451 1124 non
491 1082 698 1140 tempus
736 1068 1039 1139 loquendi,
1102 1084 1214 1124 non
1252 1065 1468 1120 tacendi
1504 1062 1760 1118 modestia
1799 1100 1813 1123 ‚
1853 1080 1962 1116 non
1992 1063 2228 1134 denique

127 1140 345 1198 sedendi
380 1142 610 1213 dignitas
635 1140 1050 1196 custodiebatur.
1126 1139 1316 1209 Magni
1347 1139 1586 1207 undique
1613 1134 1911 1205 ditionique
1940 1135 2226 1190 clamores:
2270 1149 2305 1198 4

130 1213 514 1288 procurrebant
548 1229 734 1269 omnes
770 1211 782 1237 ⁵
818 1229 947 1268 cum
985 1211 1088 1268 suis
1131 1211 1467 1267 candidatis:
1509 1207 1675 1262 multa
1695 1211 1903 1277 agmina
1926 1208 1982 1261 in
2008 1205 2232 1334 medilo)

2048 1295 2139 1335 mu
2163 1292 2233 1334 ti-

123 1447 283 1499 'Maefim
313 1450 440 1488 Oxon.
459 1450 502 1489 :&
523 1447 693 1498 Bongars.
718 1447 848 1499 Mefio;
875 1447 1031 1487 Helmst.
1053 1452 1147 1486 Mes·
1207 1445 1284 1491 tio,
1312 1445 1511 1486 secundum
1533 1444 1622 1483 alios
1644 1442 1755 1497 etiam
1777 1441 1848 1481 alio
1868 1448 2038 1498 tempore
2062 1454 2070 1480 ε
2110 1446 2236 1494 consa:

118 1499 182 1550 fio.
221 1500 291 1538 Sed
322 1500 512 1538 Mediceus
546 1499 744 1538 Lindenbr.
778 1501 816 1537 &
841 1501 954 1537 Arnz.
985 1507 1146 1537 tantum-
1211 1497 1303 1533 laria
1325 1496 1565 1545 sequebantur
1583 1502 1757 1542 praetorta
1790 1495 1828 1530 ὅ(
1857 1493 2027 1548 athlrtta.
2066 1495 2231 1541 Quidam

128 1550 248 1587 modo
273 1564 282 1587 ε
313 1552 477 1588 Maximo
500 1556 573 1586 Suo.
609 1550 708 1587 Vide
732 1550 813 1587 Lib.
837 1549 885 1585 ΙΙ.
909 1548 1015 1596 Epist.
1041 1549 1144 1586 XIV.
1213 1548 1321 1584 etiarn
1341 1547 1512 1584 testantur
1542 1543 1738 1592 consularia
1762 1544 1909 1579 comitia
1923 1542 2118 1591 aliquando
2134 1544 2230 1583 faeta

182 1613 197 1637 1
233 1606 300 1636 Lex
330 1599 532 1636 tabellaria.
555 1598 571 1646 ]
600 1600 688 1645 Qua
710 1600 867 1646 populus
889 1609 953 1645 per
974 1598 1140 1636 tabellam
1211 1597 1279 1632 VI.
1305 1596 1455 1634 Calend.
1476 1593 1640 1642 Augusti.
1687 1592 1734 1629 Et
1756 1596 1995 1630 comitiorum
2019 1593 2084 1629 alia
2109 1594 2234 1632 calata

129 1647 339 1696 suffragium
368 1649 525 1691 ferebat;
554 1659 640 1684 cum
664 1650 758 1695 prius
779 1659 857 1684 non
881 1648 1014 1685 viritim
1036 1676 1046 1692 ,
1083 1650 1142 1687 sed
1210 1646 1418 1685 dicebantur
1442 1675 1452 1691 ‚
1491 1656 1584 1695 quae
1616 1653 1682 1692 pro
1715 1643 1870 1690 collegio
1890 1640 2108 1698 pontificum
2133 1672 2143 1686 ‚
2171 1653 2235 1684 aut

124 1710 190 1748 per
203 1701 314 1737 curias
328 1709 552 1736 convocatus
566 1697 786 1744 magistratus
799 1705 955 1734 crearet:
986 1699 1024 1734 &
1040 1700 1141 1747 quod
1210 1697 1300 1744 regis
1323 1697 1503 1734 sacrorum
1530 1723 1540 1738 ,
1578 1702 1639 1730 aut
1672 1692 1863 1729 flaminum
1895 1692 2236 1739 inaugurandorum

127 1750 284 1798 pluribus
307 1749 420 1787 visum
444 1747 529 1796 esset
550 1749 650 1785 curiis
664 1775 674 1792 ‚
701 1747 744 1785 ad
769 1748 942 1785 Senatum
963 1747 1141 1787 refereba-
1211 1746 1310 1784 causa
1329 1746 1578 1783 habeb-antur:
1607 1744 1674 1780 alia
1695 1743 1832 1779 curiata
1847 1770 1857 1786 ,
1885 1752 1970 1778 cum
1986 1753 2030 1779 ex
2042 1745 2235 1789 generibus

126 1807 196 1838 tur.
252 1805 321 1836 Lex
345 1808 467 1836 autem
493 1797 681 1835 tabellaria
696 1826 706 1843 ‚
732 1809 825 1847 quae
849 1798 887 1835 &
909 1795 1022 1842 Caffia
1045 1797 1139 1838 dicta
1211 1797 1379 1834 omnium
1405 1794 1611 1842 suffragium
1633 1792 1837 1836 ferebatur,
1864 1803 1957 1848 quae
1979 1803 2042 1841 per
2063 1793 2234 1836 lictorem

129 1848 197 1893 est,
254 1850 329 1887 uod
353 1849 488 1886 Cassius
511 1849 701 1896 Longinus
720 1849 812 1886 hanc
823 1847 928 1891 tulit,
958 1848 1000 1884 C.
1016 1847 1139 1888 Mario
1210 1847 1375 1885 curi-atim
1403 1845 1632 1883 vocabantur
1657 1856 1666 1880 ι
1705 1844 1772 1880 alia
1803 1853 2004 1880 centurrata
2029 1870 2041 1885 ‚
2077 1854 2162 1881 cum
2187 1858 2235 1886 ex

131 1899 201 1936 Cn.
261 1911 351 1937 acco
376 1897 473 1936 Coff.
496 1900 645 1936 cavebat
667 1910 743 1936 non
763 1909 855 1936 voce
881 1926 890 1942 ,
916 1897 976 1936 sed
997 1900 1138 1946 punClo
1211 1897 1318 1935 censu
1341 1898 1379 1935 &
1399 1904 1516 1936 aetate
1531 1924 1541 1940 ‚
1571 1907 1613 1933 ea
1634 1905 1698 1944 per
1721 1894 1947 1932 cornicinem
1987 1895 2113 1933 vocati
2141 1894 2234 1947 soles

131 1947 263 1987 debere
286 1948 362 1988 fieri
383 1948 566 1997 suffragia:
595 1960 687 1998 quae
711 1949 844 1997 antiqui
876 1958 953 1984 non
984 1949 1136 1998 scripto,
1209 1947 1303 1986 bant.
1332 1947 1437 1984 Haec
1461 1947 1609 1984 Gellius.
1636 1946 1790 1982 CATAN.

131 2006 172 2035 Ἦ
194 1997 314 2047 postea
333 2000 373 2054 in
394 1998 514 2056 cistam
539 1999 679 2037 tabellas
700 1999 774 2056 suas
787 1999 1020 2055 conjicientes
1035 2028 1045 2043 ‚
1061 2012 1135 2039 eas·
1257 2023 1281 2058 4
1307 2010 1524 2060 suffragiis.]
1553 2011 1650 2048 Viva
1669 2019 1766 2046 voce
1790 2010 1829 2047 &
1851 2008 2033 2048 sententiis
2043 2010 2162 2059 palam
2178 2012 2235 2049 di:

131 2058 205 2094 que
236 2047 413 2086 candidati
445 2060 501 2086 cui
534 2049 702 2105 {favebant
725 2047 912 2097 insculptas
932 2049 1048 2087 literas
1072 2051 1136 2089 ha-
1213 2059 1290 2099 ὣς,
1341 2062 1430 2099 Hoc
1465 2063 1563 2099 enim
1588 2062 1750 2110 primum
1774 2061 1810 2098 jn
1832 2059 1938 2098 usum
1963 2070 2113 2098 venerat
2133 2063 2232 2110 apud

129 2095 254 2134 bk‘mes
270 2125 280 2141 ‚
307 2097 365 2136 sed
386 2098 521 2155 plmsto
538 2111 575 2137 111
606 2099 771 2137 tabellam
805 2099 905 2155 fasto
937 2101 1133 2140 notabant:
1212 2110 1429 2156 Romanos,
1458 2121 1499 2149 ut
1523 2114 1560 2150 in
1584 2111 1769 2149 creatione
1792 2110 2062 2158 magistratuum
2088 2111 2232 2151 senten·

130 2148 233 2203 quod
256 2148 310 2186 M.
331 2149 474 2188 Tullius
495 2160 562 2198 pro
583 2149 717 2205 Planco
740 2149 893 2206 ostend1t
916 2177 927 2194 ‚
954 2152 992 2188 δί
1014 2151 1137 2210 Hora·-
1211 2161 1281 2200 tiae
1305 2162 1483 2200 ferrentur
1505 2164 1639 2200 viritim
1656 2190 1666 2206 ,
1694 2160 1821 2200 eadem
1847 2163 1902 2205 vi,
1931 2161 2142 2209 eodemque
2147 2164 2230 2211 jure

127 2201 194 2233 tius
222 2210 261 2254 in
280 2207 353 2237 arte
376 2213 384 2237 :
412 2199 626 2256 Omnejulu
640 2202 807 2256 punetum
821 2228 832 2244 ‚
857 2199 894 2238 id
916 2199 964 2237 est
978 2228 988 2245 ,
1017 2213 1138 2258 omni·
1208 2213 1414 2259 promiscue
1437 2214 1481 2251 ab
1502 2213 1673 2250 omnibus
1696 2223 1716 2248 a
1739 2212 1868 2250 Servio
1890 2222 1975 2258 rege
1997 2210 2118 2259 postea
2148 2223 2229 2259 gra..

126 2256 190 2282 ”¹¹¹
223 2249 377 2288 tribuum
404 2249 608 2308 sUffsaglum
639 2251 771 2288 habuit.
811 2250 878 2287 CA
894 2264 916 2288 T
932 2263 1002 2287 ΑΝ·
1018 2302 1023 2307 ,
1039 2252 1137 2308 Vlde
1207 2260 1271 2300 dus
1294 2262 1401 2308 faeti,
1427 2272 1467 2301 ut
1489 2275 1610 2312 neque
1644 2262 1806 2299 exclusus
1837 2261 2027 2308 quisquam
2058 2259 2228 2308 suffragio

127 2296 242 2334 Cicer.
279 2299 345 2336 111.
379 2301 423 2339 de
453 2300 578 2357 Legib.
612 2312 685 2350 cap.
719 2300 805 2338 XV.
828 2302 865 2339 &
889 2301 994 2338 XVI.
1015 2301 1138 2351 ibique
1209 2311 1415 2357 videretur,
1444 2315 1481 2350 ὃς
1503 2315 1556 2350 vis
1579 2313 1699 2351 omnis
1720 2322 1832 2360 penes
1864 2311 2042 2357 primores
2075 2310 2228 2350 civitatis

126 2344 345 2405 Turnebum
369 2353 407 2389 &
428 2350 629 2389 Davisium.
1209 2360 1304 2399 efset.
1334 2362 1345 2398 1
1365 2376 1388 2399 n
1402 2375 1422 2399 F.
1438 2376 1478 2400 M.
1505 2365 1613 2410 Quae
1635 2363 1693 2398 liic
1725 2361 1927 2396 Catanaeus
1956 2366 2060 2395 notat
2078 2386 2088 2401 ,
2113 2360 2228 2400 aliena

144 2446 150 2451 ,
177 2408 196 2432 2-
227 2405 296 2436 Hoc
317 2401 408 2459 ιάενζι
424 2412 530 2457 ,Ισα
588 2402 720 2457 Malim
745 2430 756 2447 ‚
780 2402 884 2451 quod
908 2402 954 2439 est
976 2403 1013 2439 in
1035 2402 1135 2440 Pala-
1208 2409 1294 2448 sunt.
1351 2413 1481 2459 Agitur
1502 2413 1560 2449 hic
1583 2411 1628 2448 de
1649 2409 1818 2456 suffragiis
1841 2409 2046 2446 senatorum
2069 2410 2107 2446 in
2129 2410 2228 2450 sena-

125 2452 228 2492 ῒῐΠΟ,
257 2451 526 2505 &1cx01etised
556 2451 763 2496 .h0c1dem‚
790 2462 906 2500 utopt.
943 2452 1133 2489 GRU'rF-R-
1209 2467 1257 2497 tu.
1313 2462 1442 2510 Itaque
1461 2462 1618 2510 sequitur
1640 2471 1751 2496 mox:
1782 2459 1963 2496 Audiebat
1976 2460 2122 2507 senatus
2137 2474 2226 2509 gra-

123 2494 167 2533 Jn
201 2498 323 2538 nostris
358 2504 467 2539 etiam
502 2502 607 2540 MSS.
639 2501 716 2540 est:
755 2500 812 2538 hoc
835 2501 959 2544 idem,
987 2513 1026 2538 ut
1050 2504 1134 2550 opti-

123 2559 220 2584 mum
236 2577 246 2593 ,
273 2552 470 2599 quomodo
491 2555 527 2591 ὅ(
542 2552 736 2600 Gryphius.
764 2551 857 2589 Alii:
888 2554 946 2588 hoc
959 2550 1107 2600 quidem
1121 2581 1131 2597 ,

125 2607 165 2634 ut
179 2601 360 2647 optimum.
417 2608 486 2638 Hoc
509 2604 599 2639 idem
624 2601 790 2651 frequens
814 2601 861 2640 est
884 2602 1010 2639 Tullio
1026 2630 1035 2646 ,
1062 2603 1136 2650 pla-

127 2649 197 2686 cuit
217 2652 256 2689 &
276 2651 392 2690 Plinio
416 2654 569 2696 maiori,
595 2653 683 2689 item
708 2653 834 2699 Crispo
858 2654 938 2690 Cat.
958 2663 1031 2700 cap.
1067 2652 1133 2691 LI.

128 2705 162 2735 n.
182 2709 212 2744 7.
265 2701 351 2738 Hoc
376 2702 474 2740 idem
498 2703 596 2739 vobis
615 2703 874 2749 providendum
905 2702 949 2748 est
974 2730 983 2746 ,
1023 2709 1061 2739 P.
1089 2709 1131 2741 C.

129 2736 235 2830 Sulpi-a
258 2751 469 2792 Mediceus:
497 2753 534 2791 in
548 2753 692 2803 senatus
707 2752 782 2801 fine
802 2766 835 2790 u.
853 2754 887 2790 d.
910 2754 1038 2790 Oxon.
1056 2752 1132 2803 fine

133 2793 168 2829 Νι
181 2810 203 2833 a
222 2801 416 2852 defensione.

151 2896 153 2898 Ι
185 2856 204 2893 3
229 2854 382 2892 Comitum
394 2868 452 2890 um
486 2854 547 2892 die.
573 2853 588 2902 ]
630 2857 719 2902 Quo
756 2854 813 2891 die
835 2855 990 2903 populus
1013 2854 1132 2893 coibat

136 2892 181 2948 ²5¹
201 2904 362 2952 creandos
384 2903 624 2953 magistratus:
653 2905 737 2943 inde
759 2905 956 2943 comitiales
970 2906 1043 2942 dies
1056 2906 1133 2944 sunt

140 2940 246 2998 (3¹3¹,
269 2954 390 3008 quibus
411 2967 493 2992 cum
520 2956 659 3005 populo
680 2957 736 3004 agi
768 2954 903 2992 licebat.
956 2955 1137 2994 Nundinis

142 3002 238 3031 cmm
259 3003 386 3040 comitia
406 3005 525 3043 haberi
546 3017 619 3044 non
643 3014 833 3055 poterant,
862 3017 982 3055 neque
993 3006 1136 3044 mundo

140 3050 294 3091 patente.
319 3050 484 3105 Solebam
504 3063 628 3096 autem
649 3057 820 3107 auspicari
844 3057 888 3096 cle
902 3056 1025 3097 mense
1038 3058 1140 3096 Mar-

1209 2512 1326 2547 vitate
1350 2511 1542 2559 senatoria.
1579 2511 1797 2547 scuram.
1829 2509 2005 2557 Imposuit
2032 2510 2126 2548 forte
2152 2512 2223 2550 Ca-

1207 2569 1338 2598 tanaeo
1351 2561 1571 2599 vocabulum
1583 2559 1794 2597 comitiorum
1807 2587 1818 2603 ,
1844 2570 1914 2596 nec
1930 2560 2100 2598 meminit
2114 2590 2125 2605 ,
2151 2564 2224 2611 pri-

1210 2610 1293 2648 dem
1318 2611 1459 2648 comitia
1481 2626 1498 2648 e
1518 2621 1633 2661 campo
1652 2610 1877 2658 adsenatum
1902 2611 2079 2657 translata
2095 2611 2220 2657 suase,

1207 2671 1246 2698 ut
1270 2662 1429 2710 loquitur
1454 2661 1603 2699 Tacitus
1628 2660 1708 2698 Lib.
1735 2659 1762 2697 1.
1785 2661 1918 2698 Anual.
1940 2671 2017 2709 cap.
2040 2660 2126 2697 XV.
2161 2664 2220 2703 ubi

1207 2711 1313 2759 Lipsii
1336 2711 1535 2754 Excursum
1557 2713 1662 2760 legas.

1257 2787 1272 2820 ς
1304 2779 1396 2810 Cum
1417 2774 1491 2823 suis
1524 2772 1736 2810 candidatis.
1760 2773 1776 2822 ]
1808 2773 1910 2820 Lege
1932 2772 2039 2811 Fabia
2061 2788 2081 2813 a
2105 2775 2217 2814 Fabio

1202 2822 1271 2860 lata
1293 2821 1430 2872 adjecta
1454 2824 1501 2862 est
1524 2835 1643 2872 poena
1666 2823 1754 2865 illis,
1781 2824 1842 2871 qui
1866 2833 1942 2860 non
1964 2835 2065 2862 certo
2087 2838 2218 2863 nurne-

1206 2885 1268 2917 ro,
1296 2885 1334 2910 ut
1357 2883 1441 2911 ante
1465 2873 1606 2912 fuerant
1630 2871 1790 2916 definiti,
1818 2872 2038 2912 deducerent
2059 2876 2218 2914 &secra-

1208 2933 1329 2961 rcntur
1352 2928 1387 2962 in
1423 2926 1571 2965 comitia
1603 2923 1824 2961 candidatos.
1861 2922 2015 2960 CATAN.
2062 2927 2121 2964 De
2143 2928 2217 2965 hoc

1211 2986 1314 3012 more
1337 2973 1545 3013 candidatos
1568 2972 1794 3023 producendi
1816 3000 1827 3019 ,
1862 2973 1946 3012 vide
1973 2975 2137 3026 Lipsium
2171 2976 2218 3015 ad

1209 3025 1332 3065 Scncc.
1355 3025 1400 3067 de
1422 3024 1589 3075 Tranqu.
1612 3036 1688 3074 cap.
1710 3023 1776 3075 111.

1534 3103 1573 3153 H
1599 3102 1626 3154 ὴ
2072 3105 2091 3154 41
2122 3102 2220 3147 Max:
