2616 3686
481 181 824 246 LtnER
892 168 1678 239 V111.E1³1s‘roLA
1747 191 1811 241 V.
2118 204 2205 261 561

98 284 126 308 ¹·
147 265 370 345 perinde
394 262 621 334 carptim
643 297 658 324 ,
692 272 750 314 ut
781 274 1040 315 contexta
1060 295 1075 320 ‚
1116 258 1344 329 perinde
1364 259 1616 315 inchoata
1645 262 1883 330 placere,
1923 278 1983 318 ut
2013 264 2218 327 effecia,

98 347 239 403 Scio,
303 339 488 409 Itaque
527 334 581 389 &
609 352 638 388 a
667 350 754 388 me
778 331 1192 388 aestimabuntur
1223 347 1284 388 ut
1317 348 1539 403 coepta:
1566 333 1939 406 speeiabuntur
1962 351 2022 390 ut
2049 356 2212 394 mem-

96 421 214 481 bra,
247 425 657 483 extremamque
679 408 859 463 limam
898 421 1042 462 tuam
1086 409 1402 478 operientur
1425 408 1479 462 in
1515 408 1711 464 scrinio
1744 407 1947 465 nostre.
2024 411 2218 468 Patere
2266 430 2271 433 *

93 495 200 550 hoe
228 506 316 544 me
339 488 495 559 super
534 497 716 540 cetera
741 481 939 539 habere
962 483 1155 537 amoris
1180 484 1258 536 tui
1282 484 1472 555 pignus
1494 521 1512 546 ,
1565 494 1625 538 ut
1651 502 1710 538 ea
1734 502 1959 559 quoque
1991 489 2169 542 norim
2196 528 2218 550 ,

93 583 232 642 quae
268 562 414 619 noffe
447 561 719 616 neminem
758 558 935 613 velles,
1020 555 1078 611 In
1119 557 1324 612 summa
1352 600 1366 619 ‚
1406 572 1602 630 potero
1640 558 1856 616 fortasse
1894 560 2088 630 scripta
2129 569 2260 616 tuag

92 644 259 714 magis
278 637 537 712 probare,
579 633 792 703 laudare
817 671 834 697 ‚
874 645 1082 704 quanto
1104 633 1188 687 illa
1217 632 1418 688 tardius
1451 636 1764 708 cautiusque
1791 654 1803 690 ε
1859 634 1947 688 sed
1971 634 2141 706 ipsum
2167 649 2223 691 te

94 720 259 789 magis
284 711 502 776 amabo,
541 717 560 743 ²
582 709 857 783 magisque
879 706 1136 773 laudab0‚
1162 720 1369 782 quanto
1391 710 1616 766 celerius
1638 709 1693 765 δε
1718 710 1983 766 incautius
2007 710 2222 767 miseris„

96 792 236 853 Vale.
1437 798 1442 802 '

337 933 409 993 V.
484 930 551 991 C.
625 930 1582 990 PL1N108³GEM1N0
1659 933 1837 992 Suo
1913 934 1965 992 S.

94 1088 257 1148 ‘Dolet
281 1083 415 1165 apud
437 1084 759 1148 Geminium,
797 1081 1105 1160 Macrinum
1121 1085 1242 1156 angi
1271 1073 1329 1137 de
1353 1080 1488 1136 obitu
1512 1087 1687 1139 uxoris
1714 1108 1730 1140 .·
1756 1101 1908 1161 quam
1933 1085 2064 1150 omni
2083 1083 2228 1142 laude

837 1156 1171 1234 digmffimam
1187 1157 1465 1236 praedicat.

95 1323 116 1387 ᾗ*
303 1312 453 1369 Rave
477 1310 667 1366 vulnus
690 1309 969 1364 Macrinus
995 1308 1172 1366 noster
1196 1312 1420 1382 accepit.
1474 1309 1667 1366 Amifit
1691 1327 1921 1366 uxorem
1950 1308 2220 1381 singularis

303 1386 570 1459 exempli,
613 1383 852 1440 ⁵etiams1
878 1386 1007 1439 olim
1035 1385 1223 1442 fuifl'et.
1291 1384 1444 1442 Vixit
1480 1404 1604 1442 cum
1645 1386 1743 1442 hae
1777 1387 1993 1458 triginta
2016 1396 2221 1443 novem

94 1538 194 1585 supra
220 1547 286 1584 pro
314 1547 357 1576 <9-
384 1535 486 1573 rudia
513 1532 672 1571 Barthius
700 1531 854 1586 malebat
878 1557 889 1575 ,
928 1543 970 1571 cy
992 1533 1124 1578 cruda,
1198 1533 1287 1572 Hoc
1309 1533 1456 1583 carptim
1480 1533 1664 1585 eleganter
1687 1545 1778 1574 mox
1800 1544 1862 1585 per
1881 1533 2039 1572 membra
2062 1535 2229 1586 expreffit

93 1587 188 1627 libris
215 1587 382 1624 omnibus
404 1585 531 1623 invitis.
559 1583 634 1629 Qui
659 1584 890 1630 cogitaverit,
920 1593 1029 1631 quam
1054 1584 1125 1621 sae-
1201 1584 1393 1623 CouTfi.

124 1649 144 1675 e
164 1637 347 1675 Secundus
363 1636 469 1687 polire
490 1665 500 1679 ,
538 1633 681 1683 expolire
700 1661 709 1677 ‚
749 1632 871 1670 limare
890 1630 935 1670 de
956 1633 1046 1671 libris
1066 1634 1127 1672 ad·
1162 1661 1164 1664 -
1255 1648 1290 1673 2.
1322 1636 1513 1685 Magisque
1533 1634 1722 1685 laudam]
1751 1635 1806 1675 Sic
1823 1636 2058 1675 membranae
2071 1664 2082 1681 ,
2107 1635 2235 1686 &plef

97 1650 214 1728 {jubeat
238 1715 249 1732 ‚
284 1700 331 1726 eo
371 1687 482 1735 magis
517 1684 755 1723 novationem
800 1682 896 1720 illam
935 1682 1127 1725 damnabit.
1161 1669 1166 1723 l
1196 1687 1298 1735 rique
1319 1686 1485 1735 impressi.
1511 1687 1625 1725 Aldus
1649 1686 1830 1734 copulam
1855 1687 2022 1735 neglexit.

99 1738 254 1778 Ovidius
272 1738 299 1776 I.
327 1737 434 1776 Triit.
461 1736 561 1785 Eleg.
587 1735 672 1774 Vll.
698 1745 749 1773 vs.
769 1744 830 1772 22..
1252 1748 1287 1786 3.
1312 1741 1438 1774 GEM
1455 1742 1594 1774 INIO
1623 1736 1768 1789 SUO.]
1799 1737 1989 1776 Mediceus
2006 1738 2235 1777 Geminosuo.

1198 1786 1294 1825 Vide
1315 1785 1359 1825 ad
1391 1787 1468 1825 Lib.
1494 1787 1580 1824 VH.
1608 1786 1715 1835 Epist.
1740 1789 1764 1825 l.

151 1840 210 1878 Vel
231 1840 320 1890 quod
343 1836 458 1875 adhuc
478 1837 619 1888 crescens
632 1863 643 1881 ,
672 1836 710 1875 &
725 1834 811 1875 rude
830 1845 977 1876 carmen
993 1847 1082 1876 erat.
1250 1847 1284 1882 4.
1311 1842 1433 1876 Grave
1451 1836 1619 1886 melmun]
1649 1838 1705 1877 Sic
1726 1838 1925 1889 loquuntur
1944 1839 1989 1877 de
2012 1840 2234 1878 moerore&

1197 1885 1308 1926 lustu.
1334 1887 1378 1926 C.
1406 1888 1533 1936 Nepos
1564 1888 1680 1928 Dion.
1716 1900 1793 1937 cap.
1812 1890 1879 1928 Vi.
1916 1891 2051 1939 accepit
2076 1890 2234 1938 graviffi-

104 1939 163 1979 Sic
184 1939 269 1976 rude
285 1947 361 1987 opus
383 1938 419 1974 &
439 1937 535 1985 plura
558 1938 653 1985 apud
672 1939 841 1979 eumdem
865 1941 903 1978 ὃς
926 1938 1025 1978 alios.
1062 1939 1127 1979 Al·
1198 1949 1303 1976 mum
1327 1947 1448 1978 parens
1472 1940 1600 1978 vulnus
1622 1949 1730 1977 morte
1741 1940 1820 1988 filii.
1848 1939 1931 1979 vide
1949 1941 1996 1979 ibi
2016 1941 2135 1979 Savar.
2145 1950 2226 1988 pag.

103 1990 167 2029 dus
190 1989 336 2028 vitiose:
366 1989 511 2027 recentia
525 2017 535 2031 ,
563 1988 588 2026 fi
610 1989 712 2026 rudia
726 2017 736 2033 ,
763 1990 787 2028 fi
809 1991 924 2029 adhuc
934 1992 967 2040 s.
987 2003 1022 2026 n.
1203 1988 1288 2038 398.
1316 1988 1344 2026 B
1359 2002 1378 2025 Λ
1395 2003 1419 2028 ιι
1438 2002 1511 2027 rit.
1537 1991 1618 2029 Alia
1638 1991 1747 2028 etiam
1777 1990 1988 2030 Gebhardus
2009 1991 2056 2030 ibi
2076 1991 2231 2039 collegit.

163 2052 194 2078 1.
221 2040 362 2078 Perinde
381 2040 525 2088 carptim
541 2050 600 2082 ‚ut
618 2041 813 2093 contexta.]
847 2044 975 2090 Lego:
998 2049 1130 2089 carpta.
1200 2038 1307 2077 Adde
1327 2040 1426 2090 supra
1457 2040 1533 2080 Lib.
1555 2040 1600 2079 ΙΙ.
1629 2040 1734 2090 Epist.
1753 2042 1839 2081 Vll.
1868 2055 1904 2082 n.
1926 2053 1959 2094 3.
1988 2040 2045 2081 Sic
2074 2041 2236 2081 Valerius

106 2090 134 2129 B
151 2105 168 2127 A
184 2104 205 2128 R
224 2102 297 2128 τΗ.
349 2090 397 2126 At
420 2089 490 2129 hoc
511 2090 662 2128 insolens
689 2092 726 2130 ὅ(
753 2091 975 2137 inauditum,
1003 2103 1049 2130 ne
1077 2090 1130 2131 di-
1200 2088 1349 2129 Flaccus
1376 2091 1457 2131 Lib.
1479 2091 1506 2131 Ι.
1534 2103 1587 2130 vs.
1608 2102 1698 2143 723.

104 2153 183 2181 cam
205 2150 327 2179 contra
355 2139 471 2179 libros.
524 2140 593 2179 Sed
629 2152 690 2179 cur
727 2154 774 2180 eo
801 2143 978 2193 prolapsus
1005 2141 1053 2179 est
1076 2142 1130 2181 vir

104 2191 232 2231 doetus
253 2190 267 2228 ?
304 2197 420 2239 carpta
440 2192 478 2230 &
500 2202 658 2230 contexta
677 2193 890 2242 respondere
910 2193 969 2231 fibi
989 2192 1131 2232 debent.

1422 2200 1511 2233 Sunt
1531 2192 1586 2232 hic
1605 2194 1709 2232 etiaem
1731 2204 1793 2233 tua
1813 2198 1959 2235 vulnera
1972 2224 1983 2242 ‚
2005 2195 2130 2245 praedo
2141 2220 2154 2239 ,

103 2241 158 2280 lta
184 2254 319 2290 nempe
357 2241 688 2280 Grammaticorum
728 2245 852 2295 vulgus
885 2244 987 2291 jubet
1004 2270 1014 2286 ‚
1053 2255 1131 2281 non
1285 2249 1372 2284 Sunt
1400 2244 1587 2290 lacrimae,
1615 2257 1779 2295 carusque
1799 2255 1933 2297 parens.

103 2293 301 2334 Latinitatis
322 2291 496 2331 nudiores.
546 2291 673 2330 Sallust.
693 2292 770 2341 Jug.
798 2305 873 2342 cap.
894 2295 944 2334 V.
967 2306 1003 2333 n.
1023 2305 1056 2334 Δ.
1076 2307 1132 2332 cu-

105 2345 160 2394 jus
180 2345 216 2383 in
239 2343 367 2389 Africa
390 2353 563 2390 magnum
591 2354 693 2393 atque
713 2344 781 2383 late
806 2344 982 2393 imperium
1001 2344 1132 2385 valuit.
1259 2360 1292 2397 ς.
1322 2345 1470 2396 Etiamsi
1486 2345 1567 2383 olim
1575 2345 1731 2395 suffia]
1763 2346 1879 2388 Olim,
1907 2345 1941 2383 id
1965 2344 2012 2384 est
2037 2373 2048 2390 ,
2083 2345 2236 2394 antiquis

109 2394 169 2432 ubi
194 2394 286 2433 vide.
309 2404 392 2429 nam
415 2394 451 2431 ὃς
475 2393 541 2431 illic
562 2392 740 2431 fecerant:
771 2407 936 2443 magnum
956 2406 1060 2445 atque
1079 2395 1133 2432 la-
1205 2396 1338 2437 seculis.
1390 2397 1488 2434 Cum
1519 2396 1635 2441 majus
1663 2407 1706 2434 ac
1736 2398 1989 2436 vehementius
2009 2396 2145 2435 virtutis
2164 2396 2236 2434 ssu-

107 2456 195 2485 tum.
223 2444 314 2483 adde
334 2443 377 2481 ad
401 2444 454 2492 Ej.
482 2443 562 2481 Cat.
582 2454 656 2491 cap.
681 2443 779 2482 LIX.
805 2458 840 2483 n.
863 2457 894 2482 2.
925 2445 984 2483 ubi
998 2444 1129 2496 sinister
1166 2470 1169 2490 ,
1205 2448 1307 2486 dium
1330 2447 1408 2485 fuit.
1465 2444 1584 2494 Futffet
1605 2473 1616 2489 ‚
1645 2446 1718 2484 hoc
1737 2447 1785 2484 est
1808 2475 1818 2489 ‚
1856 2446 2008 2486 vixiffet.
2064 2448 2113 2484 lta
2135 2448 2235 2489 enim

110 2496 147 2534 δε
174 2495 219 2533 ab
248 2496 375 2535 dextra
402 2492 557 2532 similiter
599 2494 802 2541 iunguntur.
855 2494 989 2534 Seneca
1027 2495 1133 2543 Epist.
1165 2496 1169 2540 l
1206 2499 1309 2546 saepe
1329 2497 1401 2536 hoc
1420 2496 1569 2533 verbum
1590 2498 1750 2545 ponitur.
1776 2497 1908 2536 Cicero
1928 2498 1956 2536 Ι.
1991 2497 2138 2535 Tuscul.
2158 2509 2234 2546 cap.

109 2545 244 2585 CXXI.
282 2544 471 2601 'Qidqm'd
499 2556 628 2582 nutura
666 2545 777 2583 tradit
800 2573 810 2588 ,
847 2546 884 2582 δὲ
908 2547 1069 2597 Δ’ἀεξηυῆῖεὲ
1094 2547 1135 2584 εἳ
1166 2551 1169 2580 ἱ
1206 2548 1312 2587 XVI.
1339 2548 1422 2586 fuit
1442 2546 1531 2584 enim
1555 2559 1625 2584 meo
1650 2558 1814 2597 regnante
1833 2550 1975 2588 Gentili.
2025 2548 2120 2592 Pro,
2149 2549 2237 2586 vixit

110 2596 284 2637 omnibus,
313 2594 493 2636 (filatim.
520 2594 713 2642 quomodo
726 2595 931 2643 auetoriple
957 2597 1035 2634 Lib.
1051 2596 1136 2636 Vll.
1206 2599 1319 2638 Tullii
1340 2598 1446 2646 Regis
1466 2604 1646 2644 tempore.
1702 2598 1814 2636 Hunc
1843 2601 1940 2637 enim
1959 2598 2119 2648 gentilem
2131 2599 2237 2647 suum

111 2645 219 2697 Epist.
237 2646 318 2685 XX.
345 2657 368 2684 n
403 2647 438 2683 ό.
472 2645 599 2683 cadem
621 2647 731 2694 legata
753 2675 763 2689 ,
793 2658 834 2687 <y
853 2646 989 2690 qzsidem
1010 2647 1137 2690 pariter
1204 2650 1355 2698 appellat
1386 2661 1393 2686 :
1424 2647 1552 2684 Sermo
1573 2656 1697 2686 autem
1720 2648 1765 2687 de
1788 2649 1998 2699 Pherecyde
2020 2649 2238 2698 philosopho

108 2698 292 2748 aceefimus.
348 2697 427 2735 Nec
451 2695 557 2734 video
580 2724 590 2738 ‚
620 2707 664 2734 an
686 2692 962 2745 τερτεὶιεηῖῑοηω
986 2696 1136 2745 dignum
1206 2699 1267 2740 est.
1320 2697 1530 2739 Prudentius
1547 2696 1698 2738 Praefat.
1726 2704 1850 2744 mew-

113 2746 177 2793 fit,
202 2747 302 2798 quocl
320 2746 448 2797 legitur
476 2746 570 2793 apud
603 2746 777 2785 eumdem
821 2748 945 2786 Senec.
989 2749 1065 2785 Lib.
1087 2748 1137 2787 ΙΙ.

112 2796 198 2837 Nat.
227 2799 301 2846 Qu.
334 2808 412 2845 cap.
440 2797 541 2836 Xlll.
579 2799 661 2846 quia
689 2806 808 2836 totum
830 2797 930 2846 potes?
955 2800 1134 2844 excidere,
1338 2802 1407 2839 Per
1434 2799 1665 2850 quinquennia
1688 2801 1768 2847 jam
1795 2802 1930 2846 decem,

117 2849 205 2903 quod
220 2847 313 2896 potest
334 2848 479 2895 carptim
495 2876 506 2892 ,
533 2848 594 2887 nisi
613 2848 704 2888 libris
715 2848 813 2889 aliter
825 2847 1017 2900 placuiffet.
1044 2849 1121 2889 Boe
1338 2851 1386 2888 Ni
1405 2849 1543 2897 fallor,
1566 2852 1726 2893 suimus.-
1751 2852 1916 2903 septimus
1941 2852 2076 2902 insuper

120 2906 186 2936 uus
213 2897 291 2938 Lib.
313 2899 360 2938 V.
387 2899 499 2939 Mctr.
520 2898 584 2938 111.
617 2911 667 2938 vs.
685 2912 718 2946 4.
1343 2904 1496 2938 Annum
1524 2901 1626 2939 cardo
1653 2914 1758 2941 rotat.

219 3001 287 3039 Ut,
311 3010 394 3047 quae
409 3001 555 3050 carptim
568 3000 706 3051 fingula
728 3002 902 3051 constant,
1211 3002 1239 3042 B
1253 3015 1274 3041 u
1291 3015 1312 3040 c
1327 3014 1351 3040 ri
1365 3014 1391 3040 Ν
1405 3013 1424 3040 ε
1440 3017 1479 3041 n.
1533 3003 1618 3041 Dixi
1641 3002 1686 3041 ad
1707 3003 1782 3042 Cic.
1809 3004 1991 3043 Lib.VIl.
2012 3005 2111 3043 Fam.
2134 3001 2243 3052 Epist.

227 3048 355 3087 Eadem
381 3051 488 3090 nolint
513 3053 626 3093 mixta
643 3054 773 3104 jugari.
1212 3054 1333 3095 XXX.
1358 3065 1396 3094 n.
1424 3064 1460 3102 7.
1496 3054 1634 3094 Acilius
1657 3055 1814 3094 maximo
1844 3069 1915 3109 meo
1947 3056 2097 3107 beneficio
2118 3054 2165 3092 est
2180 3080 2190 3097 2
2216 3054 2242 3089 i·

1646 3104 1770 3144 Bbbb
2129 3103 2214 3142 vivit
2228 3128 2240 3146 ,
