2616 3686
301 200 397 252 37²

535 183 598 234 C.
664 183 1054 236 PLINII
1121 183 1633 235 CAECIILI
1701 187 2225 240 SECUNDI

226 272 259 334 '4
309 260 517 316 Melius
550 259 756 333 quidem
793 259 1137 318 Nominatum
1156 263 1319 334 fuiffe
1347 264 1630 333 faHurum
1660 302 1677 328 ,
1725 265 1788 330 st
1813 267 2020 336 causam
2053 266 2451 328 Vicentinorum

310 333 480 390 eodem
521 336 726 399 animo,
760 351 856 408 quo
880 336 1216 407 susceperat,
1271 337 1282 357 ¹
1304 336 1649 407 pertuliffet3
1703 338 1830 411 quia
1866 353 2039 393 tamen
2079 339 2134 393 in
2173 338 2264 395 hoc
2291 361 2456 415 genus

311 408 491 478 culpae
527 424 623 460 non
644 407 848 478 fraude
889 409 1145 478 incidiffet
1169 449 1184 473 ‚
1233 410 1471 480 nihilque
1509 409 1720 482 dignum
1744 411 2184 480 animadverfione
2212 415 2457 484 admtfiffir

315 482 515 533 convin.
533 492 748 543 eretur,
785 481 1146 543 liberandum,
1187 486 1202 504 ²
1227 485 1338 545 ita,
1377 494 1437 535 ut
1463 481 1517 536 V
1518 484 1791 547 icentt'nis,
1831 483 1970 557 quod
1999 496 2317 557 acceperat‚'
2341 490 2459 543 red..

230 561 263 610 5
315 551 480 607 deret.
559 551 900 608 Assenserunt
930 573 1149 616 omnm,
1183 555 1195 580 ³
1230 569 1441 625 praeter
1470 554 1709 611 Flavium
1742 561 1969 628 Aprum.
2047 557 2091 611 Is
2134 559 2462 616 interdicen-

314 626 447 680 dum
478 626 527 679 ei
557 625 1002 680 advocationibus
1030 628 1083 680 in
1112 626 1543 697 quinquennium
1570 630 1802 684 censuit:
1832 631 1884 682 ἃ
1914 631 2157 702 quamvis
2181 634 2459 689 neminem

311 698 628 752 auctoritate
666 696 900 751 traxisset
925 737 940 759 ,
984 698 1286 751 constanter
1325 699 1378 751 in
1415 698 1671 755 sententia
1699 702 1910 756 mansit:
1949 704 2077 773 quin
2116 704 2275 757 etiam
2315 705 2463 762 Dex-

316 784 494 831 trum,
532 772 628 840 qui
665 773 865 839 primus
905 770 1174 824 diversum
1213 769 1493 824 censuerat
1520 811 1536 834 ‚
1582 776 1600 801 ⁴
1639 775 1843 845 prolata
1880 775 1999 845 lege
2039 775 2108 828 de
2147 775 2340 832 Senatu
2369 777 2463 834 ha-

236 850 272 891 6
322 841 535 903 bend0‚
565 858 741 910 jurare
782 844 964 924 coegit
1002 859 1030 895 e
1073 844 1210 913 Rep.
1257 841 1394 905 effe,

1432 845 1583 913 quod
1607 846 1903 900 censuiffet.
1978 847 2115 909 Cui,
2156 866 2467 922 quanquam

317 915 588 982 legitimae
639 914 981 984 postulationi
1011 954 1025 979 ,
1075 934 1100 967 a
1129 915 1449 983 quibusdam
1475 917 1823 970 reclamatum
1847 918 1936 971 est.
1963 919 2290 991 exprobrare
2319 925 2467 979 enirn

318 986 562 1041 censenti
599 990 611 1016 ⁵
650 987 1001 1043 ambitionem
1044 987 1346 1042 videbatur.
1420 986 1528 1044 Sed
1572 990 1878 1061 priusquam
1905 992 2193 1047 sententiae
2220 994 2468 1051 diceren-

312 1200 392 1242 latu
414 1202 479 1242 suo
498 1231 508 1248 ,
540 1203 722 1241 incertum
746 1202 804 1241 sua
828 1231 838 1247 ,
866 1215 912 1241 an
935 1202 1084 1242 suorum
1107 1215 1222 1242 manu
1248 1232 1258 1248 ,
1287 1202 1360 1242 sce·

315 1254 392 1293 lere
423 1266 469 1292 an
504 1254 680 1303 obsequio
715 1263 925 1304 peremptus
959 1255 1016 1293 est.
1051 1254 1087 1293 id
1129 1255 1232 1304 quod
1264 1256 1353 1294 Plin.

320 1305 404 1344 Lib.
440 1305 466 1342 1.
502 1304 618 1343 refert.
655 1308 693 1344 ὃ(
717 1307 922 1352 Spartianus
948 1307 1124 1344 Severum
1150 1307 1356 1356 Imperato-

320 1366 401 1395 rem
450 1357 531 1394 urbi
580 1354 788 1404 praefecisse
827 1357 1025 1394 Domitium
1068 1362 1252 1395 Dextrum
1279 1387 1288 1402 ,
1319 1360 1358 1396 &

319 1405 430 1455 Caffio
468 1413 605 1444 Dextro
637 1405 842 1455 rescripsisse
877 1408 1006 1446 divum
1042 1409 1160 1446 Pium.
1213 1410 1359 1457 Ulpiau.

321 1457 360 1494 ff.
386 1458 467 1495 XL.
501 1461 654 1496 Summa
680 1459 755 1495 futt.
787 1458 942 1496 CATAN.
970 1459 1226 1498 Veterrimus:
1246 1462 1363 1508 Afra-

321 1509 360 1545 ni
387 1510 518 1546 Dextri
535 1535 545 1551 ,
574 1518 613 1546 ut
638 1508 704 1546 Ed.
731 1510 816 1546 Vet.
841 1512 879 1548 &
902 1509 1073 1549 Aldinae.
1113 1511 1268 1557 Hehnst.
1301 1511 1364 1549 ab-

317 1558 458 1609 solutus
481 1559 524 1606 est
549 1560 691 1598 scientia
714 1558 886 1609 designati
911 1568 989 1599 Cos.

379 1623 392 1648 1
426 1609 634 1660 Pertultffet.
657 1610 663 1659 1
695 1611 899 1660 Explicabit
922 1621 1010 1650 nota
1032 1614 1076 1652 ad
1102 1614 1182 1653 Lib.
1204 1615 1231 1652 Ι.
1255 1615 1365 1665 Epist.

323 1660 469 1699 XXIII.
494 1670 584 1699 extr.
607 1663 755 1711 Persona
771 1662 924 1711 sapienti
949 1678 1027 1701 τινα
1047 1665 1099 1701 ita
1124 1667 1286 1715 aptanda
1297 1666 1366 1712 esl‘,

327 1724 369 1749 ut
394 1713 604 1761 perferatur.
646 1713 747 1750 Male
773 1714 902 1751 Oxon.
921 1714 1126 1764 protulisset.
1157 1718 1254 1755 Infra
1277 1729 1369 1755 con-

326 1763 470 1801 iiciebat
503 1764 557 1801 vir
593 1763 758 1801 doctus:
807 1763 844 1799 in
884 1764 944 1801 hoc
969 1779 1078 1814 genus
1112 1769 1217 1816 culpa
1241 1797 1251 1814 ,
1301 1781 1371 1806 non

318 1814 457 1860 fraude
477 1843 488 1860 ‚
526 1813 695 1863 incidisset
719 1843 729 1861 ‚
782 1822 908 1853 contra
935 1817 1044 1854 libros
1079 1818 1117 1854 ὃς
1153 1819 1372 1867 elegantiam

333 1864 453 1904 Plinii.

381 1928 402 1952 2
435 1923 491 1953 lta
519 1927 667 1960 tamen,
691 1927 732 1954 ut
749 1917 980 1967 vicentinis]
1011 1920 1068 1957 Sic
1081 1919 1255 1960 disertcin
1270 1921 1373 1960 Vett.

323 1964 429 2005 Edd.
460 1967 547 2005 illud
579 1978 703 2005 tamen
724 1969 819 2006 abest
844 1969 995 2017 vulgatis
1020 1998 1030 2015 ,
1060 1978 1100 2008 ut
1123 1974 1161 2010 &
1184 1973 1372 2017 Palatino,

332 2019 398 2064 qui
419 2030 467 2056 ne
492 2019 643 2067 sequens
667 2019 818 2068 quidem
843 2032 882 2057 ut
905 2022 1088 2068 agnoscit:
1119 2023 1217 2061 unde
1238 2023 1301 2068 fit,
1335 2033 1375 2062 ut

331 2066 485 2116 suspicer
518 2069 689 2117 scriptum
723 2071 827 2108 initio
861 2070 1088 2110 liberandam
1122 2091 1131 2110 .·
1184 2076 1374 2113 Vicentinis

361 2119 430 2155 uod
461 2130 506 2158 O·
528 2148 538 2163 ‚
578 2121 723 2157 excluso
754 2122 874 2159 adhuc
909 2123 969 2159 illo
989 2124 1053 2160 ita.
1078 2123 1142 2162 nist
1167 2125 1261 2164 forte
1288 2128 1376 2171 fuit,

335 2131 565 2207 Zberandum
581 2198 591 2213 ,
620 2171 706 2207 dum
744 2173 934 2210 vicentinis
967 2176 1060 2221 qnod
1083 2187 1157 2213 σε.
1179 2175 1290 2225 idque
1315 2189 1377 2215 ve-

334 2218 531 2259 rosimilius
554 2220 707 2259 videtur.
738 2223 931 2261 GRUTER.
964 2225 1111 2263 Gruteri
1139 2228 1375 2266 coniecturae

339 2269 443 2308 favet
466 2271 754 2320 quodammodo
780 2274 933 2312 Helmst.
947 2277 983 2311 in
995 2287 1094 2325 quo:
1124 2276 1273 2314 liberam
1289 2279 1377 2317 dum

337 2320 394 2359 ita
433 2323 621 2360 Vicentinis
653 2332 722 2360 cet.
751 2325 880 2362 Oxon.
912 2325 1056 2363 liberari
1079 2328 1166 2364 dum
1188 2329 1252 2365 ita.
1310 2330 1380 2368 Sed

341 2372 537 2416 Medice'us
564 2387 571 2410 :
611 2372 840 2412 liberandum
863 2405 873 2421 ,
914 2377 969 2414 ica
993 2405 1004 2422 ,
1031 2389 1071 2414 ut
1099 2380 1289 2418 Vicentinis
1313 2390 1380 2419 cet.

343 2431 456 2472 atque
478 2425 551 2462 hoc
577 2425 613 2461 in
635 2433 779 2463 textum
805 2428 937 2475 recepi.

395 2486 414 2524 3
449 2481 602 2514 Praeter·
628 2476 794 2514 Flavium
829 2478 1022 2528 Aprumi]
1066 2479 1207 2519 Flavios
1244 2483 1381 2522 multos

342 2527 514 2563 nominat
539 2527 701 2564 Tacitus.
730 2529 824 2575 Apri
847 2532 1074 2577 grammatici
1100 2532 1285 2571 Antonini
1298 2536 1383 2573 Phi-

343 2576 488 2625 Iosophi
510 2579 653 2615 mentio
676 2577 715 2616 fit
739 2592 800 2628 per
823 2581 967 2626 Juliuin
993 2582 1221 2630 Capitolium
1246 2598 1253 2621 :
1292 2586 1382 2624 item

349 2631 444 2676 Aprz
469 2627 571 2664 Trib.
597 2629 671 2666 mil.
694 2642 756 2678 per
781 2633 1008 2678 Spartianum
1032 2663 1041 2676 ‚
1072 2643 1110 2671 ut
1133 2645 1383 2684 praeteream,

350 2690 447 2728 quos
473 2678 581 2715 Mart.
603 2680 666 2717 suo
692 2681 758 2719 sale
781 2683 942 2731 aspergit.
985 2683 1056 2722 Alii
1090 2685 1215 2732 legunt
1238 2714 1249 2729 ,
1284 2695 1386 2736 prae-

352 2740 524 2778 terquam.
544 2729 695 2768 Licinius
722 2734 909 2776 <Licinius
934 2734 1062 2780 Nepos
1085 2747 1251 2784 praetor,
1277 2749 1296 2774 a
1311 2751 1387 2788 quo

354 2780 550 2827 mutilatus
576 2780 691 2820 fuerat
715 2783 903 2822 Tuscillus.
941 2786 1096 2824 Cam«.
1137 2795 1279 2826 Praeter
1308 2790 1387 2825 Fla—

304 2880 307 2882 .
355 2842 459 2865 vrum
491 2841 622 2880 aprum
639 2862 648 2877 ,
676 2835 705 2871 is
724 2837 855 2872 mtcrcl.
886 2848 957 2874 cac.
984 2836 999 2885 'J
1030 2839 1087 2875 Sic
1109 2840 1258 2887 quidem
1286 2841 1389 2879 Aldi-

357 2889 403 2914 na
430 2881 559 2918 Iasium.
589 2886 690 2922 Prior
713 2888 832 2923 omnis
851 2897 991 2936 praeter
1016 2890 1191 2926 Licinium
1212 2891 1240 2928 is
1257 2892 1388 2930 interd.

363 2928 402 2964 ὅ(
429 2930 571 2967 I'alatin.
594 2935 712 2972 noster
735 2937 842 2975 habet
865 2968 874 2983 ‚
898 2948 1037 2986 praeter
1057 2940 1216 2979 lacrimis
1237 2943 1390 2981 interdi-

361 2979 507 3033 cendum
524 3007 546 3020 ,χ
560 2993 632 3018 υτ.
662 2986 694 3019 G
712 2998 734 3020 a
752 2999 774 3020 υ
792 3001 814 3023 ·r
831 3001 850 3023 E
865 3003 901 3024 a.
933 2989 1123 3029 MediCeus
1138 3006 1145 3029 :
1171 3003 1310 3043 praeter
1324 3001 1391 3031 Fa-

363 3026 461 3064 hwm
493 3033 632 3074 Afrum
658 3047 666 3073 3
707 3034 809 3070 Voll'.
837 3049 972 3076 tracter
1007 3047 1045 3077 L.
1069 3047 1207 3081 Acrem.
1237 3044 1389 3082 Helmst.

365 3078 540 3128 &Arm-
556 3091 696 3130 μασιν
715 3082 870 3125 lacrimis
889 3088 1170 3132 interdicendum
1192 3122 1206 3143 ‚
1233 3103 1273 3134 ut
1292 3096 1392 3136 Pala-

2357 1083 2475 1136 tur,

1424 1204 1522 1241 tinus
1566 1203 1703 1242 habuit.
1744 1205 1873 1242 Oxon.
1908 1211 2047 1253 praeter
2086 1204 2288 1243 Lacinium
2337 1206 2471 1248 interd.

1430 1254 1554 1292 Probo
1578 1254 1786 1304 scripturam
1813 1254 2039 1293 Mediceam.

1482 1319 1505 1353 4
1535 1306 1681 1344 Prolata
1703 1306 1772 1356 lege
1795 1308 1836 1345 de
1860 1312 1993 1344 Senatu
2016 1303 2221 1353 habend0.]
2266 1307 2335 1345 Cn.
2357 1308 2473 1348 Porn-

1431 1358 1535 1407 pejus
1567 1356 1961 1406 Consulatum‘primo
1995 1368 2081 1394 cum
2118 1358 2173 1394 M.
2208 1357 2334 1396 Craffo
2366 1361 2476 1400 initu·-

1433 1420 1516 1453 rus,
1545 1410 1724 1457 quoniam
1764 1420 1825 1458 per
1858 1409 2007 1446 militiae
2041 1417 2210 1456 tempora
2236 1410 2387 1450 Senatus
2409 1413 2474 1451 ha-

1439 1459 1549 1498 bendi
1583 1459 1870 1508 consulendique
1904 1470 2026 1496 rerum
2059 1459 2307 1497 humanarum
2347 1474 2475 1512 expers

1437 1509 1531 1555 fuit,
1561 1509 1617 1546 M.
1645 1511 1857 1549 Varronem
1883 1512 2025 1559 rogavit
2050 1540 2060 1556 ,
2099 1519 2139 1547 ut
2161 1516 2476 1554 commentarium

1437 1561 1749 1599 introduetorium
1784 1561 1919 1600 faceret
1943 1590 1952 1606 ‚
1990 1573 2037 1599 ex
2073 1573 2150 1611 quo
2183 1561 2355 1609 disceret,
2385 1565 2474 1614 quid

1440 1611 1558 1650 facere
1588 1611 1785 1662 dicereque
1819 1613 1967 1651 deberet
1993 1641 2004 1657 ‚
2033 1624 2117 1649 cum
2145 1613 2320 1651 Senatum
2346 1616 2477 1654 consu·

1437 1662 1550 1701 leret:
1576 1663 1635 1701 sed
1668 1665 1694 1701 is
1713 1664 1800 1702 liber
1824 1663 1943 1702 adhuc
1966 1665 2117 1702 vivente
2141 1664 2311 1702 Varrone
2334 1666 2480 1706 interci-

1440 1711 1513 1752 dit:
1543 1714 1642 1752 unde
1675 1716 1788 1753 multa
1822 1715 1871 1753 ad
1889 1726 1970 1753 eam
1995 1726 2073 1752 rem
2100 1723 2179 1763 pert
2194 1716 2317 1755 nentia
2341 1718 2376 1754 in
2400 1718 2479 1757 lite-

1441 1765 1485 1802 ris
1507 1764 1553 1803 ad
1576 1765 1794 1815 Oppianum
1818 1765 1955 1804 docuit.
1977 1768 2138 1814 primum
2160 1767 2224 1816 qui
2238 1765 2371 1806 fuerint
2386 1796 2396 1811 ‚
2414 1781 2478 1818 per

1443 1827 1537 1864 quos
1571 1818 1757 1866 majorum
1797 1819 1949 1856 Senatus
1979 1817 2103 1854 haberi
2126 1817 2276 1862 soleret,
2309 1818 2481 1857 Dictato-

1443 1877 1521 1904 rem
1544 1867 1694 1913 scilicet,
1724 1869 1900 1907 Consules
1915 1897 1925 1913 ‚
1945 1869 2136 1906 Praetores
2151 1896 2160 1912 ,
2185 1868 2376 1907 Tribunos
2388 1871 2480 1919 pleb.

1447 1915 1673 1966 Interregem
1699 1949 1708 1966 ,
1747 1919 1977 1968 praefeftum
2010 1920 2100 1957 urbi.
2151 1918 2263 1967 Igitur
2287 1922 2349 1969 qui
2375 1922 2484 1960 Sena-

1446 1976 1528 2006 tum
1548 1970 1695 2008 haberet
1721 1999 1731 2015 ,
1761 1980 1904 2020 poterat
1928 1969 2167 2019 jurejurando
2193 1971 2384 2010 Senatores
2408 1973 2482 2012 adi-

1450 2030 1536 2068 gere
1552 2049 1562 2065 ‚
1585 2022 1762 2071 quicquid
1787 2019 2000 2060 censuissent
2023 2022 2147 2070 eRep.
2160 2020 2341 2059 censuisse.
2373 2023 2482 2063 Unde

1452 2072 1615 2110 Licinius
1647 2073 1796 2110 Praetor
1832 2085 1917 2110 cum
1952 2075 2126 2111 Senatum
2164 2072 2341 2111 habuisset
2363 2103 2373 2119 ,
2401 2076 2483 2123 jure

1451 2125 1573 2170 coegit
1596 2125 1783 2161 Dextrum
1803 2125 1924 2173 jurare
1947 2122 2127 2173 quidqud
2149 2123 2333 2163 censu-erat
2357 2138 2376 2164 e
2395 2127 2481 2176 Rep.

1453 2172 1635 2211 censuisse.
1667 2175 1812 2212 Prolata
1833 2172 1943 2223 lega]
1985 2174 2076 2212 Non
2098 2185 2197 2211 nunc
2219 2177 2379 2224 primum
2401 2187 2483 2226 pro·

1454 2223 1594 2272 pofita,
1622 2225 1680 2263 sed
1713 2227 1861 2274 allegata
1884 2254 1894 2269 ,
1936 2227 1975 2263 b'c
1997 2227 2033 2262 in
2056 2236 2133 2262 rem
2158 2224 2258 2262 suam
2295 2227 2480 2276 produsta.

1457 2275 1611 2313 Car-rau.
1641 2275 1834 2325 Prolata.]
1864 2277 1919 2314 Ita
1945 2276 2100 2314 Aldina:
2131 2277 2284 2321 melius,
2312 2289 2421 2327 quam
2443 2286 2483 2316 ut

1457 2326 1545 2364 aliae
1590 2326 1683 2365 Edd.
1723 2328 1876 2377 perlata.
1925 2327 1959 2364 G
1977 2340 2042 2364 au
2059 2341 2081 2365 T
2098 2340 2171 2364 ER.
2220 2327 2408 2366 Mediceus
2444 2330 2483 2368 ὅ(

1457 2376 1562 2414 Voss.
1587 2377 1807 2416 confirmant
1826 2377 1967 2428 prolata
1983 2407 1993 2421 ‚
2021 2378 2125 2427 quod
2149 2378 2264 2416 Aldus
2296 2378 2483 2426 expreffir,

1461 2429 1499 2466 &
1522 2428 1699 2467 sententia
1722 2429 1888 2478 postulat.
1930 2429 2138 2467 Absurdum
2164 2429 2247 2466 illud
2277 2426 2411 2481 perlafa
2441 2429 2478 2463 in

1460 2479 1662 2517 Helmstad.
1685 2483 1722 2519 ὃς
1744 2481 1855 2518 Arnz.
1878 2482 1994 2522 iacet,
2025 2480 2198 2518 &habuit
2210 2477 2281 2514 fine
2293 2474 2476 2530 d⁰b¹⁰P²T

1459 2531 1590 2568 latinus
1614 2534 1736 2569 etiam.
1765 2533 1818 2569 At
1840 2533 1934 2569 male
1958 2531 2058 2580 supra
2081 2528 2223 2566 dederat
2243 2523 2383 2579 Aldus-2
2414 2535 2475 2571 qut

1461 2583 1622 2631 primum
1647 2583 1829 2631 diversum
1852 2583 2028 2626 censuerat
2047 2608 2056 2623 ,
2081 2588 2163 2615 cum
2196 2574 2329 2611 edstum
2365 2583 2412 2628 ¹¹³.
2434 2584 2476 2610 0·

1463 2633 1607 2671 mnibus
1630 2635 1737 2672 MSS.
1762 2637 1800 2672 &
1823 2634 1912 2672 Edd.
1928 2633 2028 2670 Vett.
2040 2631 2183 2675 legatur.
2211 2621 2354 2678 Prolnta
2368 2633 2479 2682 enam

1462 2697 1507 2722 ex
1530 2685 1741 2723 coniectura
1765 2685 1921 2722 correxit
1945 2711 1954 2725 ‚
1992 2683 2030 2718 &
2047 2680 2137 2732 bet}e
2158 2671 2327 2734 CJROs‘Uf
2347 2674 2480 2711 (ΑΓΝ-

1461 2736 1546 2773 bon.
1569 2737 1612 2774 ad
1640 2739 1790 2775 Suetou.
1819 2732 1963 2780 August.
1989 2739 2062 2786 cap.
2083 2721 2240 2778 λΧ-ΧῪ.
2275 2727 2329 2760 52<
2348 2726 2481 2772 proser-

1461 2801 1497 2825 η
1521 2798 1588 2835 pro
1611 2789 1762 2835 allegare
1784 2784 1878 2833 apud
1903 2782 2073 2818 Tacitum
2098 2775 2135 2810 δε
2158 2771 2244 2809 altos
2268 2775 2389 2821 pamm
2416 2777 2480 2813 ha-

1464 2839 1577 2876 betur.
1632 2838 1731 2875 Infra
1766 2831 1916 2873 l-lelmst.
1947 2829 2056 2865 Arnz:
2089 2824 2215 2860 Oxon.
2240 2826 2286 2880 &h
2306 2825 2368 2863 [Δ.
2394 2827 2482 2865 Vct.

1461 2888 1608 2938 eripuisse
1631 2885 1805 2925 mendose
1827 2882 1996 2934 scribunb
2025 2886 2092 2924 ΡῙὉ
2111 2889 2125 2932 f
2148 2885 2212 2923 ΠΡ·
2235 2877 2302 2923 eff‘·
2345 2929 2349 2933 ¹
2383 2929 2388 2934 ¹

1516 2953 1532 2988 ς
1565 2932 1843 2979 Αηιὸιιὶοηινη.]
1875 2930 2040 2966 Studium
2073 2937 2120 2963 rei
2145 2954 2154 2967 ‚
2201 2928 2238 2963 &
2271 2927 2481 2976 cupidinem

1463 2993 1538 3029 eius
1563 2989 1704 3024 favoris.
1751 2981 1846 3018 Vide
1868 2978 1910 3014 ad
1939 2979 2016 3016 Lib.
2040 2976 2104 3013 llI.
2130 2975 2237 3024 Epist.
2265 2977 2328 3015 lx.
2357 2991 2391 3016 n.
2428 2991 2481 3022 ια.

1463 3037 1617 3075 Helmss.
1653 3036 1779 3071 Oxon.
1803 3033 1840 3068 8<
1870 3030 1978 3065 Arm..
2001 3028 2212 3071 exprobrare
2234 3030 2324 3069 emm
2340 3031 2480 3080 sentem

1461 3089 1553 3128 eiam
1574 3086 1789 3138 dicerenrur,
1820 3080 1949 3121 mediis
1971 3078 2115 3132 omnus.
2422 3128 2504 3170 Ν»

2375 3143 2408 3172 ¹¹
2458 3170 2485 3180 ..
