2616 3686
289 242 295 251 .
480 190 661 247 L'1-13
696 191 848 242 E-'R
892 192 960 240 X..
1026 191 1596 243 EPISTOL-A
1664 197 1863 249 XXI-11.

129 283 368 355 legitime
397 269 705 345 fruipoffim
723 313 736 333 ‚
779 270 979 325 tribuas
1008 271 1058 322 ei
1084 269 1137 322 &
1163 270 1589 325 Alexandrinam
1611 275 1880 332 civitatem
1912 322 1923 340 ‚

1967 281 2019 337 &
2043 228 2249 345 Βοιζζῗ

129 373 270 413 nam.
347 351 536 404 Annos
559 345 673 415 ejus
694 345 749 397 ὅε
771 342 997 399 cen-sum
1037 345 1142 409 (ne
1182 344 1312 415 quid
1341 343 1514 398 rursus
1536 346 1928 421 indulgentiam
1946 368 2101 414 ‚tuam
2125 379 2244 419 mo·

127 425 382 499 raretur)
421 421 624 477 libertis
647 420 781 484 tuiS,
820 418 1014 492 quibus
1034 417 1281 490 jufferaS,
1322 417 1451 474 mifi.

438 567 639 638 XXI-11.
714 566 857 624 VIII.
934 567 1476 638 TRAJANUS
1551 570 1948 630 Ριικῑο.

309 695 311 698 ’
372 718 607 774 Concedit
636 717 896 790 Trajanus
920 716 1238 790 Harpocrati
1263 719 1530 772 civitatem
1551 719 1986 779 Alexandrinam.

130 879 148 904 ¹
322 865 568 920 Ivitatem
588 863 1003 920 Alexandrinam
1032 909 1045 928 ‚
1096 873 1115 897 ²
1142 866 1412 937 fecundum
1429 868 1784 937 institutionem
1798 874 2078 943 principum
2096 914 2112 940 ,
2150 894 2248 931 non

131 937 135 941 ’
172 873 306 1012 C
327 954 507 995 temere
526 941 648 995 dare
670 939 894 1013 proposui
918 980 934 1003 ,
965 941 1060 1013 sed
1080 959 1192 994 cum
1217 942 1531 1015 Harpocran
1553 942 1856 1018 Iatraliptae
1882 943 1972 1000 tuo‘
1975 950 2094 1021 jam
2116 955 2246 1006 civi-

133 1032 288 1074 tatem
314 1018 593 1071 Romanam
620 1017 1005 1087 impetraveris,
1045 1015 1161 1069 hnic
1182 1035 1375 1089 qnoque
1393 1022 1622 1090 petitioni
1648 1032 1763 1074 tuae
1794 1027 1810 1055 ³
1841 1039 2019 1094 negare
2052 1027 2245 1097 nonsu-

119 1096 296 1166 sttneo,
373 1091 450 1144 Tu
480 1097 501 1126 ⁴
518 1106 574 1144 ex
605 1108 706 1163 qua
728 1090 974 1160 nomosit,
1013 1103 1187 1144 notum
1212 1093 1336 1145 mihi
1348 1090 1522 1164 facere
1540 1093 1761 1162 debebis,
1801 1107 1859 1147 ut
1884 1096 2126 1168 epistolam
2153 1101 2249 1152 tibi

134 1170 200 1223 ad
230 1175 247 1206 ⁵
269 1166 567 1238 Pompejum
591 1167 837 1219 Plantam
865 1207 883 1234 ,
923 1164 1237 1238 praesertum
1261 1169 1480 1242 Aegypti
1500 1206 1517 1234 ‚
1556 1175 1771 1224 amicum
1792 1188 1984 1236 meum,
2029 1178 2251 1229 mittam.

137 1488 182 1534 C.
210 1488 257 1527 de
274 1488 427 1538 negotfi's
456 1489 570 1538 gestis.
593 1488 788 1538 Obligandi
803 1495 936 1531 *autern
968 1488 1083 1526 verbo
1106 1487 1193 1548 hics

134 1540 244 1578 utitur
269 1541 396 1579 Plinius
418 1567 430 1583 ‚
456 1548 496 1578 ut
522 1539 697 1587 fignificet
717 1568 729 1584 ,
757 1540 981 1577 donatarium
1004 1566 1015 1582 ‚
1041 1539 1066 1576 fi
1085 1550 1162 1576 non

135 1589 182 1627 ad
203 1591 363 1628 antidora
378 1591 520 1634 ‚saltem
539 1590 584 1628 ad
607 1591 827 1629 memoriam
848 1591 938 1638 grati
961 1590 1073 1627 animi
1094 1588 1162 1626 do-

137 1642 254 1677 natori
277 1643 401 1679 teneri.
435 1641 612 1678 Videatur
641 1642 898 1690 pulcherrimus
919 1640 1018 1677 locus
1037 1639 1083 1677 de
1107 1650 1162 1677 re-

138 1690 287 1729 ferenda
310 1693 348 1729 ὅ(
365 1690 527 1729 habenda
547 1692 653 1739 gratia
679 1719 689 1734 ,
719 1692 818 1740 apud
846 1690 1066 1727 Ciceronem
1094 1701 1161 1737 pro

135 1739 251 1778 Planc.
288 1743 327 1779 ὃς
362 1742 441 1780 Lib.
462 1744 509 1780 ΙΙ.
532 1742 578 1780 de
616 1741 768 1781 Officiis.
795 1743 826 1779 R
842 1752 930 1778 t‘rT
944 1752 963 1778 E
977 1754 1000 1778 R
1017 1754 1033 1776 s
1051 1752 1074 1776 H
1090 1753 1112 1776 u
1129 1754 1158 1779 s.

138 1789 199 1828 De
218 1793 331 1830 verbo
353 1792 497 1841 obligari
513 1792 598 1830 vide·
613 1793 713 1841 supra
734 1791 779 1829 ad
808 1792 914 1839 Epist.
933 1791 998 1829 111.
1022 1802 1057 1827 n.
1086 1801 1116 1828 1.

196 1853 228 1878 1.
253 1843 447 1880 Civitatem
470 1842 797 1893 Alexandrinam]
825 1843 930 1880 Haec
948 1842 991 1878 ab
1005 1842 1160 1878 Alexan-

140 1888 208 1927 dro
239 1892 294 1929 M.
313 1893 515 1930 constructa
542 1894 608 1932 fuit
632 1895 669 1932 in
703 1893 818 1931 reditu
851 1893 895 1930 ab
920 1892 1164 1929 Hammone:

140 1940 211 1977 visa
231 1942 301 1980 loci
320 1943 587 1990 opportunitate
607 1944 818 1992 complexus
829 1942 1001 1992 quidquid
1018 1943 1089 1979 loci
1113 1941 1160 1979 est
1177 1968 1181 1972 -

141 1989 232 2028 intra
249 1993 415 2040 paludem
439 1994 476 2030 δε
499 2004 599 2032 mare
620 2023 632 2038 ‚
671 1996 710 2032 &
739 1994 941 2042 oetuaginta
964 1993 1156 2030 stadiorum

141 2043 253 2080 muris
271 2044 445 2080 ambitum
465 2043 807 2082 destinavittverum
827 2053 867 2081 ut
886 2045 1053 2081 omittam
1067 2055 1160 2092 quae

141 2090 222 2130 Lib.
244 2093 310 2130 111.
333 2093 378 2130 ab
407 2095 558 2131 Arriano
594 2095 758 2133 historico
780 2123 791 2138 ,
829 2095 1029 2143 ceterisque
1055 2095 1159 2142 super

139 2140 207 2178 hac
229 2143 413 2181 traduntur
434 2171 447 2188 ,
481 2144 739 2193 diligentissime
761 2145 885 2183 Strabo
903 2145 993 2183 libro
1014 2145 1159 2183 decimo

137 2191 295 2240 septimo
323 2205 477 2232 omnem
506 2194 813 2235 construistionem
833 2197 1037 2245 exequitur.
1073 2197 1160 2232 CA-

145 2253 170 2279 ·r
181 2254 205 2280 A
219 2255 257 2281 N.

191 2305 227 2330 2.
261 2294 453 2332 Secundum
483 2294 728 2340 institutionem
758 2295 1000 2344 Principum]
1036 2294 1163 2343 Qualis

141 2341 230 2381 haec
253 2344 359 2383 fuerit
378 2346 569 2389 instituti-o,
597 2357 673 2382 non
696 2346 797 2382 facile
820 2347 897 2394 quis
917 2345 1064 2383 dixerit:
1099 2357 1165 2382 ve-

143 2401 349 2432 rumtamen
370 2395 596 2442 intelligimus
609 2423 619 2438 ,
647 2396 694 2434 ita
712 2396 888 2432 servatum
909 2393 1011 2433 fuiffe
1029 2407 1050 2433 a
1071 2404 1167 2434 retro

142 2442 378 2493 Principibus,
407 2454 447 2483 ut
465 2445 508 2482 ad
532 2446 678 2483 civitatis
699 2445 963 2484 Alexandrinae
977 2447 1056 2495 jura
1076 2446 1166 2484 diffi-

145 2495 254 2533 culter
272 2496 439 2534 homines
458 2495 728 2535 admitterentur
745 2509 755 2534 ι
793 2496 866 2533 sive
889 2497 962 2533 hoc
982 2508 1027 2534 ex
1047 2497 1165 2545 aliqua

147 2553 241 2582 certa
264 2546 344 2595 lege
376 2546 515 2584 fluxerit
534 2574 544 2588 ‚
581 2546 656 2584 five
690 2559 735 2584 ex
756 2545 1014 2584 consuetudine
1036 2573 1047 2590 ,
1074 2558 1167 2596 quae

148 2595 299 2644 prolege
319 2597 562 2636 custodiretur.
588 2598 621 2634 R
635 2610 649 2634 1
663 2609 691 2635 T
703 2609 730 2635 T
741 2609 761 2634 ε
774 2610 799 2633 n
816 2611 831 2632 s
847 2609 868 2633 H
887 2607 908 2635 u
924 2610 950 2633 s.

201 2655 235 2694 3.
261 2652 395 2696 Negare
413 2660 480 2685 non
498 2646 688 2697 summa]
725 2648 815 2685 Non
845 2648 894 2685 ita
924 2645 1019 2683 firmi
1040 2647 1079 2684 &
1100 2646 1172 2684 ob-

152 2690 263 2733 durati
277 2700 385 2737 animi
400 2699 477 2736 sum
501 2724 512 2741 ,
547 2705 587 2735 ut
614 2709 744 2747 negare
763 2697 888 2735 ausim.
923 2696 1055 2735 Noster
1075 2697 1168 2734 Pan-

151 2743 234 2788 egit.
249 2757 321 2794 cap.
334 2749 474 2787 XXVI.
501 2753 552 2785 Tu
575 2761 615 2785 ne
636 2750 748 2797 rogari
767 2749 901 2799 quidem
921 2747 1169 2790 sustinuisti‚id

155 2791 203 2827 ⁶st
227 2821 236 2834 ‚
273 2796 383 2841 paffus
410 2811 456 2837 es.
493 2798 541 2836 Et
561 2810 636 2847 cap.
660 2799 741 2837 LX.
778 2805 937 2836 Noverat
966 2799 1171 2835 moderatio-

156 2852 232 2877 nem
251 2841 418 2884 hominum
437 2877 448 2893 ,
474 2860 618 2887 noverat
635 2851 794 2898 pudorem
817 2878 827 2895 ‚
864 2850 923 2899 qui
944 2862 1008 2885 non
1027 2848 1170 2886 sustine·

152 2898 235 2928 rent
255 2896 348 2933 tertio
370 2899 511 2948 consules
528 2899 599 2949 effe.
626 2900 781 2941 Ovidius
802 2899 1051 2948 Metamorph.

205 2990 355 3034 Sustinet
376 2997 422 3034 ad
444 3005 592 3049 Prognen
603 3001 672 3052 post
692 3001 784 3041 talia
806 3001 899 3041 dic‘za
919 2999 1059 3041 reverti.

2036 1345 2260 1417 XXIV-f

1192 1461 1195 1463 ”
1218 1488 1382 1536 Juvenal.
1401 1489 1472 1530 Sat.
1493 1489 1584 1531 XV.

1489 1602 1533 1631 εν·
1553 1592 1613 1643 qui
1633 1592 1786 1630 mordere
1809 1592 1962 1631 cadaver
1984 1594 2163 1640 sustinuit,

1217 1690 1253 1728 id
1274 1691 1322 1729 est
1343 1719 1354 1735 ,
1391 1691 1524 1729 veritus
1551 1690 1649 1729 haud
1681 1690 1742 1731 est.
1781 1691 1949 1731 131³an
1965 1706 2040 1732 su.
2076 1695 2251 1738 Luc-anua

1222 1741 1303 1780 Lib.
1325 1742 1375 1780 V.
1400 1752 1453 1779 vs.
1475 1751 1565 1790 792·

1595 1853 1672 1880 non
1693 1841 1803 1888 moesti
1818 1845 1952 1891 pecl'or'a
1973 1845 2100 1895 Magni

1317 1891 1469 1931 Sustinet
1488 1892 1653 1943 amplexu
1672 1892 1783 1938 dulci,
1811 1906 1877 1931 non
1895 1896 1979 1932 colla
1998 1906 2122 1937 tenere-

1224 1992 1304 2030 Lib.
1322 1992 1433 2030 vni.
1456 2003 1507 2032 vs.
1527 1966 1616 2043 230ss

1270 2093 1423 2132 Sustinui
1445 2094 1566 2144 nostris
1585 2108 1646 2133 vos
1667 2103 1813 2132 tantum
1832 2094 1935 2145 deeffe
1953 2096 2156 2148 triumphis:

1220 2193 1310 2231 Hoc
1330 2194 1616 2244 frequentissime
1637 2197 1788 2236 obvium
1811 2195 1872 2234 est.

1273 2257 1308 2291 4.
1336 2249 1394 2283 Ex.
1422 2259 1490 2296 qua
1524 2260 1620 2284 nomo
1645 2248 1732 2298 fit,]
1762 2247 1857 2285 Scire
1877 2245 2051 2286 debemus
2072 2276 2083 2293 ,
2122 2250 2252 2301 Aegy-

1220 2302 1322 2342 ptum
1337 2323 1347 2338 ,
1373 2298 1597 2344 provinciam
1617 2297 1863 2337 nobilissimam
1880 2324 1893 2341 ,-
1913 2297 2012 2336 fuifle
2029 2299 2249 2341 distributam

1222 2347 1259 2383 in
1295 2354 1406 2383 certas
1442 2348 1607 2394 regiones
1636 2349 1674 2386 ὅ(
1708 2347 1947 2397 praefesturas
1970 2375 1981 2392 ,
2017 2360 2110 2398 quae
2141 2354 2250 2391 Nomi

1220 2396 1353 2434 fuerint
1374 2397 1575 2445 appellatae
1595 2424 1605 2441 ‚
1643 2409 1662 2435 a
1685 2399 1799 2436 verbo
1817 2400 1919 2435 νέμειν
1941 2426 1952 2443 ,
1988 2399 2023 2437 id
2043 2400 2108 2446 est,
2139 2401 2254 2442 distri-

1223 2446 1349 2484 buere.
1375 2446 1471 2486 unde
1490 2449 1599 2486 etiam
1619 2448 1735 2494 νόμος,
1763 2448 1963 2494 descendit,
1989 2450 2024 2488 id
2045 2451 2116 2496 est,
2146 2453 2242 2493 Lex:

1225 2508 1447 2546 quamquam
1472 2499 1585 2542 νόμος,
1614 2500 1762 2547 quando
1784 2499 2046 2547 praefeeturam
2066 2500 2253 2550 fignificat,

1226 2547 1286 2585 vel
1306 2549 1495 2596 regionem
1520 2576 1531 2594 ,
1556 2557 1706 2587 accentu
1725 2549 1844 2589 differt
1865 2577 1875 2594 ,
1904 2562 2017 2599 quem
2049 2551 2156 2590 habet
2175 2565 2253 2602 gra-

1226 2610 1312 2636 vem
1333 2599 1369 2636 in
1391 2599 1527 2637 ultima.
1566 2600 1678 2638 Diod.
1699 2600 1834 2639 Siculus
1863 2601 1942 2639 Lib.
1962 2602 1974 2637 l
1982 2601 2009 2639 1.
2043 2602 2254 2651 hujusmodi

1228 2653 1354 2686 Nomos
1370 2650 1546 2688 XXXVI.
1572 2650 1718 2700 affignat
1742 2652 1939 2700 Aegypto:
1965 2653 2003 2688 &
2023 2652 2152 2689 Plinius
2171 2655 2256 2696 Lib.

1227 2697 1294 2736 111.
1320 2700 1482 2737 naturalis
1499 2699 1662 2740 historiae
1681 2702 1794 2739 scribit
1818 2729 1830 2746 ‚
1865 2701 1974 2738 solam
1996 2701 2226 2742 Thebaidem
2240 2733 2257 2752 ,

1229 2759 1322 2796 quae
1358 2761 1430 2787 una
1465 2757 1608 2787 tantum
1649 2763 1726 2800 pars
1758 2752 1807 2789 est
1838 2752 1994 2799 Aegypti
2023 2757 2254 2794 contermina

1230 2798 1448 2847 Aethiopiae
1468 2827 1478 2842 ‚
1510 2801 1548 2838 in
1580 2812 1639 2838 iz.
1673 2800 1773 2845 ιομές
1808 2801 1866 2837 seu
1885 2800 2128 2850 praefecturas
2151 2803 2257 2845 fuiffe

1231 2848 1390 2886 divisam.
1425 2850 1604 2887 Praefetsti
1634 2859 1757 2888 autem
1785 2851 1913 2888 harum
1944 2852 2135 2899 regionum
2158 2855 2257 2895 dice-

1230 2898 1357 2936 bantur
1380 2901 1579 2937 Nomarchi.
1604 2900 1767 2939 Budaeus
1788 2903 1825 2939 in
1848 2901 2066 2941 commen-t.
2093 2904 2259 2946 Graecae

1231 2950 1382 2997 linguae.
1412 2950 1466 2985 Rx
1485 2962 1649 2987 TTERs
1669 2963 1774 2989 uus.

1284 3012 1316 3048 ς,
1344 3001 1538 3049 Pompejum
1552 3001 1751 3052 Plantam]
1782 3000 1893 3040 Hunc
1911 3002 2090 3042 historiam
2113 3005 2260 3056 scri-pfl?-

1229 3050 1265 3089 ξε
1284 3076 1295 3096 ,
1334 3049 1500 3092 discimus
1530 3063 1577 3090 ex
1604 3053 1793 3093 Scholiaste
1814 3053 2005 3102 luvenalis.
2038 3055 2137 3094 Bra
2153 3071 2177 3095 τ
2191 3070 2230 3096 n.

2130 3117 2162 3146 ι.
2186 3113 2257 3145 Ην·
