2616 3686
287 201 380 270 ⁸38
525 197 586 248 c.
651 191 1045 247 ΜΛΝ-ιι
1115 177 1628 240 CAECILII
1698 186 2214 239 SECUND1

234 275 252 290 ‘
292 277 392 331 bus
417 273 487 330 de
525 271 688 329 causis
728 273 914 330 senatu
954 281 968 303 ¹
1007 268 1319 327 censoribus
1351 267 1660 339 ejiciantur,
1697 268 1836 323 inter
1876 283 2007 339 quas
2041 266 2173 323 nihil
2201 265 2278 322 de
2316 265 2437 322 cive

207 364 246 396 '⁷-
295 353 467 407 alieno
489 363 729 406 cavetur.
807 347 940 403 Inde
966 364 1054 402 me
1076 343 1300 418 quidam
1332 361 1401 398 ex
1437 340 1754 398 censoribus
1791 341 2189 407 consulendum
2216 353 2436 415 putave-

220 448 245 497 3
295 442 454 491 runt,
496 445 561 480 an
590 423 783 492 eiicere
809 423 1072 479 deberent
1099 429 1222 475 eum
1246 420 1340 491 qui
1365 417 1492 473 esset
1532 418 1748 472 alterius
1785 417 2032 472 civitatis.
2112 416 2263 490 Eg0‚
2309 418 2434 487 quia

294 503 382 558 lex
413 502 545 557 sicut
580 499 810 555 adscribi
853 501 1031 553 civem
1072 498 1304 550 alienum
1342 492 1585 552 vetabat,
1627 493 1700 546 ita
1735 493 1855 562 ejici
1899 508 1931 546 e
1962 492 2146 548 senatu
2183 493 2257 548 ob
2294 490 2432 546 hanc

299 577 510 632 causam
533 593 643 630 non
670 572 1203 644 jubebatzpraeterea
1232 579 1248 599 2
1277 572 1402 639 quia·
1424 566 1489 621 ab
1517 565 1781 637 aliquibus
1804 563 2434 630 affirmabatur·mihi‚in

299 655 451 707 omni
480 653 694 706 civitate
721 647 981 719 plurimos
1009 645 1111 698 elle
1147 642 1387 697 buleutas
1421 660 1490 697 ex
1523 641 1634 696 aliis
1666 641 2002 706 civitatibUS,
2045 640 2435 712 futurumque,

298 741 359 781 ut
384 727 539 780 multi
568 723 852 785 homiues,
898 721 1210 792 multaeque
1247 718 1488 772 civitates
1529 729 1958 772 concuterentur
1993 734 2054 772 ea
2087 729 2239 788 parte
2277 718 2437 786 legis,

298 818 438 872 quae
457 797 788 870 jampridem
816 802 831 829 ³
854 794 1115 850 consensu
1142 791 1387 865 quodam
1410 789 1750 846 exoleviffet:
1793 790 2143 847 necessarium
2168 791 2440 847 existima-

302 877 355 930 vi
381 874 661 930 consulere
684 886 765 937 te,
806 870 940 944 quid
960 868 1284 926 servandum
1311 882 1536 941 putares.
1612 865 1806 939 Capita
1845 867 1977 938 legis
2005 865 2088 922 his
2127 867 2292 923 literis
2315 863 2437 922 sub-

299 968 425 1022 jem.

719 1093 932 1153 CXVI.
1010 1092 1570 1159 TRAJANus
1649 1092 2048 1148 PL1N10.

374 1247 654 1304 Permittit
677 1243 781 1301 esse
806 1247 859 1301 in
881 1244 1093 1305 senam,
1137 1242 1228 1314 qui
1250 1240 1360 1313 jam
1383 1239 1574 1296 adlesti
1599 1241 1842 1305 fuerant,
1883 1255 2028 1297 vetat
2056 1242 2111 1297 in
2133 1240 2380 1300 futurum

435 1354 437 1357 -
975 1319 1206 1372 alienum
1233 1318 1472 1390 aliquem
1499 1317 1743 1372 adscribi.

476 1471 629 1526 Erico
648 1465 1083 1539 haffiffewnde
1106 1464 1345 1536 carifflme
1359 1508 1376 1535 ,
1416 1465 1541 1540 quid
1560 1475 1579 1505 ⁴
1604 1485 1634 1520 a
1663 1480 1710 1522 te
1733 1467 2013 1542 responderi
2047 1478 2293 1541 oporteret
2323 1485 2434 1524 cen-

475 1546 671 1615 soribus
704 1536 1092 1617 consulentibus,
1135 1559 1202 1595 an
1237 1540 1455 1615 legerent
1491 1547 1544 1596 m
1569 1543 1805 1613 senatum
1848 1543 2071 1596 altarum·
2108 1547 2434 1608 civitatium,

292 1625 522 1698 ,ejusdem
550 1622 1031 1698 tamenprovinciae
1057 1621 1209 1675 cives.
1245 1635 1364 1672 nam
1390 1617 1455 1679 ὠ
1480 1616 1601 1693 legis
1624 1621 1935 1688 auetoritas,
1978 1618 2042 1679 ῤ’
2071 1618 2217 1694 longa
2242 1619 2435 1748 consu}-

2316 1707 2374 1749 tu
2414 1711 2439 1747 o

288 1844 339 1883 Plo
359 1847 439 1895 post
461 1860 499 1898 n.
525 1857 544 1897 3
587 1846 651 1887 ubi
664 1847 746 1889 libri
763 1847 1036 1893 iffiztlmiurnt,
1062 1857 1184 1897 neque
1195 1853 1332 1886 ‘tamen
1407 1848 1596 1898 censoribus
1619 1874 1630 1893 ,
1668 1845 1794 1887 omiffa
1824 1846 2091 1899 praepositione
2120 1858 2175 1886 ex.
2226 1847 2434 1895 incongrue

297 1897 449 1936 alteram
485 1899 684 1945 Lesiionem
715 1907 857 1938 temere
885 1898 1018 1937 reiicio.
1080 1897 1183 1945 Quid
1217 1899 1338 1937 notius
1372 1947 1375 1949 ι
1409 1900 1490 1938 Lib.
1515 1902 1544 1938 1.
1575 1899 1678 1948 Epist.
1705 1900 1772 1938 111.
1798 1910 1834 1939 n.
1861 1911 1897 1937 2.
1923 1911 2016 1937 unus
2044 1910 2091 1936 ex
2119 1896 2251 1937 multis.
2300 1897 2349 1935 Et
2375 1897 2433 1935 cui

300 1960 459 1993 movere,
485 1950 706 1999 summovere
727 1950 856 1998 senatu
881 1977 893 1994 ,
929 1949 1058 1987 ordine.
1093 1949 1226 1987 Plinius
1255 1949 1339 1988 Lib.
1407 1961 1485 1988 non
1501 1950 1667 1989 sexcenta
1684 1950 1864 2000 ejusmodi
1881 1951 2138 1989 succurrerent.

302 1997 353 2037 11.
380 1999 487 2049 Epist.
515 2000 597 2039 XII.
625 2011 707 2038 n.2.
733 2006 909 2039 Cornutus
932 2000 1108 2038 Tertullus
1128 1999 1254 2050 censuit
1278 2011 1337 2037 or·
1460 2013 1497 2040 2.
1523 2003 1628 2055 Qia
1658 2001 1702 2039 ab
1731 2001 1944 2053 aliquibus.]
1983 2000 2041 2039 Sic
2069 2011 2202 2039 omnes
2223 1999 2320 2042 libri,
2357 2005 2432 2036 tam

303 2048 390 2088 dine
410 2051 654 2089 movendum.
681 2051 844 2099 Vellejus
870 2051 1072 2089 Paterculus
1104 2051 1184 2088 Lib.
1210 2051 1237 2088 l.
1261 2061 1340 2099 cap.
1407 2060 1548 2090 veteres
1569 2063 1681 2101 quam
1702 2053 1942 2097 recentiores,
1980 2059 2137 2101 excepto
2157 2047 2263 2088 Voss.
2285 2048 2435 2094 codice,

303 2098 353 2137 X.
381 2108 470 2139 extr.
498 2092 567 2149 ὰη.
596 2102 745 2140 Fulvius
764 2101 885 2138 senatu
904 2109 1027 2138 motus
1047 2101 1096 2139 est
1127 2100 1172 2137 ab
1194 2101 1232 2137 iis
1251 2112 1339 2138 cen·
1407 2113 1518 2150 quem
1551 2102 1690 2140 secutus
1717 2102 1769 2140 est
1798 2104 1933 2151 primus
1961 2102 2091 2140 harum
2110 2101 2338 2150 epistolarum
2361 2099 2438 2137 edix-

305 2149 452 2190 foribus.
477 2150 721 2201 Trffiuilffl
743 2152 812 2197 jul.
846 2161 924 2198 cap.
950 2151 1088 2189 XLIlI.
1115 2151 1337 2200 Repetunda-
1405 2160 1484 2196 tor,
1515 2155 1551 2190 δε
1572 2152 1762 2190 Veenhus.
1786 2152 1914 2203 quibus
1942 2151 2062 2191 deficit
2093 2150 2321 2200 praepositio.
2373 2150 2433 2188 De

291 2213 386 2238 aum
413 2202 579 2239 conuie‘tos
606 2202 712 2240 etiam
741 2201 868 2239 ordine
891 2200 1070 2239 senatorio
1099 2202 1230 2239 movit.
1256 2201 1341 2238 Do‹
1406 2202 1557 2241 buleutis
1579 2202 1651 2240 vid.
1675 2202 1720 2240 ad
1742 2202 1850 2252 Epist.
1876 2202 2057 2242 XLVllI.
2082 2213 2121 2241 n.
2146 2216 2182 2251 ς.

305 2252 386 2289 mit.
412 2263 490 2300 cap.
515 2252 623 2300 ¹VIII.
650 2251 901 2302 Quaestorium
923 2253 1066 2297 virum,
1094 2252 1185 2301 quod
1201 2252 1340 2299 gesticu.
1462 2265 1496 2301 3.
1523 2254 1693 2303 consensu
1716 2253 1731 2302 ]
1772 2252 2023 2291 Modestinus:
2057 2265 2154 2291 omne
2179 2252 2238 2300 jus
2265 2263 2330 2290 aut
2359 2256 2435 2288 cond

304 2302 408 2340 landi
431 2303 662 2354 saltandique
683 2301 797 2349 studio
826 2313 1020 2348 teneretur,
1057 2304 1175 2340 movit
1202 2303 1340 2340 senatu.
1397 2304 1518 2353 sensus
1537 2305 1647 2351 fecit,
1674 2314 1738 2340 aut
1768 2306 1935 2354 neceffitas
1963 2303 2156 2349 constituit,
2183 2314 2248 2341 aut
2276 2301 2435 2350 firmavit

305 2353 369 2391 uhi
395 2355 525 2402 pariter
545 2354 723 2402 Excerpta
754 2353 994 2402 Leyseriana,
1021 2353 1148 2403 quibus
1176 2353 1338 2402 alioquin
1408 2355 1607 2404 consuetudo
1646 2354 1788 2393 loen.
1835 2349 1937 2392 Voss.
1964 2355 2004 2392 δε
2021 2355 2081 2402 Jo.
2108 2353 2154 2393 de
2182 2353 2338 2392 Tridino
2356 2363 2435 2391 cone

305 2405 465 2442 multum
485 2404 658 2443 debemus
671 2432 681 2447 ‚
708 2415 898 2453 perperam
919 2404 1030 2442 movit
1050 2415 1070 2441 a
1082 2405 1232 2453 senatu,
1260 2405 1338 2442 fere
1401 2406 1538 2456 finfui,
1564 2407 1603 2443 &
1623 2405 1743 2454 pauno
1760 2412 1845 2444 ante
1860 2414 1942 2454 pars
1959 2416 2027 2454 pro
2040 2414 2155 2456 parte.

306 2462 349 2492 ut
371 2455 407 2493 h.
432 2455 455 2493 l.
481 2456 592 2505 ejicere
610 2468 630 2494 e
642 2457 780 2506 finam.
794 2454 851 2493 Sic
869 2455 976 2492 etiam
998 2467 1134 2493 movere
1154 2455 1220 2491 loco
1239 2455 1336 2504 apud
1464 2469 1499 2503 4.
1525 2455 1562 2493 A
1586 2467 1617 2494 te
1640 2456 1655 2506 ]
1684 2454 1787 2494 Voff.
1816 2457 1854 2494 &
1873 2457 1986 2505 prima
2008 2456 2077 2494 Ed.
2100 2456 2160 2494 hic
2183 2455 2313 2493 iterum
2334 2463 2355 2489 a
2375 2461 2432 2488 re-

305 2505 482 2544 eumdem
502 2507 539 2544 in
558 2507 644 2545 Tib.
670 2517 746 2554 cap.
760 2506 903 2543 LXIV.
926 2507 1016 2545 item
1031 2507 1247 2555 summoveri
1266 2505 1338 2542 ad·
1409 2507 1512 2556 liquis
1533 2508 1699 2546 omnibus
1716 2506 1923 2553 discedunt,
1948 2508 1987 2546 in
2008 2506 2135 2556 quibus
2163 2505 2366 2558 invenimus
2385 2499 2429 2555 qd

307 2556 566 2604 ministratione.
589 2557 661 2603 Jui.
685 2568 762 2605 cap.
789 2556 891 2595 XVI.
918 2557 978 2594 ubi
1007 2556 1136 2595 eadem
1158 2557 1338 2605 Excerpta
1401 2568 1467 2601 ate,
1508 2558 1700 2596 manifesto
1729 2558 1818 2596 vitio
1850 2560 1889 2596 &
1919 2564 2046 2596 contra
2071 2564 2232 2595 mentem
2260 2553 2430 2597 Tralaffl,

305 2608 614 2656 praepositionem
634 2607 678 2645 ab
698 2607 932 2645 inseruerunt.
959 2608 1107 2645 Lono
1123 2619 1284 2645 οιιυε.
1411 2608 1532 2645 immo
1562 2610 1671 2647 etiam
1701 2608 1824 2653 Plinii,
1850 2609 1913 2658 qui
1941 2607 2136 2650 haerebat,
2177 2601 2262 2659 quid
2289 2601 2430 2638 servan·

360 2669 393 2696 1-
423 2659 660 2708 Cenfhribus]
688 2658 725 2695 A
744 2658 970 2702 censoribus,
997 2659 1059 2707 qui
1081 2658 1191 2696 etiam
1212 2658 1250 2696 in
1270 2669 1337 2706 op·
1413 2657 1502 2696 dum
1519 2685 1530 2702 ‚
1565 2659 1727 2709 quidque
1752 2670 1842 2698 eum
1871 2658 2130 2697 consulentibus
2156 2649 2430 2690 rescribendum·

299 2707 391 2756 pidis
414 2710 643 2753 creabantur,
670 2717 709 2746 ut
726 2709 895 2747 testantur
908 2707 1225 2755 jurisconsulti,de
1245 2720 1339 2757 quo·
1405 2709 1532 2747 Multo
1571 2710 1728 2749 deterius
1755 2710 1806 2747 est
1833 2708 2073 2749 eorumdem,
2129 2701 2229 2750 quod
2259 2712 2347 2758 mox
2376 2701 2429 2738 se·

303 2769 388 2796 rum
410 2759 533 2797 officio
555 2759 646 2798 libro
670 2759 735 2797 1X.
761 2760 874 2797 multa
895 2760 1121 2807 protulimus.
1149 2759 1180 2796 C
1196 2773 1212 2795 A
1227 2771 1251 2796 τ
1268 2774 1287 2796 Α
1300 2773 1337 2798 Ν.
1401 2762 1553 2810 quitur,
1579 2759 1780 2808 temporibus
1797 2770 1863 2807 pro
1883 2756 2075 2807 censoribus.
2111 2754 2193 2791 Nec
2212 2761 2323 2798 magis
2350 2761 2431 2799 pro-

305 2807 404 2847 Vide
428 2810 472 2848 ad
502 2810 582 2848 Lib.
620 2811 684 2848 IX.
709 2810 819 2860 Epist.
845 2810 944 2848 xm.
973 2823 1004 2848 n.
1039 2811 1099 2849 16.
1121 2809 1340 2859 Oppidano·
1413 2810 1565 2856 bamus,
1593 2812 1764 2848 omittere
1783 2810 1896 2847 statim
1917 2810 2079 2856 legerent.
2106 2801 2207 2861 qqod
2228 2802 2327 2859 mffllO
2348 2813 2433 2839 mo-

306 2867 389 2895 rum
418 2868 542 2898 tamen
573 2862 735 2900 maxime
765 2860 805 2899 fit
834 2861 976 2900 mentio
1004 2862 1077 2899 hoc
1107 2861 1197 2899 libro
1229 2861 1339 2909 Epist.
1413 2860 1463 2899 do
1493 2859 1608 2899 abesse
1634 2860 1763 2910 potest.
1814 2859 2043 2896 Casaubonus
2067 2854 2105 2890 &
2132 2854 2188 2890 (vl.
2216 2854 2339 2910 Minos
2364 2863 2432 2900 pro

305 2906 520 2962 LXXXIII.
547 2923 582 2950 n.
610 2924 643 2962 3.
682 2913 720 2949 &
753 2912 890 2950 CXIII.
924 2924 962 2950 n.
993 2922 1022 2950 r.
1051 2912 1191 2950 Desunt
1218 2911 1337 2961 aliqua
1410 2920 1574 2960 oporteret
1599 2913 1636 2949 in
1666 2910 1825 2957 margine
1856 2916 1988 2956 oportet.
2018 2955 2024 2960 Π
2057 2902 2258 2962 Postremo·
2283 2903 2334 2941 bis
2369 2913 2432 2960 per

305 2968 345 2994 m
377 2957 481 2996 Voff.
508 2972 668 3009 nempe,
696 2964 785 3000 inter
815 2977 902 3014 quas
935 2962 1023 3000 nihil
1049 2964 1090 3000 de
1123 2964 1199 3000 cive
1228 2963 1336 3002 alieno
1403 2962 1504 3000 hanc
1524 2961 1708 3010 epistolam
1731 2956 1928 3006 scripsimus
1955 2956 2180 3010 civitatium,
2204 2965 2302 3002 cujus
2324 2962 2433 2991 ratio-

308 3016 476 3052 cavetur,
503 3011 697 3056 quomodo
719 3015 828 3052 etiarn
849 3015 899 3052 est
920 3015 957 3051 in
978 3015 1136 3061 principe
1156 3012 1338 3051 Editione.
1411 3023 1498 3049 nem
1530 3009 1766 3051 antecedente
1793 3005 1935 3059 epistola
1966 3017 2004 3059 n.
2044 3016 2076 3045 ι.
2101 3004 2280 3045 dedimus.
2305 3004 2374 3042 Lo
2387 3016 2430 3042 n-

296 3056 540 3113 ·.„Ca-saub9nus
559 3060 709 3101 demum
733 3065 771 3103 ὃς
794 3065 918 3105 Minos
935 3065 973 3105 in
996 3064 1157 3113 margine
1170 3075 1178 3102 ε
1191 3064 1332 3116 quidam
1412 3072 1437 3099 o
1453 3072 1509 3100 or.
1521 3074 1536 3101 1
1549 3074 1571 3100 υ
1583 3071 1612 3112 ⁵2
2303 3118 2319 3146 Χ
2363 3111 2414 3142 No
