2616 3686
297 233 396 282 816
515 219 1026 277 C.‘P'·LIN11
1095 213 1344 264 CAEC

1380 210 1601 263 1L11
1669 210 2186 263 SECUNDI

302 323 519 373 rentur,
567 318 580 340 ¹
608 304 958 380 ,pertinaciam
990 311 1139 353 certe
1177 292 1624 350 &‘inflexibilem
1658 290 2074 349 obstinationem
2112 293 2313 351 debere
2334 309 2436 368 pu·-

228 399 263 448 4
305 387 424 442 niri.
491 381 734 438 Fuerunt
757 380 843 434 alii
861 383 880 408 ²
900 376 1074 430 sir-nilis
1099 371 1386 427 amentiae:
1431 386 1594 439 qum,
1634 373 1650 403 ³
1671 369 1797 440 quia
1823 370 1965 424 cives
1988 369 2225 424 Romani
2249 385 2432 437 erant,

308 460 566 518 adnotavi
586 459 642 513 in
663 455 851 513 urbem
874 447 1231 508 remittendos
1249 460 1408 500 :mox
1429 442 1582 514 fipso
1612 443 1870 507 tractatu,
1886 456 1944 499 ut
1977 444 2097 500 fieri
2120 444 2251 501 solet
2267 485 2286 512 ‚

310 675 410 706 eum,
436 661 497 712 qui
526 672 568 699 ex
599 665 791 696 commeatu
811 652 886 704 fine
922 645 1143 690 cbmmtlitone
1175 645 1336 684 redierat.

310 714 408 751 Mox
441 711 576 749 rursus:
604 714 806 746 Damnatus
837 712 939 741 extra
971 699 1111 737 vallum
1139 698 1261 735 duetus
1286 693 1342 742 est.

310 765 446 802 lterum
468 761 627 799 ibidem:
657 755 859 806 Conscendit
879 750 1036 791 tribunat
1061 749 1133 798 Piso
1143 748 1280 795 furiens
1302 757 1341 781 ac
1367 752 1369 758 '

308 814 402 855 iubet
423 812 498 849 duci
518 821 714 859 utrumque.
724 805 912 844 suetonius
923 802 1082 850 Caligula
1093 811 1169 847 cap.
1181 795 1344 836 XXVII.

314 863 559 910 custodiarum
574 860 694 909 seriem
714 855 938 905 recognoscens
960 852 1091 889 nullius
1119 850 1259 900 inspeiffo
1278 848 1343 909 elo?

310 916 386 964 gio,
407 914 507 960 flans
527 910 770 950 tantummodo
795 907 892 945 intra
918 905 1085 954 porticum
1111 901 1262 939 mediam
1278 925 1289 942 ,
1317 911 1343 933 a

313 964 431 1002 Calvo
469 964 519 1001 ad
553 963 712 1000 Calvum
754 957 834 996 duci
871 955 1071 1004 imperavit.
1121 951 1238 998 Quod
1265 949 1345 985 duci

314 1017 446 1057 ἁπλῶς
470 1015 542 1052 hoc
565 1015 602 1052 in
622 1013 729 1052 loco.
757 1009 793 1047 id
813 1018 898 1045 cum
919 1004 1160 1043 declaratione
1183 1003 1220 1039 &
1240 1000 1345 1048 plene

312 1067 351 1104 in
369 1065 523 1104 Tiberio
544 1075 622 1113 cap.
651 1061 771 1099 LVII.
800 1060 850 1096 ad
862 1057 1065 1107 supplicium
1101 1053 1200 1097 duci,
1226 1049 1348 1098 appel-

314 1117 423 1161 lavit,
452 1115 552 1165 quod
575 1112 749 1152 Ciceroni
767 1109 873 1147 Catil.
903 1120 932 1145 1.
962 1107 1010 1142 ad
1030 1115 1173 1142 mortem
1192 1101 1270 1140 duci
1288 1100 1349 1137 est.

315 1168 496 1205 Buchner.
533 1164 710 1215 Quinetil.
732 1161 836 1199 Decl.
862 1157 1058 1196 CCCXV.
1083 1167 1118 1203 p.
1145 1153 1231 1191 628.
1261 1151 1350 1188 Mo·

316 1218 485 1256 tiendum
516 1217 586 1256 est:
616 1215 700 1266 quid
729 1211 795 1252 tibi
819 1208 986 1259 praestare
1007 1206 1129 1253 infelix
1155 1215 1254 1252 pater
1274 1210 1351 1251 pos·

309 1270 391 1320 fitm
412 1286 423 1306 .·
453 1281 530 1306 cum
560 1266 698 1305 duceris
716 1292 726 1309 ,
755 1261 865 1311 flebo,
898 1259 1079 1307 plangam.
1120 1255 1243 1292 Florus
1270 1252 1352 1290 Lib.

316 1320 372 1359 ΙΙΙ
411 1331 487 1369 cap.
516 1317 618 1356 XXI.
644 1329 680 1355 n.
705 1314 766 1352 28.
791 1322 831 1350 ut
852 1310 973 1360 obsides
988 1309 1068 1358 jure
1089 1305 1191 1351 belli,
1218 1315 1260 1344 <9⁸
1280 1315 1354 1342 mo·
1383 1309 1385 1319 '

321 1372 364 1409 do
384 1378 504 1408 morte
523 1367 686 1407 damnati
705 1365 788 1404 duci
805 1362 985 1411 jubentur.

377 1434 408 1460 1.
437 1417 702 1468 Pertinaciam]
742 1419 795 1455 lta
823 1411 926 1450 Voff.
962 1408 1043 1448 MS.
1071 1406 1171 1457 qnod
1202 1406 1356 1456 sequen-

320 1473 410 1511 dum
432 1471 518 1510 duxi
540 1468 791 1520 praeeuntibus
808 1466 945 1508 Ioanne
974 1460 1020 1499 de
1041 1459 1199 1497 Tridino
1222 1460 1257 1494 ἃ
1281 1457 1356 1495 Ca·
1383 1454 1388 1463 ’

321 1531 455 1562 tanaeo
485 1524 522 1560 in
546 1521 654 1570 priori
675 1518 867 1558 Edidone.
890 1511 1137 1558 eamdemque
1155 1508 1354 1546 lectionem

321 1575 362 1613 in
380 1573 540 1621 margine
561 1572 707 1610 suorum
729 1568 903 1607 librorum
931 1569 1105 1602 notarunt
1123 1559 1356 1598 casaubonus

327 1627 365 1664 &
384 1626 521 1663 Minos.
572 1622 679 1661 Istam
709 1618 859 1670 quidem
889 1615 1009 1664 paullo
1031 1611 1189 1651 timidius
1209 1610 1359 1648 restitui-

324 1688 432 1718 mus,
469 1674 613 1724 reliquis
646 1671 817 1710 omnibus
847 1675 972 1706 contra
1003 1675 1071 1702 nos
1101 1661 1291 1705 stantibus,
1317 1671 1359 1698 ac

325 1714 602 1777 pertinacissime
618 1721 845 1773 pervicaciam
876 1718 1054 1756 servantes
1068 1743 1078 1759 ‚
1103 1714 1274 1762 hancque
1293 1723 1360 1749 vo-

327 1789 409 1816 cem
431 1788 507 1815 non
530 1776 633 1825 plane
655 1773 826 1811 damnare
843 1767 1032 1807 audemus.
1081 1764 1142 1802 Illa
1169 1771 1295 1801 tamen
1322 1764 1359 1801 in

328 1828 459 1867 delicio
485 1827 533 1864 est
565 1823 714 1864 Nostro.
768 1822 826 1860 Sic
848 1819 1013 1869 pertinax
1042 1814 1208 1853 valetudo
1227 1814 1307 1852 Lib.
1334 1813 1361 1851 Ι.

327 1878 438 1928 Epist.
465 1877 582 1915 XXII.
609 1888 645 1914 n.
675 1887 705 1913 1.
733 1872 814 1911 Lib.
842 1871 927 1908 VH.
963 1866 1072 1917 Epist.
1098 1865 1125 1902 Ι.
1153 1878 1190 1904 n.
1222 1875 1251 1901 r.
1280 1865 1361 1904 Lib.

327 1931 399 1967 Vi.
428 1928 535 1977 Epist.
561 1928 610 1965 V.
635 1928 745 1974 princ.
774 1921 975 1972 Scripsbram
1003 1915 1141 1966 tenuisse
1163 1922 1363 1960 Varenum,

331 1992 373 2019 ut
387 1979 455 2029 sibi
475 1990 614 2016 evocare
630 1977 722 2023 testes
739 1975 873 2016 liceret,
909 1970 1000 2022 quod
1019 1966 1175 2010 pluribus
1194 1979 1339 2016 aequum
1352 1994 1362 2010 ‚

332 2030 545 2083 quibusdam
567 2029 731 2077 iniquum
750 2054 760 2070 ‚
810 2035 852 2064 <9-
883 2022 1017 2073 qus'dem
1049 2019 1276 2067 pertinaciter
1311 2017 1367 2055 vi-

327 2084 423 2133 sum.
450 2081 530 2118 Lib.
557 2079 646 2116 Vll.
675 2077 781 2125 Epist.
800 2076 959 2112 VI.n.2.
984 2071 1115 2108 Perstat
1135 2079 1255 2105 tamen
1273 2068 1365 2105 idem

335 2132 393 2171 ille
415 2137 591 2180 Magnus.-
617 2129 702 2180 quin
721 2126 828 2165 etiam
848 2124 1038 2173 Nigrinum
1057 2120 1222 2169 optimum
1244 2120 1366 2155 virum

335 2182 613 2232 pertinacissime
640 2185 796 2217 exercet.
831 2174 891 2212 Est
931 2174 1030 2211 enirn
1059 2169 1136 2207 talis
1175 2169 1368 2217 pertinacia

336 2234 480 2273 vitium.
508 2233 642 2270 Seneca
666 2229 774 2278 Epist.
801 2225 953 2264 LXXV.
990 2228 1041 2259 Ut·
1055 2219 1203 2258 breviter
1217 2219 1368 2266 finiam,

337 2285 488 2323 morbus
505 2284 548 2334 est
559 2280 736 2331 judicium
756 2280 792 2317 in
812 2287 929 2323 pravo
945 2273 1118 2323 pertinax.
1153 2270 1271 2319 quue
1292 2270 1370 2307 vult

337 2335 533 2384 inflexibit'is
555 2331 743 2378 obstinatio.
773 2327 904 2366 Sallust.
931 2327 1012 2362 Cat.
1040 2333 1117 2370 cap.
1143 2321 1370 2359 XXXVl.n.

340 2398 376 2433 4.
395 2389 494 2432 fuere
517 2396 636 2422 tamen
665 2382 755 2420 cives
774 2407 782 2420 ‚
821 2379 882 2429 qui
903 2378 1006 2427 sieque
1034 2386 1168 2423 remque
1195 2370 1368 2421 publicam

341 2436 524 2475 obstinatis
552 2434 681 2472 animis
708 2430 889 2482 perditum
926 2430 1033 2466 irent.
1068 2425 1201 2463 Plinius
1230 2422 1310 2460 Lib.
1338 2422 1368 2460 I.

340 2488 451 2536 Epist.
479 2488 558 2524 XII.
585 2498 622 2523 n.
653 2494 710 2522 ιο.
735 2480 825 2520 nihil
840 2480 919 2528 jam
939 2492 983 2516 ne·
1000 2490 1054 2515 me
1076 2476 1366 2517 impetraturum.-

345 2550 423 2576 tam
445 2538 619 2576 obstinate
638 2533 745 2583 magis
765 2545 806 2568 ac
825 2531 939 2580 magis
955 2524 1162 2567 induruisse.
1192 2523 1371 2572 Adpofite

344 2601 433 2638 ergo
453 2587 699 2626 Tertullianus
718 2582 878 2630 Apolog.
904 2591 982 2629 cap.
1009 2577 1168 2615 XXVII.
1203 2575 1385 2628 Quidam.

346 2641 571 2679 dementiam
590 2635 811 2682 existimant,
838 2631 928 2683 quod
960 2643 1037 2667 cum
1065 2626 1229 2676 possumus
1253 2636 1295 2664 cy
1310 2625 1373 2672 sa-

349 2692 498 2740 crificare
531 2691 567 2727 in
593 2686 761 2738 praesinti
783 2712 793 2726 .
831 2696 874 2723 (θ’
901 2681 1008 2733 illaesi
1047 2679 1141 2717 abire
1162 2704 1171 2716 .
1211 2686 1372 2713 manente

346 2742 441 2790 apud
463 2741 622 2779 animum
642 2736 823 2788 proposito,
840 2732 1130 2783 ⁴obstinationem
1142 2726 1256 2776 saluti
1270 2737 1372 2774 prae·

348 2794 504 2833 feramue
559 2790 763 2837 Pariterque
782 2785 972 2830 coniunxit
993 2780 1125 2820 Noster
1141 2778 1371 2827 pertinaciam

350 2844 388 2878 ἃ*
411 2841 664 2888 obstinationem
684 2849 725 2875 ac
745 2836 1011 2886 Quinctilianus
1029 2831 1111 2871 Inst.
1138 2829 1284 2867 Orator.
1296 2829 1375 2867 Lib.

350 2892 431 2928 Xll.
457 2904 530 2939 cap.
559 2891 587 2930 I.
613 2903 647 2938 p.
678 2898 786 2934 1047.
813 2888 1133 2924 Lonootius.

402 2953 446 2996 ι..
465 2941 589 2978 similis
605 2940 807 2987 amentiae]
840 2936 1009 2986 Ejusdem
1036 2930 1310 2982 superstitionis:
1339 2937 1375 2967 at

352 3000 466 3048 magis
486 2992 680 3038 religionis,
696 2991 733 3026 ὅ(
754 2988 972 3036 prudentiae.
996 2997 1084 3023 nam
1107 2982 1300 3029 Septimius
1321 2980 1376 3017 in-

349 3049 428 3099 quit
448 3067 457 3082 ‚
498 3053 564 3077 non
587 3050 676 3088 potes
706 3039 899 3079 amentiam
930 3038 1037 3078 dicere
1055 3063 1068 3082 ,
1105 3032 1162 3086 qui
1190 3030 1375 3071 revinceris

347 3103 513 3143 ignaram».
537 3091 570 3129 C
584 3103 605 3128 Α
617 3102 640 3128 ir
655 3103 675 3127 Λ
689 3102 724 3129 ις.

2331 446 2438 502 dit:

2313 522 2437 577 fun-

1457 654 1490 700 3:
1517 643 1620 699 Qia
1641 643 1736 682 cives
1753 641 1918 680 Romani
1936 643 2241 688 erane·,adnotavi
2255 646 2292 683 in
2313 645 2431 686 urbem

1404 695 1653 744 remittendos]
1683 694 1771 731 Hoc
1791 703 1942 742 quoque
1969 694 2121 732 verbum
2147 697 2344 735 adnotandi
2365 699 2443 747 pla-

1405 745 1522 802 ne'est
1546 745 1736 784 lCtorum.
1763 745 1951 782 Adnotare
1966 744 2091 783 dicitur
2113 745 2220 792 iudex
2235 774 2247 789 ‚
2274 759 2359 785 cum
2382 749 2445 788 ali-

1406 796 1494 852 quid
1517 795 1699 841 decernit,
1726 794 1829 844 quod
1844 795 1941 833 scribi
1961 796 1999 833 ὅ(
2023 797 2059 833 in
2080 796 2155 833 ἀἑὶλ
2187 797 2312 836 referri
2326 800 2446 847 jubet.

1408 847 1487 884 ICri
1505 846 1617 904 solent
1638 846 1947 889 dicere‚a1›sentes
1969 857 2049 884 reos
2069 848 2232 885 adnotari
2257 851 2448 900 requiren-

1410 897 1499 934 dos:
1525 909 1570 953 iii⁸
1591 898 1697 954 titulo
1722 895 1895 953 Pandest.
1921 896 1968 934 de
1991 897 2214 946 requirendis
2238 901 2316 938 reis.
2369 901 2443 939 Hic

1410 958 1500 1005 vero
1521 948 1652 986 Plinius
1671 959 1692 985 e
1714 947 1854 984 diverso
1873 947 2072 994 praesentes
2095 949 2268 993 adnotat,
2294 952 2364 988 alio
2385 963 2450 990 re-

1411 998 1626 1055 mittendos.
1677 996 1899 1035 Remittebat
1919 1005 2043 1035 autem
2067 1009 2150 1036 curn
2175 1001 2297 1049 elogio
2318 1005 2355 1039 &
2375 1014 2448 1040 no-

1411 1051 1532 1108 toriis,
1550 1057 1599 1107 ‘ut
1621 1057 1709 1087 tunc
1726 1048 1834 1086 etiam
1856 1047 2096 1097 loquebantur
2114 1050 2207 1088 ICti.
2259 1052 2381 1098 Quod
2399 1052 2445 1092 ad

1398 1112 1467 1150 *Jus
1489 1112 1625 1138 civium
1645 1101 1902 1138 Romanorum
1936 1098 2093 1144 adtinet,
2123 1102 2215 1148 (quo
2248 1102 2284 1139 &
2307 1102 2447 1141 Paullus

1413 1152 1610 1199 Apostolus
1632 1178 1644 1195 ,
1681 1150 1766 1188 Aa.
1795 1149 1922 1198 Apost.
1946 1150 2069 1188 xxii.
2097 1162 2158 1200 25.
2182 1151 2255 1199 seq.
2281 1152 2359 1190 usus
2379 1154 2449 1204 est)

1416 1201 1510 1240 duae
1539 1209 1682 1239 veteres
1712 1202 1858 1239 fuerunt
1873 1201 2003 1248 leges,>
2018 1201 2143 1239 Porcia
2163 1203 2201 1239 ὃς
2221 1201 2448 1253 Sempronia.

1418 1252 1479 1290 llla
1501 1253 1671 1296 cavebat,
1694 1263 1741 1289 ne
1764 1252 1842 1301 quis
1862 1253 1981 1289 civem
2005 1251 2220 1290 Romanurn
2245 1255 2347 1303 virgis
2369 1264 2452 1293 cae-

1421 1303 1548 1349 deret,
1574 1311 1788 1342 necaretve:
1804 1302 1864 1340 sed
1885 1301 2057 1340 damnato
2081 1303 2240 1342 exsilium
2264 1307 2453 1353 permitte-

1419 1361 1485 1393 ret.
1537 1354 1751 1403 Sempronia
1777 1364 1888 1396 vero,
1916 1363 1963 1390 ne
1993 1351 2039 1391 de
2071 1354 2184 1402 capite
2214 1355 2350 1394 civium
2371 1357 2451 1394 Ro-

1420 1416 1617 1443 manorum
1638 1402 1768 1452 injuisu
1797 1402 1924 1453 populi
1953 1402 2179 1448 iudicaretur.
2231 1406 2357 1456 ltaque
2387 1407 2452 1446 cf-

1420 1467 1507 1494 cero
1529 1457 1635 1494 Verr.
1662 1456 1750 1492 vil.
1775 1456 1846 1499 ait,
1873 1454 1969 1492 hanc
1990 1466 2122 1493 vocem
2137 1484 2146 1500 ,
2169 1456 2255 1495 civis
2277 1464 2452 1498 Romanus

1385 1539 1388 1549 λ
1409 1507 1517 1557 sum,
1546 1507 1667 1544 multis
1688 1506 1791 1554 saepe
1810 1506 1847 1544 in
1868 1505 2001 1542 ultimis
2017 1507 2114 1544 terris
2133 1518 2245 1555 opem
2268 1509 2376 1547 etiam
2399 1511 2458 1548 in-=

1422 1566 1478 1596 ter
1497 1558 1662 1615 barbaros
1685 1555 2084 1614 &salutem’adtuliffe
2121 1557 2194 1596 Etsi
2214 1567 2337 1598 autem
2360 1569 2454 1598 tems

1423 1620 1514 1666 pore
1546 1608 1697 1656 Traiani
1729 1617 1803 1653 iarn
1837 1605 1941 1658 yalde
1971 1607 2165 1647 imminuta
2199 1609 2314 1649 effent
2334 1611 2478 1649 vetera'

1424 1661 1561 1698 civium
1582 1659 1840 1697 Romanorum
1854 1658 1957 1708 J'ura;
1984 1666 2108 1696 tamen
2132 1671 2174 1697 ea
2202 1660 2335 1700 Plinius
2352 1662 2456 1710 plane

1426 1712 1556 1749 sublata
1579 1707 1650 1748 esse
1670 1721 1746 1747 non
1767 1709 1918 1757 putavit.
1943 1707 1970 1745 B
1985 1721 2006 1745 A
2019 1721 2037 1746 ι
2055 1721 2078 1745 p
2094 1723 2118 1746 υ
2131 1723 2144 1747 1
2158 1723 2181 1746 Ν
2196 1725 2219 1747 u
2232 1722 2260 1749 s.
2292 1712 2455 1750 videndi

1426 1762 1584 1800 omnino
1605 1761 1734 1799 Livius
1756 1760 1840 1798 Lib.
1864 1759 1911 1797 X.
1936 1769 2012 1806 cap.
2037 1759 2102 1798 IX.
2126 1761 2164 1799 ὅ(
2186 1761 2320 1800 Gellius
2342 1762 2458 1802 Noti.

1429 1814 1508 1851 Ati.
1538 1811 1617 1870 Lib.
1642 1813 1689 1849 X.
1717 1822 1796 1860 cap.
1821 1811 1883 1848 ΠΙ.
1902 1809 2066 1858 Sigonius
2087 1810 2133 1849 de
2153 1811 2458 1861 Antiq.Jur.Ci¹t.

1426 1865 1539 1902 Rom.
1566 1862 1648 1922 idib.
1678 1861 1706 1900 Ι.
1732 1873 1808 1911 cap.
1835 1860 1903 1901 VI.
1940 1861 2232 1910 Interpretationi
2260 1865 2359 1902 verbi
2389 1865 2457 1902 ad-

1429 1925 1548 1953 notare
1567 1915 1737 1952 inservire
1759 1913 1900 1961 optime
1921 1913 2064 1960 poterit.
2093 1913 2244 1951 Sueton.
2273 1915 2399 1964 Callig.
2426 1928 2459 1955 e.

1430 1965 1593 2004 XXVII.
1621 1964 1783 2002 Cum-ad
1795 1964 1960 2014 flcginam
1971 1964 2135 2010 serarum
2157 1965 2294 2003 munrrt'
2316 1975 2461 2017 praepa-

1396 2046 1400 2080 3
1423 2027 1587 2074 ratarum
1610 2016 1736 2063 tarius]
1753 2015 1892 2063 pecudes
1911 2023 2206 2061 compararentur,
2218 2029 2259 2053 ex
2282 2018 2390 2055 noxiis
2409 2017 2460 2054 la.

1397 2083 1400 2110 i
1431 2069 1578 2104 mandas
1597 2066 1806 2104 adnotavit:
1835 2077 1876 2104 eo·
1894 2063 2125 2110 custodiarum
2138 2065 2261 2116 seriem
2280 2078 2459 2117 recogno-

1431 2118 1552 2161 scens,
1578 2108 1709 2153 nullius
1730 2115 1894 2163 inspecto
1914 2115 2037 2162 elogio
2053 2116 2170 2163 ‚stans
2188 2124 2255 2154 cet.
2279 2118 2470 2169 idemque

1432 2169 1528 2205 forte
1549 2168 1625 2205 vult
1648 2167 1829 2204 adnotatio
1844 2165 2077 2215 praefidii.,de
2098 2177 2168 2216 qua
2192 2168 2271 2206 Lib.
2295 2171 2343 2208 X.
2363 2169 2405 2209 C.
2415 2167 2460 2208 de

1429 2219 1581 2258 sentent.
1608 2215 1693 2266 paff.
1743 2216 1874 2266 quue
1893 2215 2062 2265 spectasse
2084 2218 2226 2256 videtur
2249 2220 2380 2259 Noster
2398 2220 2461 2258 Pa-

1434 2280 1520 2327 neg.
1543 2281 1620 2316 cap.
1648 2267 1786 2305 XLIX.
1813 2279 1847 2305 n.
1875 2268 1910 2305 6.
1941 2273 2021 2304 Non
2044 2268 2131 2306 em‘m
2153 2297 2163 2312 ,
2199 2282 2283 2309 ante
2308 2270 2458 2309 medium

1434 2321 1525 2358 diem
1555 2317 1901 2376 distentas-filitaria
1924 2330 2047 2364 coena,
2073 2321 2266 2371 spectator,
2310 2321 2462 2360 adnota-

1433 2378 1565 2421 torque
1587 2383 1746 2407 convivis
1768 2370 1835 2407 tuis
1854 2368 2025 2408 immines.

1484 2435 1518 2481 ⁴4:
1546 2422 1617 2471 Ipso
1639 2420 1821 2468 traetatu]
1850 2419 2032 2458 Sententia
2051 2420 2109 2458 hic
2128 2420 2213 2459 latet
2230 2420 2303 2458 talis
2317 2434 2325 2458 z
2339 2421 2457 2460 Semel

1433 2481 1584 2511 excitata
1606 2472 1751 2520 alicujus
1770 2471 1926 2510 criminis
1944 2470 2176 2520 inquiritione
2188 2499 2197 2513 ‚
2216 2470 2361 2508 subinde
2379 2471 2459 2518 plu-

1435 2535 1489 2561 res
1510 2535 1551 2561 ac
1573 2524 1682 2561 veluti
1704 2522 1851 2560 flamma
1872 2520 2336 2571 corripiuntur,iisdemque
2355 2520 2456 2557 nexi—

1433 2575 1499 2612 bus
1518 2575 1757 2623 implicantur.
1785 2573 1921 2612 Videre
1941 2573 2013 2610 hoc
2041 2572 2124 2609 licet
2143 2578 2220 2607 tum
2249 2570 2284 2606 in
2305 2570 2453 2608 crimine

1432 2626 1645 2669 haereseos,
1672 2632 1751 2662 tuin
1780 2623 1817 2661 in
1848 2623 2056 2672 majestati&
2083 2628 2159 2657 tum
2184 2620 2219 2657 in
2249 2620 2387 2666 magiae
2415 2622 2455 2659 ὃς

1406 2686 1408 2708 ³
1430 2675 1708 2719 incantationis,
1734 2675 1769 2712 in
1801 2673 1929 2723 quibus
1963 2671 2150 2708 Camarina
2178 2670 2319 2706 moveri
2341 2669 2454 2716 solet,

1437 2735 1476 2764 ut
1497 2727 1547 2765 est
1566 2728 1603 2764 in
1624 2723 1828 2775 proverbio.
1850 2724 1952 2760 Malo
1971 2728 2089 2759 autern
2110 2719 2166 2755 hic
2186 2718 2304 2765 legere
2323 2724 2459 2757 tracta·-

1440 2789 1479 2815 tu
1501 2789 1583 2815 cum
1608 2776 1770 2814 editione
1798 2774 1942 2812 Veneta
1971 2773 2008 2809 &
2042 2767 2299 2806 Mediolanensi
2325 2772 2362 2807 ὃς
2389 2773 2458 2809 Ar·

1438 2825 1702 2877 gementem,
1728 2835 1837 2873 quam
1859 2823 1996 2863 trat‘lu,
2022 2825 2064 2855 ut
2082 2817 2129 2855 est
2149 2818 2241 2866 apud
2255 2819 2459 2861 Henr.Ste-

1441 2880 1601 2928 phanum
1625 2889 1634 2914 ε
1681 2873 1829 2913 tametfi‘
1857 2880 2046 2917 utramque
2076 2867 2272 2907 leffionem
2319 2876 2459 2913 notavit

1443 2930 1550 2968 etiam
1575 2927 1775 2964 Caranaeus
1795 2924 1830 2960 in
1857 2921 1922 2958 Ed.
1949 2918 2222 2957 Mediolanensi.
2256 2919 2316 2956 Est
2335 2932 2455 2962 autem

1444 2981 1614 3017 nameus
1639 2974 1707 3024 ipsa
1735 2971 1914 3019 inquisitio
1942 2969 2117 3012 criminis,
2146 2971 2183 3006 ὃς
2206 2971 2365 3018 cognitio
2384 2964 2474 3014 five'

1429 3028 1633 3074 *tractatioe
1659 3022 1717 3061 sed
1735 3024 1866 3060 tracias
1887 3019 1934 3057 est
1956 3030 2057 3057 mora
2079 3020 2136 3057 vel
2156 3020 2287 3059 dilatio,
2333 3023 2388 3062 Sic
2408 3025 2461 3062 di·

1403 3085 1409 3113 l
1443 3079 1559 3117 cimus
1575 3074 1724 3116 tractatu
1753 3071 1873 3111 habito
1904 3069 2037 3122 aliquid
2058 3071 2195 3119 facere,
2231 3072 2318 3111 item
2345 3078 2468 3112 traetu.

2338 3133 2458 3168 remote

1364 650 1370 728 l

1377 1400 1387 1450 l
