2616 3686
0 0 79 62 ψ

446 180 1598 242 LIBER·1v.EP1·STOLA
1663 188 1863 240 XXIII.
2129 214 2217 265 305·

180 270 336 341 ficum
359 268 656 340 prudenter
690 261 963 334 disponat:
1013 271 1261 333 optatque
1284 259 1384 339 fibi
1426 263 1706 344 aliquando
1730 267 1850 320 dari
1866 280 2048 339 parem
2074 292 2212 328 occa,

111 383 117 390 .
175 343 394 410 stenem,
431 336 657 411 quastne
679 335 918 403 dedecore
932 333 1084 404 poſjit
1118 331 1404 405 transtgere
1427 344 1601 387 vetem
1625 338 1851 404 ottosam.

286 477 494 547 Agnarn
519 475 639 546 cepi
668 471 996 542 voluptatem
1015 508 1030 533 ‚
1068 486 1192 524 cum
1229 487 1298 526 ex
1323 471 1705 527 communibus
1737 474 1920 529 amicis
1950 482 2222 547 cognovi,

114 480 363 614 Mte,
404 547 416 568 ¹
444 564 499 602 ut
524 546 770 618 sapientia
797 556 884 597 tua
910 544 1136 614 dignum
1163 542 1267 606 est,
1309 543 1362 597 &
1391 545 1676 614 disponere
1701 547 1902 610 otium,
1941 567 1957 586 ²
1982 549 2189 605 &ferre
2207 590 2224 616 ,

113 623 351 679 habitare
378 617 768 677 amoeniffime,
803 615 855 668 &
886 633 1029 669 nunc
1061 630 1229 678 terra,
1275 633 1421 672 nunc
1447 618 1577 672 mari
1603 635 1797 689 corpus
1825 621 2051 690 agitare:
2091 623 2226 677 mul-

117 709 232 749 tum
258 693 544 764 disputare,
571 691 798 744 multum
828 690 1044 749 audire,
1070 689 1301 742 multum
1336 688 1907 762 lectitarez'quumque
1937 693 2227 762 plurimum

117 767 274 829 scias,
301 763 540 834 quotidie
568 776 743 816 tamen
773 761 972 828 aliquid
1000 760 1292 815 addiscere.
1336 760 1351 788 ³
1374 759 1449 816 lta
1472 761 1744 816 senescere
1765 777 1989 835 oportet
2016 765 2188 821 virum
2207 807 2223 831 ,

119 840 211 910 qui
244 842 262 866 ⁴
300 835 623 905 magistratus
647 830 998 903 ampliffimos
1029 832 1282 903 gesserit,
1307 833 1576 900 εχετεὶῐυε
1600 837 1798 889 rexerit
1824 874 1840 898 ,
1869 849 2154 909 totumque
2180 841 2230 894 se

120 908 134 936 ⁸
166 909 319 977 Reip.
357 908 614 978 quamdiu
641 905 898 972 decebat,
941 905 1214 960 obtulerit.
1242 946 1243 949 η
1291 903 1429 959 Nam
1458 901 1511 959 δε
1538 901 1557 924 ⁶
1579 907 1748 974 prima
1783 909 1921 963 vitae
1955 924 2230 978 tempora,

120 980 173 1035 &
212 979 384 1032 media
407 982 626 1069 8patriae
650 1017 668 1043 ‚
707 995 947 1032 extrema
981 976 996 1003 ⁷
1024 977 1177 1032 nobis
1200 977 1476 1047 impertire
1502 976 1788 1038 debemus,
1843 994 1899 1032 ut
1927 980 2062 1051 ipsae
2089 983 2230 1052 leges

115 1066 332 1108 monent
347 1090 362 1116 ‚

156 1272 179 1303 ἲ
209 1266 254 1301 Ut
274 1264 451 1314 sapientia
480 1274 546 1302 tua
579 1263 723 1312 dignum
758 1261 840 1310 est.l
871 1264 928 1302 Sic
948 1263 1131 1303 blanditur

109 1313 212 1363 saepe
233 1315 366 1353 Cicero
391 1315 555 1357 Caesari,
581 1323 622 1352 ut
640 1327 706 1364 pro
730 1316 877 1363 Ligario
893 1344 903 1360 ‚
931 1315 1131 1361 Marcello,

112 1364 290 1404 Deiotaro
306 1394 316 1410 ,
341 1366 432 1404 alibi.
460 1365 611 1404 Barim.

158 1426 179 1452 2
209 1421 256 1453 Et
281 1418 389 1464 serre.
415 1415 432 1464 ]
472 1415 684 1464 Quomodo
718 1415 918 1454 Horatius:
946 1415 1026 1454 bene
1047 1417 1135 1466 ἐξίει

109 1476 279 1514 magnam
294 1468 388 1513 ferre
401 1467 605 1512 fortunam.
633 1466 789 1503 Cicero:
817 1466 899 1504 bene
914 1469 1011 1512 ferre
1035 1479 1134 1505 aeta-

109 1525 179 1552 tem
206 1546 213 1555 .
264 1518 302 1553 ὃ(
335 1517 508 1563 Su'picius
541 1515 588 1552 ad
620 1515 842 1553 Ciceronem
869 1529 879 1552 ι
903 1517 1135 1563 pulcherrime

102 1566 198 1612 ferre
219 1567 410 1615 secundam
424 1567 629 1612 fortunam.
657 1563 684 1600 B
700 1576 720 1599 Α
735 1577 759 1600 R
777 1578 800 1602 r
814 1576 851 1601 rt.
880 1565 989 1603 Adde
1005 1567 1136 1604 Sallust.

113 1615 194 1652 Cat.
229 1628 303 1664 cap.
339 1615 383 1652 X.
419 1627 453 1651 n.
487 1627 518 1652 2.
570 1613 696 1651 Paullo
734 1622 818 1652 ante
841 1614 935 1652 male
959 1616 1136 1656 Gruterus

110 1665 243 1716 aliique
277 1666 494 1704 recentiores
524 1674 568 1703 ω·
600 1665 776 1701 omittunt
803 1678 812 1702 :
862 1666 900 1702 &
935 1666 1135 1713 dzsponere‚

111 1717 213 1765 quod
242 1725 368 1755 tamen
399 1716 438 1754 in
471 1716 640 1752 omnibus
668 1713 799 1764 scriptis
830 1716 869 1753 δε
904 1714 996 1754 Edd.
1034 1717 1136 1756 Vett.

112 1766 275 1806 habetur.

166 1830 186 1867 3
225 1826 277 1855 lta
305 1818 470 1868 senescere
504 1824 651 1867 oportet
682 1815 841 1866 virum]
872 1817 1049 1866 Optimus
1072 1831 1135 1856 ex-

116 1868 226 1906 cludit
250 1870 400 1906 verbum
424 1879 565 1915 oportet.
594 1869 650 1906 Sic
672 1877 691 1904 a
713 1869 827 1906 verbo
849 1880 948 1916 cogno
958 1868 991 1905 zi
1014 1871 1133 1907 oratio

116 1918 301 1966 penderet.
357 1920 552 1968 Sequentia
590 1926 712 1961 tamen
751 1919 789 1957 δε
824 1920 862 1957 in
898 1919 1020 1968 primis
1049 1920 1133 1959 illud

116 1967 273 2005 debemus
298 1980 333 2004 n.
356 1981 389 2017 3.
410 1970 589 2016 vulgatam
611 1977 764 2007 tuentur.

164 2030 187 2062 4
216 2018 498 2068 Magistratus.]
540 2020 751 2068 Dignitates.
801 2018 1034 2068 Magistratus
1072 2031 1135 2061 aut

117 2067 307 2114 personam
333 2069 439 2117 ipsam
462 2069 706 2115 demonstrat,
731 2078 771 2108 ut
793 2082 877 2108 cum
892 2071 1043 2110 dicimus
1056 2085 1134 2111 ma-

117 2115 277 2163 gistratus
293 2119 415 2166 jussit,
441 2129 502 2157 aut
521 2120 702 2158 honorem
719 2149 728 2165 ,
757 2129 795 2158 ut
815 2121 838 2158 si
862 2120 998 2159 dicatur
1011 2123 1134 2162 Mario

118 2165 219 2203 datus
242 2168 288 2205 est
313 2169 539 2218 magistratus.
568 2171 745 2220 Ulpianus
768 2171 802 2209 ff.
824 2171 983 2209 secundo
996 2174 1133 2223 inquit,

118 2218 353 2265 Magistratus
374 2219 417 2267 est
439 2221 495 2258 vel
513 2221 564 2265 is,
602 2223 661 2272 qui
684 2235 722 2259 m
740 2221 906 2272 potestate
927 2223 1047 2273 aliqua
1070 2225 1135 2272 est,

116 2278 158 2303 ut
174 2277 261 2316 puta
287 2271 468 2321 l’rocensul
483 2301 493 2317 ,
519 2272 577 2309 vel
600 2280 744 2310 Praetor
767 2301 778 2317 ,
817 2272 873 2310 vel
897 2274 956 2322 qui
993 2277 1139 2322 provin-

117 2317 184 2354 cias
217 2333 350 2368 regunt.
406 2322 576 2360 Omnino
603 2322 642 2360 hi
676 2323 843 2361 dicuntur
875 2322 945 2361 esse
965 2327 1002 2363 in
1024 2328 1138 2373 magi-

118 2366 222 2405 stratu
239 2398 249 2413 ,
276 2374 336 2420 qui
363 2384 424 2421 per
445 2374 595 2421 imperia
616 2376 839 2422 potentiores
862 2372 954 2412 fiunt
978 2403 988 2419 ,
1027 2385 1138 2424 quam

118 2419 255 2466 privati.
311 2422 522 2471 Magistrare
544 2425 641 2461 enim
667 2435 788 2471 regere
813 2426 852 2462 &
888 2425 1069 2463 moderari
1099 2425 1142 2462 fi-

122 2468 275 2515 gnificat.
307 2473 457 2511 Tacitus
487 2475 578 2511 inter
606 2475 826 2521 magistratus
849 2482 991 2511 tantum
1016 2487 1141 2512 recen-

121 2518 170 2556 set
182 2547 192 2564 ,
221 2523 445 2571 quaesturam
464 2553 473 2568 ,
502 2524 721 2562 aedilitatem
738 2553 748 2569 ,
776 2525 997 2562 tribunatum
1015 2552 1025 2569 ,
1039 2537 1140 2574 prae-

126 2574 262 2617 turam,
292 2574 529 2611 consulatum.
559 2575 713 2613 CA'rAN.

168 2632 191 2674 5
219 2622 342 2673 Reip.]
375 2624 436 2660 Ad
469 2625 573 2662 usum
609 2626 791 2674 publicum
828 2627 866 2664 ὃ(
896 2637 1139 2664 communem

128 2669 319 2712 utilitatem.
368 2675 535 2712 'Curiales
571 2688 702 2713 omnes
736 2677 1037 2714 interminatione
1059 2687 1142 2714 mo-

132 2720 202 2756 neri
227 2721 325 2769 jubet
358 2725 562 2773 Imperator
586 2755 596 2770 ‚
635 2739 681 2764 ne
705 2728 866 2764 civitates
890 2727 1053 2774 fugiant,
1080 2735 1143 2764 aut

135 2761 283 2822 dsssprant
305 2803 314 2819 ,
350 2786 406 2812 rus
427 2776 612 2814 habitandi
640 2776 739 2814 causa
760 2791 768 2813 ε
810 2776 965 2814 fundum
990 2805 1000 2821 ,
1028 2789 1141 2826 quem

138 2821 262 2857 c”fimi
281 2827 505 2872 praetulerint
525 2827 671 2866 scientes
686 2856 696 2872 ,
717 2826 802 2865 fisco
825 2826 894 2866 csse
906 2827 1117 2866 sociandum
1132 2857 1142 2873 ‚

141 2871 347 2924 eoquejure
366 2876 399 2913 se
419 2875 488 2915 esse
513 2880 685 2916 carituros
711 2907 721 2923 ‚
761 2879 864 2926 cujus
888 2880 989 2916 causa
1010 2880 1144 2927 impios

142 2910 228 2965 scPa
246 2926 327 2959 nam
339 2916 831 2967 *litandodemonstraverint.
863 2930 973 2966 IDEM.
1003 2932 1145 2977 ¹{baam-

168 2974 202 2997 ¹¹⁴
226 2965 352 3025 decebat
374 2985 499 3015 omnes
519 2978 618 3023 libri,
646 2991 746 3024 non,
775 2980 875 3028 quod
900 2992 977 3017 non
1005 2982 1145 3018 nemini

142 3011 294 3058 Phfflss,
320 3020 443 3062 luebat.
468 3028 605 3065 Senibus
629 3032 724 3068 enim
747 3030 922 3077 industria
938 3031 1019 3080 fhra
1035 3059 1044 3075 ‚
1071 3039 1147 3068 tur-

143 3064 355 3152 gffiffljw
376 3071 448 3118 est,
478 3086 518 3116 ut
538 3078 651 3119 scribit
670 3081 751 3120 Lib.
774 3081 842 3121 111.
864 3081 974 3131 Epist.
998 3081 1024 3120 1.
1047 3094 1082 3121 n.
1111 3094 1144 3119 2.

462 1068 598 1123 quae
639 1050 897 1106 maiorem
922 1051 1066 1105 annis
1101 1049 1230 1104 LX.
1274 1049 1389 1104 otio
1415 1048 1672 1106 reddunt.

1748 1050 1988 1124 Quando
2014 1055 2140 1107 mihi
2168 1058 2229 1110 li-

2048 1125 2229 1182 cebit?

1252 1262 1276 1298 6
1303 1262 1429 1301 Prima
1447 1263 1548 1302 vitae
1566 1263 1764 1314 temperas]
1794 1263 1982 1303 Hominem
2005 1262 2044 1302 in
2056 1267 2154 1311 freto
2177 1266 2235 1304 vi-

1204 1326 1285 1351 vere
1313 1313 1430 1352 debere
1453 1343 1464 1359 ‚
1501 1315 1539 1352 in
1567 1325 1673 1364 portu
1704 1327 1825 1354 autem
1852 1316 1982 1361 mori,
2020 1316 2156 1353 Seneca
2179 1319 2238 1356 ait·

1206 1375 1283 1413 quo
1308 1364 1409 1402 dicto
1432 1364 1606 1413 fignificat
1621 1395 1631 1411 ,
1657 1367 1853 1405 hominem
1873 1369 1910 1405 in
1928 1368 2084 1416 juventa
2097 1366 2240 1417 semper

1205 1416 1382 1501 {egotiari
1426 1416 1558 1454 debere
1581 1444 1591 1461 ,
1639 1419 1676 1455 in
1717 1416 1903 1456 senectute
1948 1425 2074 1455 autem
2122 1420 2241 1460 otiari.

1253 1477 1400 1503 aram

1261 1527 1279 1562 7
1313 1516 1422 1554 Nobis
1445 1517 1632 1565 impertire
1654 1517 1824 1555 debemus.
1849 1516 1864 1566 ]
1897 1516 2060 1555 Riccard.
2083 1520 2123 1557 &
2146 1519 2238 1559 Lin-

1211 1564 1334 1602 denbr.
1366 1566 1459 1603 nohis
1489 1568 1668 1614 imperare
1701 1567 1873 1606 debemus.
1912 1567 2066 1606 Helmst.
2101 1571 2140 1607 ὃς
2162 1571 2239 1610 duo

1210 1616 1265 1653 alii
1294 1627 1379 1653 cum
1402 1617 1471 1654 Ed.
1495 1616 1786 1668 Vet.impartire.
1815 1619 1921 1657 Haec
1932 1618 2100 1666 scriptura
2113 1621 2240 1667 paffim

1209 1665 1303 1704 libris
1315 1674 1404 1712 vett.
1415 1668 1560 1715 placuit.
1588 1669 1904 1717 Mamert.Paneg.
1919 1668 2075 1706 Maxim.
2089 1669 2240 1712 Hercul.

1209 1726 1285 1764 cap.
1318 1715 1384 1753 III.
1416 1718 1604 1766 impartito
1635 1717 1700 1755 tibi
1727 1719 1878 1769 imperio.
1915 1718 2073 1756 Eumen.
2096 1732 2164 1769 pro
2186 1734 2243 1762 re-

1208 1765 1310 1803 staur.
1333 1766 1415 1804 Sch.
1435 1778 1513 1816 cap.
1532 1767 1636 1805 XIX.
1665 1767 1897 1808 Liberalitate
1911 1798 1922 1814 ,
1948 1782 2058 1818 quam
2069 1772 2244 1818 fovendis

1209 1815 1493 1868 honorandisque
1512 1818 1717 1856 litterarum
1734 1818 1863 1867 studits
1885 1822 2108 1869 impartiunt.
2122 1824 2170 1860 ita
2183 1825 2243 1864 hic

1213 1868 1250 1905 &
1272 1868 1345 1906 aliis
1366 1869 1455 1907 locis
1479 1869 1572 1907 Edd.
1595 1879 1630 1908 at
1652 1871 1893 1919 neglexerunt
1918 1872 2242 1923 Mame1·t.1>aneg.

1212 1917 1337 1957 Iulian.
1360 1931 1436 1969 cap.
1459 1919 1564 1957 XXI.
1610 1922 1685 1970 {Qui
1706 1934 1806 1958 aures
1829 1933 1938 1960 ettam
1963 1923 2057 1959 ‘neris
2076 1922 2242 1964 laudibus

1207 1981 1389 2018 gravatus
1421 1972 1615 2020 impartiat.
1649 1970 1697 2010 fic
1729 1972 1899 2022 scriptum
1941 1972 2098 2011 vidimus
2122 1976 2160 2012 in
2182 1976 2246 2014 ad-

1213 2029 1340 2058 curato
1373 2021 1455 2059 MS.
1489 2022 1798 2072 Guelferbytano.
1858 2023 2026 2061 Laetam.
2059 2023 2104 2062 de
2140 2026 2245 2075 Opif.

1213 2070 1261 2107 D.
1285 2082 1362 2121 cap.
1386 2072 1449 2110 XI.
1477 2072 1617 2121 §Quibus
1639 2075 1801 2112 concoet‘is
1825 2086 1867 2114 <9¹
1893 2075 2115 2124 liquefaffls‚
2145 2078 2245 2114 vita-

1213 2120 1260 2158 les
1281 2125 1402 2171 succos
1432 2123 1599 2161 membris
1629 2124 1790 2162 omnibus
1822 2125 2034 2175 dispartiret.
2085 2127 2142 2163 Sic
2164 2127 2244 2167 MS.

1214 2183 1325 2220 quem
1359 2175 1516 2212 contulit
1550 2174 1858 2223 Lindenbrogius.
1913 2177 2063 2214 Sueton.
2092 2177 2248 2224 August.

1215 2233 1290 2271 cap.
1304 2223 1350 2261 X.
1389 2230 1444 2262 Ne
1470 2223 1649 2273 publicum
1673 2227 1813 2274 quidem
1836 2238 1879 2266 ω’
1903 2227 2164 2276 translatitium
2188 2229 2243 2266 ius

1212 2273 1289 2309 ulla
1321 2274 1358 2310 in
1390 2288 1426 2311 re
1445 2276 1516 2323 fibi
1547 2277 1805 2325 impartiente,
1832 2285 1873 2313 ut
1893 2276 1940 2313 est
1965 2278 1999 2312 in
2023 2277 2247 2316 membranis

1213 2322 1350 2361 nostris.
1395 2325 1501 2363 Talia
1525 2325 1604 2362 sunt
1626 2325 1832 2375 adspargere
1858 2355 1868 2370 ‚
1896 2326 2094 2374 refrangere
2109 2334 2246 2374 ,sprae-

1201 2374 1318 2418 facere
1333 2401 1343 2417 ‚
1370 2376 1516 2422 digradi
1538 2377 1576 2412 δε
1598 2376 1662 2412 alia
1678 2404 1688 2419 ‚
1716 2376 1897 2412 notissima
1920 2377 1985 2414 illis
2000 2405 2010 2419 ,
2033 2378 2096 2424 qui
2119 2377 2242 2417 Codd.

1210 2432 1298 2460 vett.
1321 2424 1526 2462 tractarunt.
1563 2426 1661 2463 Vide
1685 2425 1729 2461 ad
1753 2427 1833 2463 Lib.
1858 2427 1885 2463 I.
1908 2426 2016 2476 Epist.
2040 2427 2124 2465 XII.
2149 2439 2183 2465 n.
2208 2441 2243 2475 7.

1210 2473 1280 2511 Sed
1313 2485 1399 2510 cum
1434 2474 1493 2512 hic
1516 2476 1780 2524 antiquissimae
1804 2478 2040 2515 membranae
2064 2479 2242 2524 impertire

1210 2523 1412 2571 praestent,
1439 2525 1482 2562 ab
1501 2527 1539 2564 iis
1563 2528 1681 2574 potius
1704 2525 1869 2564 standum
1893 2529 1970 2566 erit.
1998 2528 2155 2567 Coun-z.

1262 2576 1281 2611 ἓ(
1312 2577 1414 2623 {Luae
1436 2577 1606 2613 maiorem
1630 2577 1734 2613 annis
1758 2577 1841 2614 LX.
1863 2578 1930 2615 otio
1955 2579 2111 2629 reddin]
2131 2580 2241 2626 Sciog

1213 2635 1306 2673 quac
1330 2625 1451 2662 Varro
1475 2627 1618 2664 tradidit
1642 2627 1687 2665 de
1712 2628 1956 2676 sexagenariis
1981 2631 2060 2667 otio
2084 2630 2238 2668 redden-

1212 2676 1263 2712 dis
1284 2674 1380 2724 apud
1402 2677 1568 2714 Nonium
1595 2689 1668 2726 cap.
1692 2678 1774 2716 XII.
1800 2691 1834 2715 n.
1858 2691 1913 2716 22.
1937 2681 1994 2718 cui
2015 2681 2239 2728 iungaslicet

1212 2724 1354 2763 Festum
1378 2729 1414 2764 in
1451 2729 1709 2767 Sexaeenarios.
1744 2729 1903 2766 Memini
1928 2732 2037 2768 etiam
2063 2732 2151 2768 i²lius
2173 2733 2236 2770 Sc-

1210 2788 1321 2815 necae
1343 2776 1387 2814 de
1412 2777 1517 2816 Brev.
1541 2777 1616 2817 Vir.
1639 2790 1716 2828 cap.
1738 2779 1822 2817 XX.
1879 2785 1948 2817 Lex
1972 2794 1994 2817 a
2020 2780 2233 2831 sexagefimo

1209 2840 1303 2865 anno
1326 2828 1524 2875 senatorem
1553 2843 1621 2867 non
1655 2831 1746 2867 citat
1769 2859 1778 2873 ,
1817 2841 1884 2879 pro
1913 2843 1991 2880 quo
2014 2833 2070 2869 M.
2094 2833 2234 2870 Seneca

1210 2878 1290 2915 Lib.
1327 2878 1354 2915 I.
1390 2880 1572 2917 Controv.
1605 2880 1713 2918 VIII.
1746 2891 1826 2930 pag.
1861 2882 1941 2930 138.
1979 2882 2236 2931 sexagefimum

1209 2930 1375 2978 quintum
1408 2932 1522 2979 ponit.
1577 2931 1729 2970 Cuiacio
1760 2933 1833 2969 hoc
1866 2933 1912 2969 ita
1937 2941 2077 2969 cenum
2103 2934 2237 2972 clarum

1217 2980 1401 3018 videbatur
1416 3009 1425 3024 ‚
1453 2989 1492 3018 ut
1514 2981 1559 3018 ad
1582 2982 1673 3029 Leg.
1696 2995 1729 3029 3.
1755 2981 1850 3018 Cod.
1872 2983 1930 3032 qui
1952 2995 2021 3020 aet.
2042 2984 2241 3033 zelproseff.

1209 3031 1248 3079 se
1277 3044 1350 3067 exc.
1382 3043 1427 3068 ex
1461 3031 1638 3069 hocloco
1661 3032 1854 3080 probaret,
1885 3034 1964 3071 LX.
1989 3045 2125 3072 anuum
2152 3037 2238 3073 o.im

1215 3083 1250 3119 in
1274 3083 1362 3121 urbe
1385 3082 1607 3122 excusationi
1629 3082 1803 3124 suffeciffe
1825 3110 1836 3130 ,
1873 3095 1959 3123 cum
1981 3087 2018 3125 in
2038 3088 2242 3134 municipiis

1391 3133 1481 3183 Qq
2201 3136 2232 3171 ἃ
