2616 3686
281 208 371 267 13⁶
484 197 1008 249 C.PL1N11
1075 190 2165 254 CAECI‘LHSECUNDI
2570 0 2616 218 'i

277 299 346 336 ex
381 281 547 349 spatio
584 281 842 353 tempo-ris
878 277 984 349 jam
1024 276 1280 350 recepisse
1317 290 1373 330 te
1408 274 1623 344 colligo,
1661 289 1785 326 narn
1811 275 1864 327 &
1896 275 2160 333 festinanti
2188 278 2241 333 &⁷
2269 282 2391 340 dili-

193 367 226 416 7
278 355 428 424 genti
464 355 734 409 tabellario
768 352 896 406 dedi
925 391 941 416 ,
987 353 1079 406 nisi
1122 351 1254 422 quid
1281 346 1656 420 impedimenti
1684 347 1736 399 in
1764 347 1844 399 via
1870 347 2037 416 passus
2065 352 2153 406 est.
2229 355 2397 413 Tuae·

276 442 421 481 nunc
448 440 622 495 partes
642 466 657 488 ‚
679 439 736 480 ut
766 426 997 496 primum
1025 427 1196 486 illam,
1221 422 1420 476 deinde
1447 422 1584 474 hane
1609 416 1622 436 ¹
1647 420 2004 474 remunereris
2025 421 2224 489 literis,
2260 446 2390 501 qua.

277 499 351 552 les
379 497 528 553 istinc
555 499 733 554 redire
762 497 1062 552 uberrimae
1086 493 1318 567 poss'unt.
1356 494 1509 548 Vale.

411 639 630 698 -X111.
703 641 770 696 C.
847 638 1288 695 prmius
1361 631 1379 680 ἶ
1454 634 2117 693 PR1sco'Suo
2191 639 2244 698 S.

276 778 555 835 Voconium
583 779 905 844 Romanum,
944 776 1231 849 majoribus
1255 774 1458 827 clarum
1495 771 1550 830 Εέ
1577 774 1879 829 virtutibus
1895 775 2043 843 ficis,
2075 780 2403 849 praesta-tim

560 851 882 917 eruditione,
922 851 1114 920 Prisco
1139 844 1453 904 commendat
1467 847 1672 916 fitmma
1697 859 1816 912 arte
1844 852 1899 904 ἃ]
1916 851 2118 920 gratia.

397 986 458 1042 T
494 1001 550 1043 tu
588 989 893 1045 occasiones
933 984 1205 1058 obligandi
1245 1002 1334 1040 me
1363 982 1662 1038 avidissime
1688 981 2050 1054 ampteeteris,
2089 985 2142 1040 &
2171 1005 2276 1059 ego
2300 1008 2396 1048 ne-

193 1096 225 1134 2
397 1062 525 1116 mini
552 1061 800 1117 libentius
828 1061 1026 1117 debeo.
1100 1058 1322 1117 Duabus
1345 1073 1480 1128 ergo
1507 1056 1577 1111 de
1602 1056 1765 1110 causis
1787 1073 1815 1108 a
1842 1070 1896 1109 te
1934 1055 2263 1125 potiffimum
2302 1080 2398 1134 pe-

273 1151 388 1192 tere
428 1133 720 1200 constitui,
769 1134 921 1207 quod
962 1136 1307 1206 impetratum
1344 1129 1578 1184 maxime
1616 1130 1797 1200 cupi0.
1873 1127 2040 1200 Regis
2092 1135 2397 1193 exercitum-

273 1207 687 1281 arnplissimum‚
724 1209 850 1262 hinc
878 1207 970 1262 tibi
1001 1203 1390 1261 beneficiorum
1416 1203 1558 1274 larga
1586 1202 1833 1256 materia:
1871 1201 2094 1272 longum
2123 1218 2397 1273 praeterea

198 1306 223 1356 3
279 1297 522 1352 tempuS,
561 1297 672 1352 quo
700 1283 901 1336 amicos
926 1293 1047 1335 tuos
1072 1293 1336 1332 exornare
1362 1274 1597 1346 potuisti.
1673 1272 2016 1328 Convertere
2054 1274 2119 1329 ad
2159 1277 2403 1346 nostrOS,

278 1364 293 1392 ³
327 1370 429 1408 nec
466 1353 564 1406 hos
599 1354 815 1407 multos,
891 1353 1083 1408 Malles
1120 1363 1180 1404 tu
1217 1347 1441 1421 quidem
1479 1348 1709 1411 multos,
1746 1345 1838 1401 sed
1862 1362 2014 1400 meae
2039 1351 2397 1408 verecundiae

278 1423 478 1482 sufficit
505 1441 640 1478 unus
669 1439 757 1480 aut
782 1426 941 1487 alter,
978 1442 1038 1479 ac
1063 1421 1242 1496 potius
1269 1439 1424 1476 unus.
1502 1421 1548 1476 Is
1575 1422 1676 1476 erit
1712 1467 1731 1492 ⁴
1766 1418 2048 1474 Voconius
2085 1419 2396 1482 Romanus:

189 1512 225 1563 4
277 1516 291 1542 ⁵
324 1499 484 1555 Pater
517 1498 568 1552 ei
604 1497 660 1552 in
699 1496 930 1571 equestri
967 1492 986 1516 ⁶
1021 1495 1191 1570 gradu
1225 1494 1396 1552 clarus
1434 1532 1452 1559 ,
1499 1495 1691 1549 clarior
1715 1514 1731 1541 ⁷
1755 1489 2009 1556 vitricus,
2043 1492 2213 1548 immo
2244 1510 2397 1566 pater

2251 1569 2396 1625 alius·

267 1713 379 1753 stolae
393 1742 404 1760 ‚
431 1723 544 1762 quam
566 1712 637 1763 ipsa
660 1709 806 1760 epistola
826 1708 1044 1758 promittens
1065 1707 1103 1748 id
1115 1707 1294 1753 debebam
1363 1716 1416 1756 po
1441 1705 1598 1753 dixerit,'
1625 1701 1839 1743 Commendo
1866 1700 1933 1740 tihi
1949 1702 2147 1752 provincias
2164 1702 2294 1754 siquid
2304 1705 2399 1745 mihi
2584 1723 2592 1747 y
2613 1686 2616 1741 l

269 1774 380 1816 atque
402 1765 450 1802 ita
475 1766 648 1803 Lucanus
671 1763 752 1800 Lib.
775 1760 840 1799 IX.
862 1771 914 1799 vs.
936 1760 997 1809 98.
1330 1706 1342 1861 ζ
1368 1757 1485 1815 fagale
1507 1757 1703 1815 configerit.
1757 1754 1871 1791 Hunc
1894 1753 2016 1802 postea
2040 1755 2221 1794 Adrianus
2244 1757 2282 1794 in
2304 1769 2394 1795 con-
2612 1760 2616 1802 ἦ

1371 1808 1448 1847 silio
1469 1809 1618 1853 habuit,
1646 1819 1759 1857 quem
1784 1804 1919 1854 geffiffe
1942 1805 2180 1844 Consulatum
2206 1819 2291 1845 cum
2316 1810 2394 1846 An-
2614 1828 2616 1859 Ι

318 1865 472 1905 Exsolvi
491 1866 579 1911 tibi,
609 1871 763 1914 Magne,
790 1861 903 1901 fidem
928 1890 940 1908 ,
966 1862 1148 1900 mandata
1165 1861 1290 1912 peregi.
1369 1860 1503 1897 tonino
1535 1859 1681 1897 testatur
1711 1858 1918 1906 Venulejus
1949 1855 1995 1895 ad
2023 1856 2145 1906 legem
2181 1858 2396 1901 Corneliam

1249 1935 1253 1938 <
1372 1909 1417 1948 de
1439 1909 1567 1948 ficariis
1592 1924 1600 1947 :
1633 1911 1671 1948 δε
1693 1909 1925 1956 Pomponius
1947 1906 1993 1945 de
2017 1909 2156 1956 origine
2169 1911 2264 1959 jutis
2290 1911 2395 1950 Con-

266 1968 337 2007 Per
358 1981 421 2008 me
441 1977 568 2008 tamen
589 1967 750 2016 Vulgata
771 1976 851 2003 non
871 1962 1089 2003 sollicitetur.
1126 1962 1227 2002 Vide
1246 1963 1294 2002 ad
1369 1960 1499 1999 sulatus
1523 1960 1666 1998 Neratii
1690 1959 1873 1997 meminit.
1926 1959 2119 1995 Neratium
2143 1961 2252 1998 etiam
2279 1963 2402 2002 Arici--

272 2020 413 2058 Lucan,
437 2021 519 2058 Lib,
543 2019 592 2057 Π,
614 2030 668 2057 vs,
695 2018 750 2056 16,
1368 2011 1484 2049 linum
1516 2013 1609 2050 inter
1643 2012 1711 2058 JC.
1743 2015 1930 2046 memorat
1960 2008 2116 2054 Paulus,
2145 2009 2233 2048 ficut
2259 2012 2395 2053 Aristo-

1369 2073 1457 2100 nem
1479 2062 1634 2111 legimus
1658 2060 1804 2100 Neratio
1829 2059 1990 2113 Appiano
2013 2059 2229 2109 rescripfiffe.
2259 2063 2395 2114 Neque

320 2124 412 2170 Ergo
434 2119 493 2158 ubi
511 2119 723 2170 concipiunt,
752 2116 898 2167 quantis
909 2116 961 2168 fit
984 2116 1140 2156 cladibus
1159 2114 1236 2164 orbi
1372 2112 1587 2152 crediderim
1611 2113 1726 2151 Statio
1748 2110 1860 2160 Prisco
1881 2108 2022 2148 millam
2055 2111 2148 2149 hanc
2182 2113 2395 2162 epistolam:

322 2171 542 2220 Constatura
564 2170 652 2209 fides
673 2169 854 2219 superum,
1371 2174 1435 2212 per
1458 2175 1572 2213 quem
1596 2165 1657 2203 sub
1680 2163 1878 2201 Antonino
1899 2160 2124 2210 Philosopho
2148 2174 2202 2201 res
2224 2165 2396 2215 prospere

1370 2214 1451 2251 sunt
1484 2214 1602 2262 gestae
1627 2243 1637 2260 ‚
1676 2217 1715 2252 δε
1748 2212 1883 2250 bellum
1908 2212 2118 2250 Parthicum
2141 2214 2395 2264 adjuvantibus

1369 2265 1442 2302 aliis
1464 2264 1606 2303 duobus
1629 2262 1846 2304 confeetum
1870 2262 1930 2301 est.
1959 2264 2112 2302 CATAN.

1421 2327 1440 2365 3
1475 2321 1543 2352 Nec
1593 2316 1652 2354 hos
1690 2313 1856 2364 multon]
1899 2314 2149 2364 Lindenbrog.
2171 2316 2326 2356 Hclmst.
2353 2319 2393 2356 &

1370 2366 1474 2403 Voff.
1498 2380 1557 2404 nec
1581 2367 1642 2406 hos
1665 2364 1817 2417 quidem
1839 2365 1994 2410 multos,
2022 2365 2060 2403 id
2081 2367 2183 2416 quod
2208 2369 2397 2417 Gryphius-

1371 2418 1552 2467 expreffit.
1606 2418 1754 2468 Optimi
1775 2426 1902 2454 tamen
1926 2417 2119 2455 Mediceus
2155 2419 2193 2456 ὃ(
2229 2415 2391 2455 Riccard.

1371 2468 1459 2506 nihil
1482 2477 1639 2507 mutant.
1668 2468 1766 2506 Infra
1791 2468 2168 2517 Riccard.adpotius;
2199 2466 2298 2503 Voff.
2317 2465 2382 2514 sed

1364 2519 1480 2567 potius
1496 2535 1506 2563 ;
1540 2520 1739 2559 Lindenbr.
1763 2520 1802 2557 ὅ(
1824 2518 1994 2568 Bongars.
2014 2529 2079 2555 aut
2095 2517 2207 2566 potius
2226 2528 2325 2551 unus.

271 2274 409 2312 Cicero
433 2272 519 2310 XII.
540 2271 643 2310 Fam.
666 2270 775 2321 Epist.
798 2269 888 2308 VII.
910 2280 946 2306 n.
969 2281 1002 2318 ς.
1052 2268 1292 2318 Qodautem

270 2335 316 2362 (7⁴
344 2325 380 2361 in
405 2325 536 2374 senatu
566 2322 726 2374 pluribus
762 2320 877 2358 verbis
901 2320 1058 2368 differui,
1085 2330 1127 2358 (7¹
1149 2319 1228 2356 dixi
1254 2321 1292 2356 in

270 2375 419 2462 ιέηείοηε
434 2404 444 2420 ,
471 2376 511 2414 in
531 2388 565 2413 eo
589 2374 698 2413 velim
721 2371 834 2411 fidem
847 2382 972 2411 meam
984 2370 1187 2408 liberes.ubi
1199 2369 1297 2408 vide.

311 2438 361 2514 01Κ
372 2438 622 2514 {ginunereria
642 2474 658 2525 ]
675 2474 829 2513 Helmst.
843 2475 882 2513 &
906 2472 1067 2511 Arnzen.
1089 2485 1297 2510 remuneres.

321 2538 342 2563 2
373 2527 524 2577 Prisco.]
557 2529 672 2571 Sunt,
699 2528 761 2576 qui
784 2525 932 2571 Julium
947 2524 1104 2573 Priscum
1120 2551 1131 2568 ,
1159 2524 1222 2572 qui
1235 2535 1300 2572 per

272 2576 466 2615 Vitellium
498 2577 543 2615 ad
575 2576 848 2615 Praefefturam
897 2576 1059 2613 cohortis
1106 2575 1300 2622 pervenit,
1420 2581 1443 2615 4
1471 2571 1632 2610 Voconius
1670 2568 1892 2619 Romanus.]
1942 2570 2003 2608 De
2038 2567 2110 2604 hoc
2148 2564 2229 2602 Lib.
2266 2563 2294 2601 I.
2341 2563 2389 2603 ad

271 2628 484 2676 intelligant.
538 2630 614 2677 Qui
639 2630 786 2678 propius
819 2638 910 2665 vero
942 2625 1122 2663 accedunt
1146 2653 1157 2670 ,
1187 2631 1302 2662 Nera·
1373 2618 1442 2668 Ep,
1470 2622 1519 2659 V.
2104 2666 2109 2671 .
2225 2665 2230 2670 ι
2279 2665 2285 2671 ·
2328 2666 2332 2670 η
2379 2667 2388 2672 -

273 2678 365 2715 tium
403 2681 559 2728 Priscum
592 2680 819 2728 temporibus
843 2678 997 2726 Trajani
1019 2676 1087 2723 JC.
1111 2676 1299 2714 celeberri-
1423 2684 1440 2719 ς
1473 2678 1580 2710 Pater
1613 2674 1645 2712 ei
1678 2675 1717 2712 in
1748 2670 1891 2724 equestri
1916 2682 1947 2719 g.
1979 2666 2037 2716 c.]
2077 2665 2133 2703 Sic
2156 2672 2286 2712 Optlml
2310 2663 2389 2703 libri

274 2739 378 2766 mum
394 2759 404 2774 ,
431 2732 582 2769 auetore
605 2731 845 2778 Pomponio,
874 2731 914 2768 &
935 2728 1137 2777 Papiniano
1161 2739 1204 2765 ac
1239 2728 1301 2765 Se·
1370 2723 1488 2768 nulla,
1517 2732 1580 2760 aut
1613 2727 1741 2773 exigua
1777 2723 1946 2760 varietate
1968 2734 1978 2762 ;
2018 2719 2056 2755 &
2080 2715 2125 2752 fic
2148 2714 2250 2763 supra
2278 2714 2388 2763 Epist·

231 2810 234 2814 .
274 2780 398 2816 cundo
421 2782 578 2820 amicitia
603 2780 846 2827 coniune'lum
862 2808 872 2825 ,
899 2792 919 2817 a
943 2791 1020 2829 quo
1045 2779 1126 2815 Lib.
1152 2778 1219 2815 111.
1252 2777 1303 2814 fa-
1372 2772 1437 2810 IX.
1460 2785 1496 2811 n.
1516 2787 1548 2821 4.
1605 2781 1706 2812 Nam
1725 2786 1826 2824 pater
1846 2773 1878 2809 ei
1901 2769 2044 2826 Erucius
2069 2765 2199 2802 Clarus
2222 2793 2234 2821 ’.
2260 2775 2299 2802 ut
2322 2777 2390 2804 nos

275 2833 372 2864 tetur
395 2830 428 2866 sc
452 2831 656 2879 impetrasse
674 2826 927 2869 'Tribunatum
952 2831 1156 2868 militarem.
1186 2829 1302 2866 Hunc
1373 2835 1416 2860 cx
1468 2825 1688 2864 membranis
1737 2821 2055 2874 emendavimusn
2085 2816 2138 2872 At
2190 2815 2392 2872 Liiigienbr.

277 2878 383 2925 igitur
409 2881 562 2926 Priscum
588 2882 779 2919 Neratium
805 2880 1019 2920 Marcellum
1043 2881 1227 2930 Trajanus
1263 2891 1305 2916 u-
1372 2874 1526 2912 Hclmst.
1550 2877 1588 2912 ὃ(
1613 2876 1772 2912 Arnzen.
1829 2877 1932 2906 Pater
1955 2868 2056 2905 Plffill
2079 2879 2114 2903 ¹²²
2137 2865 2267 2922 equestr
2269 2881 2279 2903 ¹
2301 2882 2333 2922 g·
2366 2879 2393 2905 τ’

278 2930 360 2965 nice
394 2928 518 2966 dilexit
544 2944 551 2966 :
592 2933 686 2968 atico
711 2940 751 2968 ut
785 2932 955 2981 frequens
979 2933 1110 2980 opinio
1136 2930 1245 2969 fuerit
1268 2930 1304 2968 id
1372 2923 1583 2974 Q-lOmOdO
1622 2925 1816 2973 Gryphius-
1846 2917 1945 2956 Voss.
1985 2924 2090 2954 Pater
2114 2916 2214 2971 Phfflj
2242 2919 2278 2954 ἃ
2302 2931 2338 2953 ¹⁷³
2360 2932 2395 2974 ε·-

278 2980 390 3015 animi
417 2978 518 3016 fuiti}-
543 2980 708 3026 Traians)
733 2981 962 3029 relinquendi
983 2983 1085 3018 illum
1112 3009 1123 3026 ‚
1152 2994 1226 3018 non
1253 2981 1306 3019 A-
1371 2974 1495 3025 questt‘l'
1511 2987 1543 3020 g·
1564 2985 1588 3009 c·
1647 2971 1814 3020 Bongarl'.
1839 2975 1947 3006 Patre
1971 2970 2170 3019 plurimum
2193 2980 2230 3003 tn
2252 2967 2398 3017 eque-stra

279 3028 445 3067 orianum
482 3028 717 3066 successae-in
753 3030 894 3077 imperii
920 3058 929 3073 ,
968 3033 1088 3068 multis
1122 3033 1250 3069 amicis
1274 3034 1308 3069 m
1367 3039 1399 3074 g.
1429 3035 1455 3058 c.
1486 3021 1771 3074 Nug21eim·rae.

279 3079 352 3120 hoc
383 3079 713 3134 gonieiitientibus:
744 3080 854 3130 utque
868 3091 939 3128 ee,
970 3081 1136 3130 utPrtsco
1148 3081 1310 3134 aliquan-
1422 3073 1445 3125 ῤ
1473 3073 1643 3125 Grada]
1684 3073 1888 3127 Dignitate,
1925 3072 2097 3127 Respexit
2127 3071 2173 3113 ad
2201 3069 2264 3117 id,
2280 3066 2402 3160 Equofi-

1122 3132 1168 3136 ⁴*
2316 3130 2398 3171 qm:
