2616 3686
479 180 891 238 “LtssER
958 187 1684 242 IX,EPISTOLA
1753 195 1898 246 XXI.
2224 210 2318 263 669

194 275 324 349 ptati
379 269 482 325 effe
530 284 640 321 non
690 267 857 320 miror
884 307 900 332 ,
961 282 1087 319 cum
1133 268 1314 320 omnia
1357 265 1533 320 nostra
1571 307 1587 331 ,
1638 273 1864 340 perinde
1910 293 1970 328 ac
2018 292 2113 330 nos
2160 296 2316 336 ames,
2341 336 2345 337 ⁷

188 357 204 381 ¹
239 346 351 420 Ipse
375 361 500 399 cum
524 342 756 396 maxime
779 340 1075 394 vindemias
1103 341 1326 409 graciles
1354 340 1606 411 quidem,
1647 343 1924 402 uberiores
1949 363 2127 404 tamen
2155 361 2359 421 quam?-

158 417 607 492 ,exspeftaveram
625 454 639 479 ,
665 417 892 486 collig03
923 413 957 468 fi
977 414 1231 485 colligere
1255 415 1352 478 est,
1380 432 1792 489 nonnumquam
1826 421 2118 492 decerpere
2142 443 2315 489 uvam,

178 503 199 527 ²
224 496 496 550 torculum
525 491 769 553 invisere,
810 496 825 524 ³
848 488 1056 562 gustare
1081 489 1149 543 de
1175 490 1295 545 lacu
1323 489 1554 546 mustum
1571 530 1586 554 ‚
1627 491 1894 566 obrepere*
1912 502 1931 531 4
1956 497 2165 552 urbanis
2182 534 2197 559 2
2221 502 2313 570 qui

183 588 328 626 nunc
365 568 568 626 rusticis
604 565 897 639 praesunt,
961 581 1160 636 meque
1201 571 1216 600 ⁵
1261 567 1481 621 notariis
1531 566 1584 620 &
1631 565 1916 625 leftoribus
1961 572 2308 645 reliquerunt.

186 644 328 702 Vale.
1701 674 1704 676 ·

321 800 476 858 XXI.
553 801 619 856 C.
696 800 1143 857 PL1N1th
1219 802 1804 863 SABINIANO
1881 804 2058 862 Suo
2109 806 2163 863 S.

177 968 357 1023 Tentat
386 980 472 1038 per
507 963 750 1037 epistolam
783 963 1014 1018 reducere
1048 965 1100 1016 in
1136 966 1374 1038 gratiam
1422 965 1683 1021 sabiniam
1721 967 1953 1022 libertum
1976 970 2118 1042 ejus,
2160 986 2304 1042 quem

251 1041 446 1116 quidem
463 1039 675 1112 fatemr
696 1038 905 1114 peccasse
928 1081 941 1102 ,
977 1039 1076 1112 sed
1102 1040 1272 1094 aelze‘h'
1287 1041 1379 1112 sm
1398 1047 1749 1116 poenirentiam
1783 1043 2127 1117 mrtltt'sstgnzs
2149 1045 2299 1116 osten·

251 1116 386 1188 affe.

169 1281 188 1308 ⁶
329 1276 534 1330 ibertus
574 1286 695 1328 tuus
721 1316 733 1335 ‚
790 1273 876 1326 cui
915 1271 1228 1329 succensere
1268 1290 1322 1331 te
1360 1277 1569 1334 dixeras
1596 1318 1611 1342 ‚
1652 1281 1799 1334 venit
1822 1279 1888 1334 ad
1922 1297 2040 1344 me,
2081 1280 2302 1336 advolu-

169 1344 181 1350 ”
333 1365 526 1422 tusque
569 1348 795 1421 pedibus
843 1349 970 1401 meis
1004 1389 1020 1412 ,
1080 1363 1334 1423 tanquam
1369 1355 1471 1408 tuis
1500 1393 1515 1417 ,
1567 1353 1762 1409 haesit:
1829 1355 1978 1412 flevit
2025 1358 2299 1420 multum,

174 1434 192 1465 ⁷
223 1429 559 1496 multumque
600 1424 808 1494 rogavit
840 1461 855 1484 ,
910 1425 1141 1479 multum
1179 1429 1339 1482 etiam
1378 1431 1574 1483 tacuit:
1626 1431 1677 1483 in
1715 1431 1917 1485 summa
1941 1470 1956 1494 ,
2004 1429 2130 1484 fecit
2169 1432 2302 1485 mihi

169 1501 341 1556 fidem
366 1500 741 1570 poenitentiae.
817 1496 964 1549 Vere
992 1500 1161 1553 credo
1187 1503 1563 1567 emendatum,
1603 1507 1725 1575 quia
1748 1503 2022 1577 deliquisse
2045 1506 2096 1560 se
2124 1506 2296 1560 sentit.
2316 1530 2346 1563 2.

171 1576 440 1639 Irasceris,
479 1575 614 1636 scic,
657 1572 710 1626 &
738 1570 969 1626 irasceris
998 1576 1295 1640 meri10,id
1327 1596 1547 1654 quoque
1574 1578 1685 1633 scio
1704 1596 1714 1633 :
1734 1581 1825 1635 sed
1855 1596 1985 1636 tunc
2012 1583 2298 1653 praecipua

2149 1674 2300 1712 man·

219 1811 252 1836 1.
288 1799 356 1847 Ipse
376 1807 490 1848 quum
513 1797 673 1836 maxime
694 1795 924 1847 vindemias]
961 1801 1054 1832 Cum
1076 1798 1188 1852 absis,
1218 1826 1220 1848 r
1249 1800 1341 1849 Leg.
1364 1798 1541 1840 CLXVI.
1568 1802 1613 1841 de
1633 1801 1729 1840 verb.
1751 1802 1809 1850 fig.
1832 1801 1980 1840 Urbana
1994 1804 2141 1851 familia
2162 1813 2205 1844 (φ
2227 1816 2286 1844 ru-

163 1848 210 1886 sc.
239 1861 260 1887 a
289 1849 403 1887 nobis.
432 1850 602 1897 Legimus
614 1849 650 1886 in
681 1848 797 1885 multis
819 1848 1076 1896 exemplaribus
1108 1862 1184 1887 tum
1219 1890 1221 1903 r
1249 1852 1351 1897 stica,
1381 1865 1448 1889 non
1470 1851 1559 1898 loco,
1576 1854 1640 1902 sed
1662 1867 1778 1902 genere
1803 1853 2048 1903 distinguitur:
2071 1856 2173 1904 potest
2192 1857 2284 1893 enim

166 1901 329 1937 maxime.
356 1899 382 1936 B
399 1913 417 1936 A
431 1914 455 1936 a
473 1913 495 1936 'r
511 1911 546 1936 u.
574 1899 706 1936 Nescio
721 1926 731 1943 ,
744 1910 805 1936 cur
825 1899 881 1936 hic
901 1899 1100 1936 caecutiant
1124 1902 1188 1939 viri
1218 1909 1220 1944 ξ
1247 1902 1372 1953 aliquis
1393 1904 1598 1953 dispensator
1617 1917 1683 1941 non
1706 1905 1765 1954 effe
1785 1906 2002 1942 urbanorum
2017 1907 2200 1954 servorum
2221 1919 2289 1943 nu-

163 1949 283 1994 doen,
310 1961 466 1999 quorum
486 1962 576 1987 unus
599 1951 724 1987 miram
755 1949 892 1998 prorsus
913 1949 1182 1999 interpretatio-
1217 1966 1219 2007 1ι
1244 1966 1358 1991 mero:
1388 1957 1486 1991 velut
1504 1957 1532 1991 is
1551 1955 1610 2005 qui
1630 1969 1745 1992 reram
1765 1954 1970 1993 rusticarum
1982 1957 2130 1994 rationes
2147 1955 2280 2006 dispens

159 2012 249 2038 nem
273 2012 409 2037 vocum
432 2014 538 2051 qaum
566 2001 718 2038 maxime
742 2000 877 2038 adtulit.
915 2000 1021 2037 MSS.
1049 2012 1181 2041 omnes
1235 2005 1309 2052 sat.
1337 2007 1374 2042 ὅ(
1399 2014 1533 2042 contra-
1564 2006 1668 2044 CAT
1686 2019 1757 2044 AN.

159 2063 236 2088 cum
271 2053 441 2096 maxime,
470 2052 505 2090 h.
532 2052 567 2089 in
604 2050 775 2099 praesenti
797 2078 808 2095 ‚
845 2059 953 2099 atque
974 2052 1022 2089 ita
1039 2053 1180 2099 Aldus,
1216 2075 1217 2086 2
1300 2069 1332 2105 ς.
1358 2055 1549 2105 Notariis.]
1583 2057 1659 2102 Qui
1681 2056 1809 2094 dictata
1821 2056 2047 2105 excipiebant
2069 2055 2282 2098 scribebant-

159 2102 355 2150 Gryphius.
381 2103 546 2139 Diximus
565 2101 608 2139 acl
640 2102 717 2139 Lib.
735 2101 1108 2149 VI.Epi:t.XXXI.n.
1125 2116 1180 2153 ις.
1215 2144 1216 2147 ,
1244 2116 1316 2154 que
1346 2118 1408 2154 per
1427 2107 1643 2155 compendia
1669 2109 1707 2144 ἃ
1737 2116 1843 2146 notas
1868 2135 1877 2151 ‚
1911 2116 1986 2145 tam
2010 2106 2172 2145 celeriter
2191 2137 2202 2153 ‚
2239 2118 2280 2148 ut

158 2155 253 2202 cujus
274 2154 309 2190 in
319 2152 399 2201 sinu
412 2152 456 2200 fit
477 2164 560 2190 cum
580 2153 737 2190 maxime
756 2163 882 2201 portus.
1214 2172 1216 2199 ς
1243 2158 1302 2194 vel
1322 2157 1495 2196 dictantes
1515 2159 1778 2206 praevenirent.
1830 2158 2003 2197 Martialis
2032 2157 2077 2196 de
2097 2159 2279 2208 ejusmodi

208 2215 240 2239 2..
270 2203 483 2253 Toranium]
515 2205 623 2250 Apud
642 2203 1029 2250 auetorespluxifariam
1042 2202 1180 2244 dicitur.
1213 2221 1215 2240 ε
1247 2209 1424 2246 Notario:

155 2253 255 2290 Nam
276 2254 362 2291 Piin.
395 2253 530 2291 Senior.
552 2253 660 2289 XVII
703 2265 811 2289 unum
830 2253 954 2305 suffieit
982 2256 1178 2294 torculum.
1213 2249 1215 2278 ἶ

149 2302 243 2341 Item
270 2304 452 2341 Columel.
478 2302 614 2340 XVIII.
642 2305 850 2352 Priusquam
871 2306 1017 2342 vinacea
1035 2309 1177 2345 torculis

150 2356 402 2392 extrimantar.
429 2353 498 2392 Sed
520 2353 618 2391 idern
650 2354 731 2391 Lib.
754 2358 778 2390 1.
805 2355 991 2391 torcularia
1018 2355 1174 2404 scripsit,
1210 2351 1213 2384 l

152 2413 192 2442 ut
212 2405 353 2443 Vitruv.
379 2405 442 2442 VI.
479 2405 631 2441 torcular
657 2404 853 2453 proximum
883 2405 925 2451 sit
953 2405 1097 2444 culinae.
1122 2409 1174 2445 At

154 2455 271 2501 Cato,
296 2456 434 2505 inquit,
462 2455 715 2492 Torcularium
735 2453 763 2501 [ἱ
780 2454 955 2501 aedificare
974 2456 1064 2493 voles
1085 2485 1094 2501 ‚
1135 2461 1172 2496 &
1235 2458 1338 2495 Plura
1370 2458 1507 2497 dudum
1539 2459 1585 2497 de
1614 2460 1654 2497 iis
1680 2460 1744 2497 viri
1773 2460 1910 2497 eruditi.
1957 2459 2064 2501 ,Vide
2096 2460 2263 2510 Lipfium

152 2507 229 2545 alibi
248 2535 257 2551 ‚
287 2508 322 2544 in
352 2505 581 2544 torcularium
603 2533 612 2549 ‚
641 2518 726 2554 quae
753 2514 830 2553 opus
855 2505 954 2553 sunt.
988 2506 1170 2547 Colurnel.
1237 2509 1343 2547 Cent.
1376 2510 1402 2546 l.
1439 2510 1484 2547 ad
1516 2510 1634 2558 Belgas
1671 2510 1778 2558 Epist.
1808 2510 1969 2547 XXVII.
2006 2510 2270 2552 Bucnnna.

154 2568 242 2595 vero
261 2558 362 2595 XIll.
388 2557 578 2594 torculariis
598 2567 663 2603 pro
693 2555 770 2603 ipsis
791 2556 909 2593 torculi
929 2558 1173 2603 operatoribus
1238 2560 1334 2598 Vide
1357 2559 1454 2608 supra
1488 2561 1564 2598 Lib.
1585 2561 1650 2599 111.
1687 2562 1793 2609 Epist.
1815 2562 1863 2598 V.
1901 2574 1935 2598 n.
1964 2573 2020 2609 15.
2058 2562 2148 2599 infra
2174 2563 2207 2603 h.
2243 2566 2268 2601 1.

156 2608 270 2645 utitur.
297 2609 485 2646 Marcellus
506 2609 554 2644 ait
571 2604 762 2651 torculum,
792 2606 892 2655 quod
914 2606 973 2643 usu
996 2608 1170 2653 torcular,
1241 2610 1343 2658 Epist.
1364 2611 1538 2649 XXXVI.
1566 2624 1601 2649 n.
1623 2624 1655 2650 2.
1684 2613 1722 2648 &
1742 2614 1810 2649 late
1824 2612 2047 2651 Wower.de
2061 2613 2266 2660 Polymath.

154 2656 246 2696 dico.
270 2670 398 2702 verum
422 2659 516 2695 Cato
532 2657 700 2695 torculum
713 2659 839 2694 tunem
860 2657 1033 2694 intortum
1054 2659 1171 2707 appel·
1235 2671 1311 2709 cap.
1331 2661 1397 2700 VI.
1425 2661 1577 2698 Urbanos
1608 2663 1763 2710 intellige
1791 2662 1905 2707 servos
1929 2691 1940 2707 ,
1976 2671 2014 2698 ut
2045 2664 2149 2710 plene
2177 2663 2266 2702 dixit

157 2707 214 2744 lat.
241 2709 342 2747 CAT
356 2723 376 2746 A
391 2722 430 2748 N.
1208 2739 1212 2743 .
1236 2710 1412 2758 Vopiscus
1435 2713 1569 2750 Tacito
1604 2724 1684 2761 cap.
1705 2713 1752 2750 X.
1780 2714 1817 2749 δε
1838 2713 1951 2750 rnulri.
1979 2712 2081 2749 Talia
2101 2713 2267 2752 subintel-

209 2767 244 2804 3.
267 2758 412 2797 Gustare
433 2759 473 2796 de
491 2758 567 2794 lacu
587 2758 769 2808 mustum]
802 2757 992 2795 Mediceus
1011 2771 1020 2795 ε
1061 2757 1173 2807 degu-
1206 2779 1207 2784 =
1231 2761 1290 2808 ligi
1309 2762 1444 2807 solent,
1472 2762 1576 2812 quod
1589 2762 1744 2801 vidimus
1754 2762 1797 2799 ad
1815 2764 1880 2800 Lib
1907 2762 2267 2812 VIII.Epist.XVII.

160 2804 242 2844 stare
261 2808 298 2844 de
319 2810 394 2846 lacu
405 2809 560 2856 mustum.
592 2808 1173 2858 Adridettamengustare,quam·
1238 2823 1273 2849 n.
1300 2825 1334 2859 ς.

158 2857 209 2893 vis
227 2857 372 2897 alterurn
394 2872 438 2898 ex
459 2860 569 2908 Crispi
592 2861 671 2899 Cat.
691 2871 767 2909 cap.
786 2859 955 2898 XXll.n.
971 2871 1005 2897 2.
1035 2860 1173 2899 &mul-
1284 2862 1319 2899 6.
1344 2862 1497 2900 Libertus
1518 2863 1636 2913 tuus.]
1666 2863 1848 2911 Compara
1875 2862 1965 2900 infra
1993 2862 2100 2911 Epist.
2119 2864 2264 2906 XXIV.

162 2906 202 2943 tis
220 2916 395 2954 praeterea
414 2912 504 2948 tueri
525 2922 646 2960 queas.
1237 2911 1265 2950 B
1282 2923 1303 2948 A
1316 2925 1338 2948 κ
1357 2925 1380 2949 τ
1394 2925 1436 2951 Η.

210 2968 244 3000 4.
269 2958 447 3010 Urbanis.]
477 2960 535 2998 Ad
554 2963 706 2999 urbanos
725 2960 924 3004 ministros,
951 2961 1012 3010 qui
1031 2967 1177 3010 tempo·
1287 2972 1320 3007 7.
1347 2963 1583 3013 Multumque
1613 2966 1752 3014 rogavit
1774 2964 1791 3014 ]
1827 2964 2062 3002 Recentiores
2091 2965 2263 3015 scripti&

159 3016 196 3044 re
218 3007 418 3046 vindemiae
438 3012 602 3050 curabant
622 3014 745 3050 rustica
769 3040 780 3055 ,
808 3013 846 3049 &
870 3011 1074 3050 Secundum
1099 3013 1178 3050 reli·
1210 3048 1211 3059 ,
1235 3012 1301 3050 Ed.
1330 3014 1416 3051 Ver.
1443 3015 1608 3063 ignorant
1627 3016 1853 3065 multumqne.
1880 3014 2207 3063 Optimustamen,
2228 3020 2267 3058 ὃς

156 3065 309 3107 querant
329 3057 442 3097 solum
462 3063 601 3102 notariis
632 3065 669 3103 &
700 3061 901 3102 lectoribus.
953 3063 1179 3113 Pomponius
1210 3067 1212 3084 ¹
1237 3063 1307 3114 ipse
1333 3065 1500 3105 orationis
1523 3066 1618 3105 nitor
1636 3066 1846 3104 conservare
1863 3065 1980 3115 jubet.

1211 3112 1214 3145 l
1657 3117 1783 3169 Pppp
1813 3128 1832 3167 3
2132 3130 2162 3157 1.
2189 3123 2279 3163 Cam,

1289 2314 1450 2345 Currant
1470 2309 1578 2346 verba
1607 2309 1705 2353 licet,
1734 2321 1858 2345 manus
1875 2308 1917 2355 est
1936 2308 2079 2347 velocior
2100 2310 2168 2347 illis
2181 2327 2192 2347 .-

1339 2360 1508 2396 Nondam
1527 2359 1645 2409 lingua
1659 2387 1669 2404 ,
1689 2358 1795 2408 suum
1815 2360 1940 2397 dextra
1954 2361 2079 2409 peregit
2097 2369 2185 2409 opus.
