2616 3686
539 203 1731 260 LIBER‘V111.EPISTOLA
1799 215 1996 266 XXIV.
2194 228 2290 284 6).)-

168 291 302 368 jusa
329 297 514 345 natura
534 281 721 335 datum
743 287 756 311 ¹
781 283 1004 344 virtute,
1021 281 1249 344 meritis,
1269 286 1520 346 amicitia,
1539 287 1764 344 foedere
1791 290 2026 361 denique
2051 292 2100 346 ἃ
2125 301 2142 323 ²
2168 299 2288 351 reli-

171 371 334 441 gione
355 369 661 413 tenuerunt.
712 356 988 410 Reverere
1009 362 1023 390 ³
1052 356 1366 411 conditores
1399 359 1547 413 Deos
1570 400 1587 424 ,
1642 362 1694 416 ἃ
1720 369 1740 433 f
1763 366 1984 418 nomina
2012 366 2240 421 deorum
2267 394 2283 423 .·
2306 385 2326 434 3

165 548 212 578 na
234 566 245 584 ‚
280 539 318 577 δε
339 548 449 588 quam
467 536 559 575 bella
577 535 618 574 fit
634 535 752 574 nostra
774 546 819 574 ex
837 534 1061 574 Membranis
1077 535 1189 574 unicis

165 589 368 638 depromta.
404 588 529 636 Vulgo
554 587 714 626 dabant:
753 587 942 624 liberarum
972 586 1158 624 civitatum
1183 614 1195 632 ‚

166 639 206 678 id
223 640 266 687 est
281 669 290 685 ‚
316 640 360 678 ad
377 638 545 677 homines
566 638 725 676 maxime
747 637 875 676 liberos
897 664 908 681 ‚
935 637 994 687 qui
1008 639 1067 685 jus
1085 650 1107 672 a
1129 649 1194 673 na-

168 700 251 728 tura
272 691 399 728 datum
422 716 433 734 ‚
467 696 538 727 cet.
567 688 636 726 Sed
658 688 757 726 vides
779 715 790 732 ‚
827 689 874 726 ita
908 698 1030 736 neque
1047 695 1192 725 antece-

167 740 331 780 dentibus
352 768 363 784 ,
388 750 508 789 neque
525 738 749 788 sequentibus
770 749 834 787 per
851 736 913 776 ista
937 765 947 784 ‚
971 738 1020 775 ad
1043 737 1194 776 homines

170 791 322 829 maxime
338 789 472 833 liberos,
501 786 577 827 fieri
598 789 688 827 satis.
722 788 812 826 Non
831 788 1077 837 sequentibus:
1106 799 1191 826 narn

165 840 326 878 distinete
345 846 526 878 memorat
544 839 598 886 jus
616 852 639 876 a
662 851 794 878 natura
819 840 945 876 datum
959 866 971 883 ,
998 840 1036 877 &
1053 838 1195 889 subjun-

166 891 216 940 git
238 890 446 934 amicitiam,
466 891 608 934 findas,
635 891 700 928 alia
720 904 732 934 ;
766 890 856 927 Non
878 890 1193 928 antecedentibus:
1221 888 1225 891 *

168 941 254 990 quid
276 941 374 978 enim
395 941 546 988 amplius
567 941 717 979 homines
736 941 888 978 maxime
908 939 1025 985 liberi,
1054 952 1165 990 quam
1181 966 1191 983 ,

169 990 271 1040 quod
291 990 552 1039 exponendum
574 998 650 1029 erat
673 1019 683 1036 ‚
717 990 841 1028 liberae
868 992 1025 1028 civitates
1045 992 1063 1030 2
1101 991 1136 1029 Si
1156 990 1195 1027 id

165 1041 209 1088 est
224 1040 318 1090 apud
342 1040 516 1079 Nostrum
548 1042 699 1089 legimus
720 1069 732 1086 ,
768 1043 984 1089 elegantiora
1012 1042 1051 1079 ὃς
1082 1041 1194 1088 magis

168 1100 290 1140 arguta
307 1091 513 1141 exspeetare
543 1091 796 1130 consuevimus
818 1119 848 1136 „
867 1100 907 1130 ut
938 1091 1118 1141 adparebit
1147 1103 1192 1129 ex

167 1150 255 1180 nota
274 1142 318 1180 ad
345 1142 426 1181 Lib.
444 1142 512 1180 VI.
540 1142 646 1191 Epist.
668 1142 806 1180 XXIX.
827 1153 869 1179 sn.
888 1154 923 1188 4.
957 1143 1052 1180 Ecce
1069 1149 1192 1179 autem

163 1191 415 1241 'integerrimus
437 1192 624 1231 Mediceus
647 1205 655 1230 :
692 1193 731 1229 id
745 1193 789 1242 est
810 1220 821 1237 ‚
849 1193 898 1229 ad
917 1194 1067 1231 homines
1081 1220 1091 1237 ‚
1119 1203 1195 1230 ma-

169 1244 268 1282 xime
289 1243 456 1281 homines
475 1270 486 1287 ,
525 1242 570 1280 ad
590 1243 717 1282 liberos
736 1270 747 1285 ‚
781 1244 934 1281 maxime
953 1243 1069 1280 liberos
1090 1271 1100 1287 ,
1127 1251 1196 1282 cet.

166 1293 333 1342 stupidus
352 1291 393 1331 fit
414 1291 888 1343 oportet‚qui‘elegantiam
908 1305 985 1331 non
1003 1292 1196 1342 pervideat.

170 1345 333 1382 Maxime
353 1344 502 1382 homines
520 1343 603 1382 dicit
623 1371 634 1388 ‚
670 1355 746 1381 non
776 1343 893 1382 modo
914 1346 995 1393 quia
1010 1346 1068 1393 jus
1091 1355 1110 1380 a
1134 1356 1196 1381 na-

165 1402 245 1433 tura
262 1393 386 1432 datum
405 1393 687 1439 tenuerunt‚sed
708 1395 812 1432 etiam
833 1396 916 1444 quia
939 1395 1039 1443 supra
1055 1407 1197 1432 memo—

166 1453 305 1484 raverat
327 1445 583 1483 humanitatem
604 1445 671 1482 illic
688 1445 875 1482 inventam
889 1473 898 1487 ,
923 1444 968 1482 de
988 1457 1058 1494 qua
1075 1445 1198 1483 videa-

169 1502 226 1533 tur
250 1496 382 1534 Gellius
413 1497 491 1533 Lib.
511 1496 612 1532 XIII.
637 1505 713 1542 cap.
734 1496 838 1532 xvi.
874 1496 929 1532 Sic
948 1494 1120 1532 hominem
1143 1496 1196 1533 di·

172 1547 224 1584 xit
242 1545 372 1584 Cicero
391 1545 437 1582 X.
479 1545 524 1581 ad
558 1544 666 1581 Attic.
706 1543 811 1591 Epist.
826 1545 889 1582 XI.
929 1545 967 1581 ὃς
995 1544 1196 1584 humaniter

171 1596 290 1634 vivere
318 1596 398 1635 Lib.
423 1594 511 1635 VII.
547 1594 646 1632 Fam.
675 1592 781 1642 Epist.
814 1595 839 1633 l.
872 1606 907 1631 n.
945 1595 1000 1632 16.
1039 1597 1198 1634 Maxime

173 1646 292 1684 liberos
312 1657 389 1683 non
421 1644 530 1684 credo
565 1644 610 1682 ad
640 1644 884 1692 philosophiae
905 1643 1014 1683 studia
1037 1646 1196 1695 respicit,

170 1695 237 1735 >sed
258 1696 360 1747 quod
383 1695 620 1734 Athenienses
640 1696 676 1731 &
700 1696 801 1743 pauci
823 1694 1044 1733 Graecorum
1058 1697 1195 1745 aliquo-

173 1747 240 1785 ties
263 1747 449 1795 benignius
471 1745 607 1783 trastati
630 1745 708 1782 sinit
726 1758 735 1782 ε
751 1744 996 1783 unde&mox
1006 1746 1194 1794 iastantiae

172 1797 330 1845 ipsorum
344 1797 627 1845 meminitLege
639 1796 674 1833 δε
689 1796 841 1844 Appian.
856 1795 934 1834 Lib.
948 1796 992 1834 li.
1004 1796 1048 1834 de
1059 1797 1094 1833 B.
1111 1799 1193 1836 Civ.

175 1858 257 1896 pag.
274 1848 358 1889 482.
385 1848 444 1885 Ne
466 1847 580 1885 dicam
609 1873 620 1891 ,
658 1846 820 1895 respeffli
836 1848 979 1885 aliarum
1003 1849 1165 1892 gentium
1182 1877 1193 1893 ‚

177 1900 303 1946 quibus
328 1899 385 1935 vix
406 1906 446 1934 ut
464 1898 597 1945 legibus
617 1897 682 1934 suis
702 1897 864 1935 viverent
875 1896 1082 1947 permiffum
1095 1926 1105 1942 ‚
1118 1910 1192 1936 nia-

181 1949 279 1986 xime
308 1948 435 1985 liberos
464 1945 577 1985 fuisse.
621 1947 744 1985 Diffio
779 1947 827 1985 est
863 1948 1000 1998 prorsus
1028 1949 1196 1989 Pliniana.

179 1998 254 2036 Adi
275 2006 395 2035 notata
417 1997 462 2036 ad
488 1997 642 2036 Lib.IV.
668 1997 772 2047 Epist.
784 1998 869 2036 Vll.
897 2010 977 2038 n.2.
1004 2000 1071 2049 Ipse
1090 2000 1196 2038 etiam

181 2059 284 2096 nuper
304 2048 430 2086 librum
450 2047 496 2087 de
517 2050 586 2087 vita
608 2049 683 2097 ejus
705 2048 865 2088 recitavit
886 2062 894 2087 ε
934 2049 979 2087 de
1007 2051 1078 2088 vita
1097 2052 1198 2099 pueri

178 2099 352 2137 recitavit.
390 2099 468 2137 Lib.
488 2099 533 2137 ΙΙ,
571 2098 677 2148 Epist.
708 2099 828 2138 XVH.
866 2112 900 2139 n.
923 2111 984 2137 ω.
1021 2107 1064 2137 In
1095 2101 1197 2151 capite

176 2149 266 2198 xysti
288 2150 433 2199 deinceps
450 2154 704 2200 cryptoporticus
723 2149 814 2188 horti
841 2151 959 2188 diaeta
977 2151 1020 2200 est
1046 2179 1057 2196 ,
1091 2163 1196 2190 amo-

176 2211 229 2237 res
270 2200 373 2243 niei5
402 2211 531 2249 ‘revera
563 2211 705 2237 amores
729 2228 740 2244 ,
783 2200 846 2248 ipfie
881 2201 980 2250 posui.
1016 2202 1096 2240 Lib.
1130 2203 1199 2241 Vl.

176 2250 283 2298 Epist.
305 2249 406 2287 XIX.
432 2262 467 2287 n.
488 2262 519 2298 3.
546 2250 728 2286 Homullus
747 2250 867 2287 deinde
886 2252 992 2301 noster
1009 2253 1087 2290 usus
1103 2280 1113 2295 ‚
1145 2253 1200 2290 vi-

173 2300 321 2349 gilanter
341 2301 417 2336 usus
429 2298 804 2348 hocconsbnsasenatus.
833 2301 911 2339 Lib.
927 2303 987 2340 ΙΙΙ.
1013 2302 1119 2350 Epist.
1134 2302 1197 2342 IX.

177 2360 266 2389 extr.
293 2349 354 2386 Hic
371 2350 434 2387 erit
455 2351 596 2400 eoistolae
617 2348 694 2387 finis
719 2363 730 2392 ;
757 2361 881 2387 revera
902 2349 980 2388 finis
1002 2364 1010 2388 :
1043 2353 1197 2390 litteram

177 2414 243 2438 non
265 2402 418 2443 addam,
445 2399 579 2447 etiamst
595 2399 709 2436 adhuc
729 2400 828 2437 aliud
840 2402 1031 2451 praeterisse
1051 2416 1103 2439 me
1118 2408 1196 2451 sen-

170 2452 250 2498 sero.
278 2452 422 2488 Coelius
442 2451 486 2488 ad
513 2451 588 2488 Cic.
617 2451 705 2488 Lib.
723 2450 831 2488 Vlll.
868 2451 968 2489 Fam.
1006 2452 1112 2500 Epist.
1134 2453 1198 2490 lX.

174 2512 198 2538 n
234 2514 268 2540 2.
297 2503 502 2545 Curionem,
530 2499 666 2549 prorsus
686 2501 909 2545 Curionem,
937 2514 1002 2538 non
1022 2502 1196 2540 mediocri·

174 2563 228 2589 ter
248 2553 414 2603 objurgat.
439 2552 485 2589 ita
510 2553 609 2589 enim
646 2550 741 2588 Libri
772 2551 871 2588 Vett.
915 2551 1090 2601 Apulejus
1109 2552 1199 2590 Vll.

175 2599 333 2641 Metam.
362 2601 487 2639 Cunffi
505 2601 647 2652 denique
665 2628 675 2644 ,
714 2601 772 2639 sed
803 2601 939 2649 prorsus
965 2613 1094 2639 omnes
1118 2603 1199 2638 vino

1231 2610 1234 2659 1
1267 2603 1449 2640 conditores
1468 2604 1562 2645 deos.
1593 2605 1630 2641 &
1651 2608 1800 2643 nomina
1823 2608 1961 2644 deorum
1985 2636 1995 2652 ,

2142 458 2291 496 reve-

1265 542 1348 571 runt
1368 563 1379 580 ‚
1414 535 1664 586 confugientes
1698 538 1743 577 ad
1775 538 1810 578 se
1845 539 2007 578 humane
2042 538 2290 589 susceperunt,

1264 583 1397 632 pressos
1419 588 1666 634 sublevarunt,
1691 590 1785 638 leges
1803 592 1958 639 optimas
1977 591 2166 629 sanxerunt
2190 621 2200 636 ,
2227 604 2293 629 co-

1263 636 1374 674 lonias
1402 640 1592 677 emiserunt
1614 667 1625 684 ‚
1649 642 1906 689 rempublicam
1931 641 2190 679 constituerunt
2213 670 2223 687 ‚
2249 643 2287 680 in

1265 685 1359 724 bello
1378 689 1621 727 excelluerunt
1643 718 1653 735 ,
1679 693 1874 730 certamina
1895 691 2118 730 instituerunt
2139 720 2149 736 ‚
2184 693 2222 730 in
2243 691 2295 730 di-

1264 736 1412 785 sciplinis
1423 746 1565 777 tantum
1587 741 1786 789 praestitere
1799 752 1862 788 ‚ut
1882 755 2010 780 eorum
2031 742 2186 791 discipuli
2205 742 2296 780 alio·-

1266 798 1347 824 rum
1368 788 1501 828 fuerint
1524 799 1786 840 praeceptores.
1841 793 1946 831 Haec
1975 794 2076 831 latius
2098 792 2294 831 tractantur

1266 838 1362 886 apud
1386 839 1658 879 isocratem:s1c
1680 843 2062 883 Lacedaemoniorum
2082 844 2191 882 virtus
2201 843 2298 893 apud

1268 889 1573 938 Xenophontem.
1601 892 1633 928 C
1646 905 1666 928 Α
1680 906 1702 929 τ
1720 907 1738 930 Α
1753 907 1789 931 Ν.

1318 951 1352 976 2.
1382 941 1578 991 Religione.]
1609 942 1778 981 Deorum
1801 944 1895 982 cultu
1912 974 1921 989 ,
1949 957 2024 994 quo
2044 946 2206 984 maxime
2224 947 2295 984 cla·

1265 999 1413 1028 ruerunt
1432 992 1668 1030 Athenienses
1684 1022 1695 1037 ,
1708 1004 1746 1032 ut
1765 996 1909 1033 testatur
1931 997 2099 1034 Isocrates
2120 999 2156 1034 in
2176 998 2295 1035 Pane-

1263 1041 1403 1089 gyrico.
1442 1043 1539 1080 Nam
1559 1045 1596 1081 in
1618 1045 1737 1092 primis
1769 1046 1916 1094 mystica
1946 1046 2133 1084 Eleusinae
2153 1047 2293 1086 Cereris

1262 1091 1354 1128 sacra
1376 1092 1586 1136 coluerunt,
1613 1095 1739 1144 quibus
1761 1097 1925 1134 nonnulli
1948 1098 2205 1134 Romanorum
2230 1100 2297 1136 ini-

1264 1143 1339 1180 tiati
1357 1141 1454 1181 sunt:
1483 1145 1520 1182 &
1541 1144 1794 1194 Aesculapium
1815 1147 1857 1184 ab
1878 1147 2061 1195 Epidauro
2081 1148 2239 1186 Romani
2257 1150 2296 1186 in

1265 1193 1390 1230 urbem
1419 1193 1656 1234 advexerunt.
1707 1197 1837 1246 Religio
1862 1198 2055 1246 appellatur
2077 1225 2087 1242 ‚
2135 1209 2228 1246 quae
2257 1199 2295 1236 in

1266 1251 1357 1280 nutu
1387 1245 1425 1282 ὃς
1452 1247 1670 1284 caerimonia
1700 1246 1853 1285 deorum
1878 1249 1926 1285 est
1955 1262 1963 1287 :
2002 1249 2060 1286 vel
2089 1247 2202 1298 religio
2223 1248 2295 1293 est,

1266 1304 1359 1341 quae
1380 1295 1564 1343 superioris
1585 1296 1770 1345 cujusdam
1789 1306 1937 1336 naturae
1961 1328 1971 1345 ‚
2000 1309 2111 1348 quam
2133 1299 2294 1336 divinam

1266 1352 1402 1381 vocant
1421 1371 1431 1388 ,
1477 1357 1599 1384 curam
1635 1349 1966 1398 caerimoniamque
2002 1350 2116 1387 affert.
2154 1350 2205 1386 It>
2219 1362 2241 1387 E
2256 1363 2296 1388 Μ.

1266 1393 1326 1431 De
1356 1394 1527 1442 religione
1564 1397 1844 1436 Atheniensium
1868 1400 1950 1438 vide
1983 1401 2042 1438 Cl.
2069 1399 2228 1438 Duciter.
2248 1400 2294 1438 ad

1265 1444 1359 1482 Flori
1389 1446 1466 1485 Lib.
1483 1447 1549 1485 111.
1575 1459 1653 1496 cap.
1675 1449 1722 1486 V.
1752 1461 1790 1487 n.
1812 1462 1867 1488 ro.
1899 1450 2007 1500 sacris
2020 1451 2093 1500 suis
2102 1451 2294 1500 famaeque

1269 1495 1429 1533 donavit.

1319 1557 1351 1595 3.
1382 1547 1582 1585 conditores
1599 1547 1709 1599 cleos]
1740 1549 1908 1599 Respexit
1926 1552 1970 1589 ad
1990 1552 2166 1590 Palladem
2179 1579 2188 1595 ‚
2201 1562 2295 1600 quae

1268 1595 1420 1634 Athenis
1442 1608 1581 1635 nomen
1613 1600 1791 1647 imposuit.
1840 1603 1988 1641 Auxere
2022 1614 2080 1642 eas
2112 1602 2296 1652 Cecrops,

1269 1647 1438 1696 Aegeus,
1465 1648 1638 1686 Theseus.
1665 1651 1729 1686 CA
1747 1663 1854 1688 TAN.

1317 1710 1351 1743 4.
1379 1697 1531 1734 Nomina
1549 1699 1727 1749 deorum]
1757 1701 1845 1737 Non
1865 1700 1980 1748 placet
2003 1700 2038 1740 id
2061 1702 2201 1740 nomina
2219 1704 2298 1741 deo·

1267 1759 1355 1783 rum.
1394 1746 1502 1785 Forte
1525 1749 1665 1786 nomina
1685 1749 1835 1789 heroum.
1864 1750 1946 1789 lllos
1968 1753 2066 1790 enim
2093 1753 2156 1792 diis
2177 1756 2299 1802 proxi-

1267 1808 1347 1834 mos
1357 1797 1545 1836 habebant.
1569 1799 1792 1848 Pythagorae
1808 1805 1926 1848 xpm-de
1947 1803 2023 1843 ἔπη·
2045 1802 2123 1840 ’ἐπει
2141 1804 2173 1840 δ’·
2189 1806 2298 1852 &palae

1265 1845 1420 1889 ἀγαυές.
1447 1848 1640 1887 Suetonius
1661 1852 1845 1899 Augusto,
1876 1853 2076 1890 Proximum
2096 1867 2118 1889 a
2137 1855 2203 1891 diis
2224 1855 2296 1892 im-

1266 1897 1468 1953 mortalibus
1491 1898 1649 1938 honorem
1670 1902 1848 1939 memoriae
1867 1903 1992 1941 ducum
2011 1903 2178 1950 praestitit
2196 1932 2206 1948 ‚
2236 1907 2296 1955 qui

1265 1950 1443 1997 imperium
1459 1951 1571 1999 populi
1602 1957 1695 1988 Rom.
1729 1965 1770 1989 ex
1799 1952 1938 1991 minimo
1964 1955 2162 1991 maximum
2181 1957 2298 1992 reddi-

1267 1998 1401 2048 diffent.
1430 2001 1463 2036 G
1480 2012 1502 2037 n
1519 2013 1542 2037 o
1559 2014 1580 2038 Ν
1594 2014 1665 2038 ον.
1717 2003 1812 2041 Mihi
1843 2015 1994 2052 quoque
2024 2006 2112 2042 haec
2141 2005 2297 2053 suspecta

1266 2048 1358 2089 sunt.
1383 2050 1505 2088 Scribo
1528 2052 1565 2088 ὃ(
1588 2051 1784 2100 distinguo:
1822 2055 1970 2092 Nomine
1988 2055 2127 2092 deorum
2149 2069 2299 2094 reverere

1263 2099 1408 2148 gloriam
1433 2112 1592 2140 veterem.
1632 2102 1743 2148 Vult,
1771 2103 1901 2142 debere
1922 2107 2046 2143 omnia
2066 2105 2159 2155 apud
2180 2106 2300 2145 Athe-

1271 2151 1407 2189 nienses
1423 2151 1515 2190 sacra
1535 2154 1574 2191 &
1595 2152 1713 2191 divina
1736 2163 1870 2204 putare.
1907 2155 2066 2193 Primum
2098 2156 2185 2194 deos
2208 2168 2299 2195 con-

1270 2200 1422 2247 ditores,
1447 2203 1577 2241 deinde
1593 2204 1739 2252 gloriam
1763 2213 1924 2243 veterem
1949 2234 1959 2250 ,
1985 2207 2091 2243 tertio
2110 2207 2218 2253 ipsam
2245 2207 2299 2245 se-

1270 2251 1470 2290 nectutem.
1494 2253 1583 2290 Ideo
1607 2255 1645 2290 ὅ(
1667 2254 1712 2291 de
1731 2255 1795 2291 hac
1815 2255 1948 2292 addidit
1962 2257 2019 2299 ,in
2036 2256 2178 2293 urbibus
2194 2257 2296 2301 sacra

1269 2301 1323 2340 est.
1349 2303 1476 2351 Itaque
1495 2303 1625 2341 nomine
1642 2303 1779 2341 deorum
1796 2306 1944 2342 revereri
1966 2333 1976 2348 ,
2015 2306 2063 2343 est
2093 2307 2173 2344 vice
2203 2306 2297 2345 deo-

1269 2362 1349 2388 rum
1362 2379 1374 2395 ,
1400 2364 1467 2400 pro
1487 2352 1572 2397 diis,
1599 2361 1786 2403 tamquam
1806 2354 1893 2393 deos
1914 2356 2078 2394 revereri.
2115 2356 2170 2393 Sc
2185 2369 2210 2394 H
2224 2369 2243 2395 ε
2258 2370 2298 2394 1:-

1270 2413 1322 2437 FB
1339 2414 1374 2439 R.
1413 2402 1566 2440 Probare
1600 2403 1672 2441 hoc
1702 2404 1875 2443 debuiffet
1903 2405 2102 2443 Schefferus
2121 2434 2131 2450 ,
2168 2406 2299 2446 nomine

1269 2451 1407 2488 deorum
1421 2480 1431 2495 ‚
1461 2450 1532 2490 effe
1554 2454 1632 2490 vice
1654 2454 1805 2493 deorum
1821 2466 1907 2504 ‚pro
1930 2456 2004 2494 diis.
2031 2457 2145 2495 Aldus
2165 2457 2296 2496 edidit:

1268 2503 1413 2538 numina
1434 2504 1571 2540 deorum
1585 2531 1594 2546 ‚
1615 2505 1651 2540 &
1672 2505 1716 2542 de
1741 2508 2007 2554 permutatione
2024 2507 2166 2545 illorum
2187 2521 2298 2547 voca-

1266 2552 1433 2590 bulorum
1465 2554 1582 2590 multis
1608 2554 1652 2591 ad
1683 2556 1875 2593 Lucanum
1901 2560 2051 2605 egimus,
2084 2558 2292 2597 Mediceus:

2022 2608 2124 2657 quod
2151 2618 2296 2647 mutan.

168 2654 292 2703 sepulti
305 2652 479 2703 jacebant.
509 2652 576 2689 Lib
599 2654 644 2689 X.
671 2651 846 2699 pag-226.
875 2653 1037 2702 artifflme
1056 2665 1202 2700 namque
1233 2664 1235 2695 ε
1270 2652 1356 2690 dum
1382 2665 1458 2690 non
1476 2654 1536 2692 est.
1563 2653 1624 2692 Dii
1651 2657 1857 2694 conditores
1877 2657 2045 2695 differunt
2063 2659 2143 2695 sane
2165 2660 2207 2696 ab
2226 2660 2298 2700 aliis

177 2703 346 2752 complexa
369 2711 487 2740 totum
510 2714 572 2740 me
598 2702 734 2750 prorsus
758 2729 768 2745 ,
805 2701 862 2739 sed
885 2711 1002 2739 toturn
1028 2730 1037 2744 ‚
1074 2702 1198 2750 recepit.

184 2962 311 2987 natura
331 2954 453 2989 datum
468 2980 478 2996 ‚
502 2964 568 3001 pro
591 2954 659 3003 qui.
685 2964 760 2989 non
780 2954 883 2991 male.
911 2954 942 2990 C
955 2967 977 2990 o
993 2967 1014 2991 R
1032 2966 1055 2991 T
1071 2964 1101 2990 Ρ.

239 3013 268 3037 1.
299 3002 469 3051 Virtute]
509 3004 607 3041 Nam
644 3003 874 3042 athenienses
896 3005 1006 3041 inulta
1027 3004 1071 3041 ad
1092 3003 1202 3040 vitam

180 3050 217 3088 ἃ
245 3050 417 3090 decorum
437 3054 563 3100 partim
582 3055 828 3103 excogitarunt
849 3082 860 3101 ,
885 3057 1011 3104 partim
1034 3053 1205 3093 excolue-

1231 2712 1235 2769 2
1270 2702 1332 2740 diis
1354 2731 1363 2745 ,
1402 2714 1493 2751 quos
1525 2705 1654 2743 Graeci
1684 2719 1798 2756 aeque
1821 2707 2013 2745 colebant:
2054 2708 2151 2746 Bene
2171 2718 2298 2750 autem

177 2752 222 2790 fic
251 2754 381 2792 habent
403 2752 649 2790 membranae.
676 2751 767 2788 Eocl
789 2762 958 2801 pag.234.
990 2752 1066 2789 Illos
1087 2763 1202 2789 tereres
1234 2771 1237 2783 ι

178 2814 221 2840 (9
244 2804 360 2841 lafleos
378 2803 501 2853 puellos
525 2803 649 2839 diceres
671 2813 710 2839 tu
731 2803 925 2849 Cupidines
948 2830 956 2844 ,
998 2805 1033 2839 ὃς
1058 2808 1066 2833 ί
1091 2802 1202 2848 upidi-

179 2863 241 2889 nes
259 2865 363 2892 veros
384 2881 394 2898 ,
433 2855 474 2890 de
500 2854 580 2891 coelo
603 2853 658 2890 vel
689 2853 781 2890 mari
801 2854 1012 2890 commodum
1033 2851 1203 2901 involasse.

180 2901 234 2938 Sic
256 2902 313 2939 ine
331 2904 476 2950 saepius,
501 2903 684 2941 Praeterea
706 2903 961 2941 Membranae:
989 2902 1088 2952 quod
1106 2903 1160 2949 jus
1180 2915 1202 2938 a

1270 2753 1410 2789 nomina
1435 2752 1574 2791 deorum
1603 2755 1718 2802 dicit,
1757 2757 1838 2805 quia
1871 2758 1973 2795 inulti
2003 2759 2139 2796 nomine
2154 2767 2298 2800 tantum

1235 2810 1240 2853 j
1271 2803 1403 2849 cogniti
1430 2813 1541 2842 erant.
1577 2805 1714 2851 Adde,
1753 2818 1847 2856 quae
1876 2807 2057 2847 observavi
2086 2807 2130 2848 ad
2161 2810 2300 2853 Lucani

1235 2856 1241 2904 ξ,
1277 2854 1353 2890 Lib.
1376 2853 1422 2891 11.
1449 2864 1500 2891 vs.
1525 2865 1611 2903 302.

1325 2928 1657 2987 annimem-quam
1677 2941 1710 2969 te
1731 2932 1949 2983 complecitur,
1977 2942 2106 2984 Roma,
2134 2948 2299 2993 tuumque

1327 2981 1502 3026 Nomen,
1529 2981 1678 3020 libertas.

1280 3057 1360 3096 Lib.
1382 3055 1446 3096 IX.
1475 3063 1528 3095 Vs.
1547 3058 1755 3146 9641.<kkk
2219 3119 2280 3155 εἰ.
2324 3064 2327 3065 ’
