<?xml version="1.0" encoding="UTF-8"?>
<!DOCTYPE html PUBLIC "-//W3C//DTD XHTML 1.0 Transitional//EN"
    "http://www.w3.org/TR/xhtml1/DTD/xhtml1-transitional.dtd">
<html xmlns="http://www.w3.org/1999/xhtml" xml:lang="en" lang="en">
 <head>
  <title>
</title>
<meta http-equiv="Content-Type" content="text/html;charset=utf-8" />
  <meta name='ocr-system' content='tesseract 3.04.00' />
  <meta name='ocr-capabilities' content='ocr_page ocr_carea ocr_par ocr_line ocrx_word'/>
</head>
<body>
  <div class='ocr_page' id='page_1' title='image "./caiipliniicaecil00plin_0320.png"; bbox 0 0 2616 3686; ppageno 0'>
   <div class='ocr_carea' id='block_1_1' title="bbox 262 302 898 370">
    <p class='ocr_par' dir='ltr' id='par_1_1' title="bbox 262 302 898 370">
     <span class='ocr_line' id='line_1_1' title="bbox 262 302 898 370; baseline -0.013 -12"><span class='ocrx_word' id='word_1_1' title='bbox 262 302 295 364; x_wconf 61' lang='lat'>2}</span> <span class='ocrx_word' id='word_1_2' title='bbox 343 313 508 368; x_wconf 81' lang='lat' dir='ltr'>quam</span> <span class='ocrx_word' id='word_1_3' title='bbox 545 309 559 331; x_wconf 89' lang='lat'><em>¹</em></span> <span class='ocrx_word' id='word_1_4' title='bbox 599 317 695 355; x_wconf 85' lang='lat' dir='ltr'>nos</span> <span class='ocrx_word' id='word_1_5' title='bbox 731 312 898 370; x_wconf 62' lang='lat' dir='ltr'>putas:</span> 
     </span>
    </p>
   </div>
   <div class='ocr_carea' id='block_1_2' title="bbox 259 1086 291 1121">
    <p class='ocr_par' dir='ltr' id='par_1_2' title="bbox 259 1086 291 1121">
     <span class='ocr_line' id='line_1_2' title="bbox 259 1086 291 1121; baseline 0 0"><span class='ocrx_word' id='word_1_6' title='bbox 259 1086 291 1121; x_wconf 76' lang='grc' dir='ltr'><strong>Ζ</strong></span> 
     </span>
    </p>
   </div>
   <div class='ocr_carea' id='block_1_3' title="bbox 264 1350 1958 1423">
    <p class='ocr_par' dir='ltr' id='par_1_3' title="bbox 264 1350 1958 1423">
     <span class='ocr_line' id='line_1_3' title="bbox 264 1350 1958 1423; baseline -0.005 -6"><span class='ocrx_word' id='word_1_7' title='bbox 264 1370 288 1422; x_wconf 85' lang='lat'>3</span> <span class='ocrx_word' id='word_1_8' title='bbox 340 1361 470 1417; x_wconf 90' lang='lat' dir='ltr'>inde</span> <span class='ocrx_word' id='word_1_9' title='bbox 505 1359 518 1384; x_wconf 82' lang='lat'><em>⁵</em></span> <span class='ocrx_word' id='word_1_10' title='bbox 563 1358 779 1411; x_wconf 84' lang='lat' dir='ltr'>collatio</span> <span class='ocrx_word' id='word_1_11' title='bbox 808 1393 822 1416; x_wconf 93' lang='lat'>,</span> <span class='ocrx_word' id='word_1_12' title='bbox 887 1353 1089 1407; x_wconf 88' lang='lat' dir='ltr'>nullum</span> <span class='ocrx_word' id='word_1_13' title='bbox 1127 1350 1271 1423; x_wconf 77' lang='lat' dir='ltr'>quasi</span> <span class='ocrx_word' id='word_1_14' title='bbox 1309 1365 1584 1408; x_wconf 84' lang='lat' dir='ltr'>certamen</span> <span class='ocrx_word' id='word_1_15' title='bbox 1618 1354 1958 1408; x_wconf 88' lang='lat' dir='ltr'>accenderet.</span> 
     </span>
    </p>
   </div>
   <div class='ocr_carea' id='block_1_4' title="bbox 346 226 444 288">
    <p class='ocr_par' dir='ltr' id='par_1_4' title="bbox 346 226 444 288">
     <span class='ocr_line' id='line_1_4' title="bbox 346 226 444 288; baseline -0.041 -10"><span class='ocrx_word' id='word_1_16' title='bbox 346 226 444 288; x_wconf 66' lang='lat'>{56</span> 
     </span>
    </p>
   </div>
   <div class='ocr_carea' id='block_1_5' title="bbox 554 205 2471 355">
    <p class='ocr_par' dir='ltr' id='par_1_5' title="bbox 554 205 2471 355">
     <span class='ocr_line' id='line_1_5' title="bbox 554 205 2225 270; baseline -0.007 0"><span class='ocrx_word' id='word_1_17' title='bbox 554 223 617 270; x_wconf 90' lang='lat' dir='ltr'>C.</span> <span class='ocrx_word' id='word_1_18' title='bbox 684 211 1072 267; x_wconf 84' lang='lat' dir='ltr'>PL1N11</span> <span class='ocrx_word' id='word_1_19' title='bbox 1142 205 1647 259; x_wconf 74' lang='lat' dir='ltr'>CAECILII</span> <span class='ocrx_word' id='word_1_20' title='bbox 1713 205 2225 262; x_wconf 86' lang='lat' dir='ltr'>SECUNDI</span> 
     </span>
     <span class='ocr_line' id='line_1_6' title="bbox 973 292 2471 355; baseline 0.003 -5"><span class='ocrx_word' id='word_1_21' title='bbox 973 293 1154 350; x_wconf 88' lang='lat' dir='ltr'>Multa</span> <span class='ocrx_word' id='word_1_22' title='bbox 1188 292 1449 348; x_wconf 85' lang='lat' dir='ltr'>beneficia</span> <span class='ocrx_word' id='word_1_23' title='bbox 1488 294 1541 349; x_wconf 91' lang='lat' dir='ltr'>in</span> <span class='ocrx_word' id='word_1_24' title='bbox 1579 294 1776 350; x_wconf 89' lang='lat' dir='ltr'>multos</span> <span class='ocrx_word' id='word_1_25' title='bbox 1813 296 2099 352; x_wconf 86' lang='lat' dir='ltr'>contulisti.</span> <span class='ocrx_word' id='word_1_26' title='bbox 2134 296 2295 353; x_wconf 86' lang='lat' dir='ltr'>aufim</span> <span class='ocrx_word' id='word_1_27' title='bbox 2325 304 2471 355; x_wconf 68' lang='lat' dir='ltr'>corr:</span> 
     </span>
    </p>
   </div>
   <div class='ocr_carea' id='block_1_6' title="bbox 345 366 2455 439">
    <p class='ocr_par' dir='ltr' id='par_1_6' title="bbox 345 366 2455 439">
     <span class='ocr_line' id='line_1_7' title="bbox 345 366 2455 439; baseline 0 -12"><span class='ocrx_word' id='word_1_28' title='bbox 345 375 594 439; x_wconf 87' lang='lat' dir='ltr'>tendere,</span> <span class='ocrx_word' id='word_1_29' title='bbox 621 373 825 429; x_wconf 89' lang='lat' dir='ltr'>nullum</span> <span class='ocrx_word' id='word_1_30' title='bbox 852 382 907 424; x_wconf 91' lang='lat' dir='ltr'>te</span> <span class='ocrx_word' id='word_1_31' title='bbox 934 367 1148 430; x_wconf 76' lang='lat' dir='ltr'>meliu3‚</span> <span class='ocrx_word' id='word_1_32' title='bbox 1173 382 1343 439; x_wconf 89' lang='lat' dir='ltr'>aeque</span> <span class='ocrx_word' id='word_1_33' title='bbox 1366 366 1503 422; x_wconf 88' lang='lat' dir='ltr'>bene</span> <span class='ocrx_word' id='word_1_34' title='bbox 1527 367 1622 424; x_wconf 83' lang='lat' dir='ltr'>vix</span> <span class='ocrx_word' id='word_1_35' title='bbox 1635 384 1801 424; x_wconf 88' lang='lat' dir='ltr'>unum</span> <span class='ocrx_word' id='word_1_36' title='bbox 1815 380 1904 424; x_wconf 88' lang='lat' dir='ltr'>aut</span> <span class='ocrx_word' id='word_1_37' title='bbox 1918 369 2144 425; x_wconf 89' lang='lat' dir='ltr'>alterum</span> <span class='ocrx_word' id='word_1_38' title='bbox 2160 371 2455 428; x_wconf 83' lang='lat' dir='ltr'>collocasse.</span> 
     </span>
    </p>
   </div>
   <div class='ocr_carea' id='block_1_7' title="bbox 352 447 1348 638">
    <p class='ocr_par' dir='ltr' id='par_1_7' title="bbox 352 447 1348 638">
     <span class='ocr_line' id='line_1_8' title="bbox 352 447 502 505; baseline 0.013 -6"><span class='ocrx_word' id='word_1_39' title='bbox 352 447 502 505; x_wconf 81' lang='lat' dir='ltr'>Vale.</span> 
     </span>
     <span class='ocr_line' id='line_1_9' title="bbox 630 575 1348 638; baseline -0.013 -2"><span class='ocrx_word' id='word_1_40' title='bbox 630 580 705 638; x_wconf 88' lang='lat' dir='ltr'>V.</span> <span class='ocrx_word' id='word_1_41' title='bbox 777 576 844 631; x_wconf 91' lang='lat' dir='ltr'>C.</span> <span class='ocrx_word' id='word_1_42' title='bbox 920 575 1348 630; x_wconf 75' lang='lat' dir='ltr'>PL1N1us</span> 
     </span>
    </p>
   </div>
   <div class='ocr_carea' id='block_1_8' title="bbox 1423 574 2183 633">
    <p class='ocr_par' dir='ltr' id='par_1_8' title="bbox 1423 574 2183 633">
     <span class='ocr_line' id='line_1_10' title="bbox 1423 574 2183 633; baseline 0.005 -5"><span class='ocrx_word' id='word_1_43' title='bbox 1423 574 1806 633; x_wconf 68' lang='lat' dir='ltr'>SPARso</span> <span class='ocrx_word' id='word_1_44' title='bbox 1883 576 2054 633; x_wconf 83' lang='lat' dir='ltr'>Suo</span> <span class='ocrx_word' id='word_1_45' title='bbox 2131 575 2183 632; x_wconf 90' lang='lat' dir='ltr'>S.</span> 
     </span>
    </p>
   </div>
   <div class='ocr_carea' id='block_1_9' title="bbox 348 705 2454 866">
    <p class='ocr_par' dir='ltr' id='par_1_9' title="bbox 348 705 2454 866">
     <span class='ocr_line' id='line_1_11' title="bbox 348 705 2452 789; baseline -0.005 -13"><span class='ocrx_word' id='word_1_46' title='bbox 348 722 614 776; x_wconf 85' lang='lat' dir='ltr'>Latenter</span> <span class='ocrx_word' id='word_1_47' title='bbox 651 722 917 784; x_wconf 83' lang='lat' dir='ltr'>comparat</span> <span class='ocrx_word' id='word_1_48' title='bbox 950 710 1198 789; x_wconf 79' lang='lat' dir='ltr'>affensum</span> <span class='ocrx_word' id='word_1_49' title='bbox 1236 705 1534 762; x_wconf 83' lang='lat' dir='ltr'>auditorum</span> <span class='ocrx_word' id='word_1_50' title='bbox 1571 711 1626 764; x_wconf 88' lang='lat' dir='ltr'>in</span> <span class='ocrx_word' id='word_1_51' title='bbox 1663 714 1976 768; x_wconf 83' lang='lat' dir='ltr'><em>recitatione</em></span> <span class='ocrx_word' id='word_1_52' title='bbox 2001 713 2259 767; x_wconf 83' lang='lat' dir='ltr'>orationis</span> <span class='ocrx_word' id='word_1_53' title='bbox 2270 713 2452 782; x_wconf 69' lang='lat' dir='ltr'><em>faHO,</em></span> 
     </span>
     <span class='ocr_line' id='line_1_12' title="bbox 419 779 2454 866; baseline -0.003 -21"><span class='ocrx_word' id='word_1_54' title='bbox 419 790 559 866; x_wconf 86' lang='lat' dir='ltr'>quod</span> <span class='ocrx_word' id='word_1_55' title='bbox 577 787 769 842; x_wconf 85' lang='lat' dir='ltr'>accidit</span> <span class='ocrx_word' id='word_1_56' title='bbox 797 781 1049 851; x_wconf 81' lang='lat' dir='ltr'>Aeschtni</span> <span class='ocrx_word' id='word_1_57' title='bbox 1064 818 1079 846; x_wconf 95' lang='lat'>‚</span> <span class='ocrx_word' id='word_1_58' title='bbox 1105 781 1262 849; x_wconf 72' lang='lat' dir='ltr'>fitam</span> <span class='ocrx_word' id='word_1_59' title='bbox 1288 779 1343 836; x_wconf 64' lang='lat'>(5</span> <span class='ocrx_word' id='word_1_60' title='bbox 1369 780 1733 850; x_wconf 82' lang='lat' dir='ltr'>Demosthenis</span> <span class='ocrx_word' id='word_1_61' title='bbox 1761 788 2043 840; x_wconf 81' lang='lat' dir='ltr'>orationem</span> <span class='ocrx_word' id='word_1_62' title='bbox 2065 785 2208 858; x_wconf 80' lang='lat' dir='ltr'>apud</span> <span class='ocrx_word' id='word_1_63' title='bbox 2226 785 2454 840; x_wconf 84' lang='lat' dir='ltr'>Rhodios</span> 
     </span>
    </p>
   </div>
   <div class='ocr_carea' id='block_1_10' title="bbox 408 860 804 936">
    <p class='ocr_par' dir='ltr' id='par_1_10' title="bbox 408 860 804 936">
     <span class='ocr_line' id='line_1_13' title="bbox 408 860 804 936; baseline -0.02 -17"><span class='ocrx_word' id='word_1_64' title='bbox 408 860 804 936; x_wconf 80' lang='lat' dir='ltr'><em>praesentanti.</em></span> 
     </span>
    </p>
   </div>
   <div class='ocr_carea' id='block_1_11' title="bbox 345 974 2529 1063">
    <p class='ocr_par' dir='ltr' id='par_1_11' title="bbox 345 974 2529 1063">
     <span class='ocr_line' id='line_1_14' title="bbox 345 974 2529 1063; baseline -0.001 -10"><span class='ocrx_word' id='word_1_65' title='bbox 345 1001 360 1018; x_wconf 84' lang='lat'>²</span> <span class='ocrx_word' id='word_1_66' title='bbox 525 996 793 1053; x_wconf 88' lang='lat' dir='ltr'>Eschinen</span> <span class='ocrx_word' id='word_1_67' title='bbox 818 991 964 1062; x_wconf 89' lang='lat' dir='ltr'>ajunt</span> <span class='ocrx_word' id='word_1_68' title='bbox 989 989 1295 1063; x_wconf 88' lang='lat' dir='ltr'>petentibus</span> <span class='ocrx_word' id='word_1_69' title='bbox 1320 988 1556 1046; x_wconf 87' lang='lat' dir='ltr'>Rhodiis</span> <span class='ocrx_word' id='word_1_70' title='bbox 1577 991 1758 1062; x_wconf 87' lang='lat' dir='ltr'><strong>legisse</strong></span> <span class='ocrx_word' id='word_1_71' title='bbox 1773 995 2074 1048; x_wconf 88' lang='lat' dir='ltr'>orationem</span> <span class='ocrx_word' id='word_1_72' title='bbox 2090 994 2261 1057; x_wconf 86' lang='lat' dir='ltr'>suam,</span> <span class='ocrx_word' id='word_1_73' title='bbox 2300 997 2453 1051; x_wconf 90' lang='lat' dir='ltr'>dein·</span> <span class='ocrx_word' id='word_1_74' title='bbox 2525 974 2529 977; x_wconf 14' lang='grc' dir='ltr'><strong><em>Δ</em></strong></span> 
     </span>
    </p>
   </div>
   <div class='ocr_carea' id='block_1_12' title="bbox 531 1061 2004 1136">
    <p class='ocr_par' dir='ltr' id='par_1_12' title="bbox 531 1061 2004 1136">
     <span class='ocr_line' id='line_1_15' title="bbox 531 1061 2004 1136; baseline -0.002 -14"><span class='ocrx_word' id='word_1_75' title='bbox 531 1068 600 1122; x_wconf 92' lang='lat' dir='ltr'>de</span> <span class='ocrx_word' id='word_1_76' title='bbox 626 1064 1005 1124; x_wconf 86' lang='lat' dir='ltr'>Demosthenis</span> <span class='ocrx_word' id='word_1_77' title='bbox 1022 1102 1037 1126; x_wconf 94' lang='lat'>‚</span> <span class='ocrx_word' id='word_1_78' title='bbox 1074 1061 1088 1087; x_wconf 83' lang='lat'>³</span> <span class='ocrx_word' id='word_1_79' title='bbox 1114 1062 1330 1116; x_wconf 87' lang='lat' dir='ltr'>summis</span> <span class='ocrx_word' id='word_1_80' title='bbox 1358 1074 1641 1134; x_wconf 86' lang='lat' dir='ltr'>utramque</span> <span class='ocrx_word' id='word_1_81' title='bbox 1667 1065 2004 1136; x_wconf 73' lang='lat' dir='ltr'>clamoribus.</span> 
     </span>
    </p>
   </div>
   <div class='ocr_carea' id='block_1_13' title="bbox 2082 1067 2456 1137">
    <p class='ocr_par' dir='ltr' id='par_1_13' title="bbox 2082 1067 2456 1137">
     <span class='ocr_line' id='line_1_16' title="bbox 2082 1067 2456 1137; baseline 0.003 -18"><span class='ocrx_word' id='word_1_82' title='bbox 2082 1067 2249 1137; x_wconf 91' lang='lat' dir='ltr'>Quod</span> <span class='ocrx_word' id='word_1_83' title='bbox 2276 1081 2456 1122; x_wconf 86' lang='lat' dir='ltr'>tanto-</span> 
     </span>
    </p>
   </div>
   <div class='ocr_carea' id='block_1_14' title="bbox 338 1135 2458 1359">
    <p class='ocr_par' dir='ltr' id='par_1_14' title="bbox 338 1135 2458 1359">
     <span class='ocr_line' id='line_1_17' title="bbox 342 1135 2454 1206; baseline -0.003 -5"><span class='ocrx_word' id='word_1_84' title='bbox 342 1163 464 1201; x_wconf 90' lang='lat' dir='ltr'>rum</span> <span class='ocrx_word' id='word_1_85' title='bbox 505 1144 742 1199; x_wconf 88' lang='lat' dir='ltr'>virorum</span> <span class='ocrx_word' id='word_1_86' title='bbox 779 1135 1057 1204; x_wconf 64' lang='lat' dir='ltr'>contigisse</span> <span class='ocrx_word' id='word_1_87' title='bbox 1092 1135 1297 1206; x_wconf 89' lang='lat' dir='ltr'>scriptis</span> <span class='ocrx_word' id='word_1_88' title='bbox 1331 1151 1441 1189; x_wconf 88' lang='lat' dir='ltr'>non</span> <span class='ocrx_word' id='word_1_89' title='bbox 1491 1137 1657 1190; x_wconf 88' lang='lat' dir='ltr'>miror</span> <span class='ocrx_word' id='word_1_90' title='bbox 1679 1175 1693 1198; x_wconf 94' lang='lat'>,</span> <span class='ocrx_word' id='word_1_91' title='bbox 1746 1154 1873 1192; x_wconf 89' lang='lat' dir='ltr'>cum</span> <span class='ocrx_word' id='word_1_92' title='bbox 1908 1137 1927 1162; x_wconf 77' lang='lat'><strong>⁴</strong></span> <span class='ocrx_word' id='word_1_93' title='bbox 1955 1140 2254 1193; x_wconf 90' lang='lat' dir='ltr'>orationem</span> <span class='ocrx_word' id='word_1_94' title='bbox 2279 1156 2454 1194; x_wconf 87' lang='lat' dir='ltr'>meam</span> 
     </span>
     <span class='ocr_line' id='line_1_18' title="bbox 338 1205 2456 1289; baseline -0.004 -16"><span class='ocrx_word' id='word_1_95' title='bbox 338 1218 589 1289; x_wconf 84' lang='lat' dir='ltr'>proxime</span> <span class='ocrx_word' id='word_1_96' title='bbox 616 1208 904 1267; x_wconf 71' lang='lat' dir='ltr'>doffiffimi</span> <span class='ocrx_word' id='word_1_97' title='bbox 931 1209 1177 1263; x_wconf 87' lang='lat' dir='ltr'>homines</span> <span class='ocrx_word' id='word_1_98' title='bbox 1206 1207 1310 1260; x_wconf 90' lang='lat' dir='ltr'>hoc</span> <span class='ocrx_word' id='word_1_99' title='bbox 1338 1205 1513 1261; x_wconf 89' lang='lat' dir='ltr'>studio</span> <span class='ocrx_word' id='word_1_100' title='bbox 1533 1246 1550 1271; x_wconf 90' lang='lat'>‚</span> <span class='ocrx_word' id='word_1_101' title='bbox 1587 1208 1692 1265; x_wconf 89' lang='lat' dir='ltr'>hoc</span> <span class='ocrx_word' id='word_1_102' title='bbox 1718 1207 1942 1271; x_wconf 73' lang='lat' dir='ltr'>assensu,</span> <span class='ocrx_word' id='word_1_103' title='bbox 1979 1211 2085 1264; x_wconf 90' lang='lat' dir='ltr'>hoc</span> <span class='ocrx_word' id='word_1_104' title='bbox 2117 1211 2279 1263; x_wconf 90' lang='lat' dir='ltr'>etiam</span> <span class='ocrx_word' id='word_1_105' title='bbox 2309 1211 2456 1265; x_wconf 88' lang='lat' dir='ltr'>labo-</span> 
     </span>
     <span class='ocr_line' id='line_1_19' title="bbox 341 1278 2458 1359; baseline -0.004 -14"><span class='ocrx_word' id='word_1_106' title='bbox 341 1307 401 1344; x_wconf 90' lang='lat' dir='ltr'>re</span> <span class='ocrx_word' id='word_1_107' title='bbox 426 1306 523 1359; x_wconf 86' lang='lat' dir='ltr'>per</span> <span class='ocrx_word' id='word_1_108' title='bbox 547 1286 772 1341; x_wconf 86' lang='lat' dir='ltr'>biduum</span> <span class='ocrx_word' id='word_1_109' title='bbox 803 1280 1069 1336; x_wconf 84' lang='lat' dir='ltr'>audierint</span> <span class='ocrx_word' id='word_1_110' title='bbox 1095 1296 1107 1333; x_wconf 90' lang='lat'>:</span> <span class='ocrx_word' id='word_1_111' title='bbox 1163 1278 1401 1351; x_wconf 85' lang='lat' dir='ltr'>quamvis</span> <span class='ocrx_word' id='word_1_112' title='bbox 1428 1282 1785 1335; x_wconf 89' lang='lat' dir='ltr'>intentionem</span> <span class='ocrx_word' id='word_1_113' title='bbox 1813 1299 2006 1337; x_wconf 88' lang='lat' dir='ltr'>eorum</span> <span class='ocrx_word' id='word_1_114' title='bbox 2033 1282 2173 1337; x_wconf 88' lang='lat' dir='ltr'>nulla</span> <span class='ocrx_word' id='word_1_115' title='bbox 2204 1281 2362 1347; x_wconf 88' lang='lat' dir='ltr'>hine,</span> <span class='ocrx_word' id='word_1_116' title='bbox 2397 1283 2458 1337; x_wconf 85' lang='lat'>&amp;</span> 
     </span>
    </p>
   </div>
   <div class='ocr_carea' id='block_1_15' title="bbox 2034 1353 2454 1417">
    <p class='ocr_par' dir='ltr' id='par_1_15' title="bbox 2034 1353 2454 1417">
     <span class='ocr_line' id='line_1_20' title="bbox 2034 1353 2454 1417; baseline 0.002 -9"><span class='ocrx_word' id='word_1_117' title='bbox 2034 1355 2168 1408; x_wconf 88' lang='lat' dir='ltr'>Nam</span> <span class='ocrx_word' id='word_1_118' title='bbox 2212 1353 2454 1417; x_wconf 90' lang='lat' dir='ltr'>Rhodii,</span> 
     </span>
    </p>
   </div>
   <div class='ocr_carea' id='block_1_16' title="bbox 337 1424 2454 1643">
    <p class='ocr_par' dir='ltr' id='par_1_16' title="bbox 337 1424 2454 1643">
     <span class='ocr_line' id='line_1_21' title="bbox 341 1424 2454 1502; baseline -0.003 -14"><span class='ocrx_word' id='word_1_119' title='bbox 341 1449 466 1488; x_wconf 91' lang='lat' dir='ltr'>cum</span> <span class='ocrx_word' id='word_1_120' title='bbox 490 1431 606 1502; x_wconf 81' lang='lat' dir='ltr'>ipsis</span> <span class='ocrx_word' id='word_1_121' title='bbox 631 1426 940 1483; x_wconf 87' lang='lat' dir='ltr'>orationum</span> <span class='ocrx_word' id='word_1_122' title='bbox 965 1425 1249 1477; x_wconf 84' lang='lat' dir='ltr'>virtutibus</span> <span class='ocrx_word' id='word_1_123' title='bbox 1266 1456 1281 1481; x_wconf 85' lang='lat'>,</span> <span class='ocrx_word' id='word_1_124' title='bbox 1322 1435 1437 1479; x_wconf 86' lang='lat' dir='ltr'>tum</span> <span class='ocrx_word' id='word_1_125' title='bbox 1464 1430 1627 1481; x_wconf 88' lang='lat' dir='ltr'>etiam</span> <span class='ocrx_word' id='word_1_126' title='bbox 1649 1427 2062 1497; x_wconf 88' lang='lat' dir='ltr'>comparationis</span> <span class='ocrx_word' id='word_1_127' title='bbox 2086 1424 2284 1480; x_wconf 83' lang='lat' dir='ltr'>aculeis</span> <span class='ocrx_word' id='word_1_128' title='bbox 2308 1427 2454 1482; x_wconf 85' lang='lat' dir='ltr'>exci-</span> 
     </span>
     <span class='ocr_line' id='line_1_22' title="bbox 343 1494 2453 1569; baseline -0.002 -10"><span class='ocrx_word' id='word_1_129' title='bbox 343 1505 618 1559; x_wconf 81' lang='lat' dir='ltr'>tabantur:</span> <span class='ocrx_word' id='word_1_130' title='bbox 659 1497 836 1554; x_wconf 82' lang='lat' dir='ltr'>nostra</span> <span class='ocrx_word' id='word_1_131' title='bbox 858 1498 1030 1551; x_wconf 85' lang='lat' dir='ltr'>oratio</span> <span class='ocrx_word' id='word_1_132' title='bbox 1056 1494 1163 1550; x_wconf 89' lang='lat' dir='ltr'>fine</span> <span class='ocrx_word' id='word_1_133' title='bbox 1190 1497 1558 1552; x_wconf 85' lang='lat' dir='ltr'>aemulationis</span> <span class='ocrx_word' id='word_1_134' title='bbox 1583 1497 1748 1569; x_wconf 86' lang='lat' dir='ltr'>gratia</span> <span class='ocrx_word' id='word_1_135' title='bbox 1774 1498 2111 1569; x_wconf 79' lang='lat' dir='ltr'>probabatur.</span> <span class='ocrx_word' id='word_1_136' title='bbox 2140 1514 2204 1550; x_wconf 87' lang='lat' dir='ltr'>an</span> <span class='ocrx_word' id='word_1_137' title='bbox 2227 1501 2453 1564; x_wconf 78' lang='lat' dir='ltr'>merim,</span> 
     </span>
     <span class='ocr_line' id='line_1_23' title="bbox 337 1567 2451 1643; baseline -0.004 -10"><span class='ocrx_word' id='word_1_138' title='bbox 337 1576 491 1643; x_wconf 78' lang='lat' dir='ltr'>seie3‚</span> <span class='ocrx_word' id='word_1_139' title='bbox 521 1591 648 1630; x_wconf 90' lang='lat' dir='ltr'>cum</span> <span class='ocrx_word' id='word_1_140' title='bbox 671 1570 862 1642; x_wconf 82' lang='lat' dir='ltr'>legeris</span> <span class='ocrx_word' id='word_1_141' title='bbox 885 1568 1078 1624; x_wconf 90' lang='lat' dir='ltr'>librum</span> <span class='ocrx_word' id='word_1_142' title='bbox 1097 1607 1113 1634; x_wconf 90' lang='lat'>‚</span> <span class='ocrx_word' id='word_1_143' title='bbox 1152 1567 1300 1637; x_wconf 80' lang='lat' dir='ltr'>cujus</span> <span class='ocrx_word' id='word_1_144' title='bbox 1330 1569 1630 1641; x_wconf 87' lang='lat' dir='ltr'>amplitudo</span> <span class='ocrx_word' id='word_1_145' title='bbox 1658 1584 1769 1624; x_wconf 90' lang='lat' dir='ltr'>non</span> <span class='ocrx_word' id='word_1_146' title='bbox 1808 1569 1924 1625; x_wconf 82' lang='lat' dir='ltr'>sinit</span> <span class='ocrx_word' id='word_1_147' title='bbox 1955 1587 2040 1625; x_wconf 88' lang='lat' dir='ltr'>rne</span> <span class='ocrx_word' id='word_1_148' title='bbox 2066 1571 2313 1640; x_wconf 86' lang='lat' dir='ltr'>longiore</span> <span class='ocrx_word' id='word_1_149' title='bbox 2338 1573 2451 1641; x_wconf 88' lang='lat' dir='ltr'>epi-</span> 
     </span>
    </p>
   </div>
   <div class='ocr_carea' id='block_1_17' title="bbox 333 1777 1375 3080">
    <p class='ocr_par' dir='ltr' id='par_1_17' title="bbox 333 1777 1375 2277">
     <span class='ocr_line' id='line_1_24' title="bbox 333 1777 1369 1827; baseline -0.007 0"><span class='ocrx_word' id='word_1_150' title='bbox 333 1788 451 1827; x_wconf 80' lang='lat' dir='ltr'>&#39;vocat</span> <span class='ocrx_word' id='word_1_151' title='bbox 480 1785 540 1825; x_wconf 83' lang='lat' dir='ltr'>sex</span> <span class='ocrx_word' id='word_1_152' title='bbox 575 1777 791 1825; x_wconf 69' lang='lat' dir='ltr'>mensium}</span> <span class='ocrx_word' id='word_1_153' title='bbox 831 1781 870 1819; x_wconf 73' lang='grc' dir='ltr'>δε</span> <span class='ocrx_word' id='word_1_154' title='bbox 903 1790 1044 1817; x_wconf 84' lang='lat' dir='ltr'>annum</span> <span class='ocrx_word' id='word_1_155' title='bbox 1078 1779 1190 1818; x_wconf 86' lang='lat' dir='ltr'>dividi</span> <span class='ocrx_word' id='word_1_156' title='bbox 1219 1782 1258 1819; x_wconf 90' lang='lat' dir='ltr'>in</span> <span class='ocrx_word' id='word_1_157' title='bbox 1281 1780 1369 1820; x_wconf 88' lang='lat' dir='ltr'>duas</span> 
     </span>
     <span class='ocr_line' id='line_1_25' title="bbox 334 1829 1372 1888; baseline -0.006 -13"><span class='ocrx_word' id='word_1_158' title='bbox 334 1836 507 1888; x_wconf 78' lang='lat' dir='ltr'>semestres</span> <span class='ocrx_word' id='word_1_159' title='bbox 531 1832 724 1884; x_wconf 77' lang='lat' dir='ltr'>pensiones</span> <span class='ocrx_word' id='word_1_160' title='bbox 744 1831 931 1870; x_wconf 88' lang='lat' dir='ltr'>interdum</span> <span class='ocrx_word' id='word_1_161' title='bbox 954 1829 1054 1867; x_wconf 90' lang='lat' dir='ltr'>idem</span> <span class='ocrx_word' id='word_1_162' title='bbox 1067 1829 1187 1866; x_wconf 87' lang='lat' dir='ltr'>refert.</span> <span class='ocrx_word' id='word_1_163' title='bbox 1216 1831 1372 1869; x_wconf 76' lang='lat' dir='ltr'>CATAN.</span> 
     </span>
     <span class='ocr_line' id='line_1_26' title="bbox 339 1878 1373 1934; baseline -0.004 -11"><span class='ocrx_word' id='word_1_164' title='bbox 339 1885 498 1934; x_wconf 75' lang='lat' dir='ltr'>semestri</span> <span class='ocrx_word' id='word_1_165' title='bbox 520 1881 752 1931; x_wconf 63' lang='lat' dir='ltr'>tribunatus]</span> <span class='ocrx_word' id='word_1_166' title='bbox 782 1882 865 1919; x_wconf 91' lang='lat' dir='ltr'>Tot</span> <span class='ocrx_word' id='word_1_167' title='bbox 889 1883 988 1918; x_wconf 87' lang='lat' dir='ltr'>enim</span> <span class='ocrx_word' id='word_1_168' title='bbox 1010 1878 1194 1916; x_wconf 77' lang='lat' dir='ltr'>mensium</span> <span class='ocrx_word' id='word_1_169' title='bbox 1215 1881 1275 1919; x_wconf 91' lang='lat' dir='ltr'>hic</span> <span class='ocrx_word' id='word_1_170' title='bbox 1303 1882 1373 1919; x_wconf 89' lang='lat' dir='ltr'>ho-</span> 
     </span>
     <span class='ocr_line' id='line_1_27' title="bbox 337 1931 1371 1982; baseline -0.007 -7"><span class='ocrx_word' id='word_1_171' title='bbox 337 1948 411 1975; x_wconf 90' lang='lat' dir='ltr'>nor</span> <span class='ocrx_word' id='word_1_172' title='bbox 435 1943 520 1974; x_wconf 88' lang='lat' dir='ltr'>erat.</span> <span class='ocrx_word' id='word_1_173' title='bbox 549 1933 649 1972; x_wconf 84' lang='lat' dir='ltr'>Vide</span> <span class='ocrx_word' id='word_1_174' title='bbox 672 1931 770 1982; x_wconf 87' lang='lat' dir='ltr'>Lips.</span> <span class='ocrx_word' id='word_1_175' title='bbox 793 1931 842 1969; x_wconf 77' lang='grc'>11.</span> <span class='ocrx_word' id='word_1_176' title='bbox 863 1931 907 1969; x_wconf 89' lang='lat' dir='ltr'>de</span> <span class='ocrx_word' id='word_1_177' title='bbox 930 1931 1060 1968; x_wconf 87' lang='lat' dir='ltr'>Militia</span> <span class='ocrx_word' id='word_1_178' title='bbox 1085 1931 1256 1968; x_wconf 84' lang='lat' dir='ltr'>Romana</span> <span class='ocrx_word' id='word_1_179' title='bbox 1278 1931 1371 1969; x_wconf 85' lang='lat' dir='ltr'>Dia-</span> 
     </span>
     <span class='ocr_line' id='line_1_28' title="bbox 339 1980 1367 2036; baseline -0.006 -12"><span class='ocrx_word' id='word_1_180' title='bbox 339 1988 431 2036; x_wconf 82' lang='lat' dir='ltr'>logo</span> <span class='ocrx_word' id='word_1_181' title='bbox 444 1987 512 2024; x_wconf 86' lang='lat' dir='ltr'>IV.</span> <span class='ocrx_word' id='word_1_182' title='bbox 539 1985 751 2022; x_wconf 63' lang='lat' dir='ltr'>Rucuma.</span> <span class='ocrx_word' id='word_1_183' title='bbox 781 1983 978 2031; x_wconf 86' lang='lat' dir='ltr'>Optimus:</span> <span class='ocrx_word' id='word_1_184' title='bbox 1007 1986 1111 2017; x_wconf 79' lang='lat' dir='ltr'><em>Hunc</em></span> <span class='ocrx_word' id='word_1_185' title='bbox 1126 1980 1281 2028; x_wconf 84' lang='lat' dir='ltr'>semestri</span> <span class='ocrx_word' id='word_1_186' title='bbox 1299 1983 1367 2018; x_wconf 85' lang='lat' dir='ltr'>tri-</span> 
     </span>
     <span class='ocr_line' id='line_1_29' title="bbox 343 2031 1368 2081; baseline -0.005 -6"><span class='ocrx_word' id='word_1_187' title='bbox 343 2037 484 2075; x_wconf 81' lang='lat' dir='ltr'>bunatu</span> <span class='ocrx_word' id='word_1_188' title='bbox 499 2065 509 2081; x_wconf 93' lang='lat'>,</span> <span class='ocrx_word' id='word_1_189' title='bbox 536 2043 605 2073; x_wconf 86' lang='lat' dir='ltr'>cet.</span> <span class='ocrx_word' id='word_1_190' title='bbox 628 2033 704 2072; x_wconf 88' lang='lat' dir='ltr'>fine</span> <span class='ocrx_word' id='word_1_191' title='bbox 733 2032 864 2070; x_wconf 89' lang='lat' dir='ltr'>Verbo</span> <span class='ocrx_word' id='word_1_192' title='bbox 887 2045 975 2080; x_wconf 79' lang='lat' dir='ltr'><em>rogo.</em></span> <span class='ocrx_word' id='word_1_193' title='bbox 1004 2031 1055 2068; x_wconf 90' lang='lat' dir='ltr'>At</span> <span class='ocrx_word' id='word_1_194' title='bbox 1079 2031 1368 2070; x_wconf 69' lang='lat' dir='ltr'>Arnz.auffius:</span> 
     </span>
     <span class='ocr_line' id='line_1_30' title="bbox 343 2082 1375 2135; baseline -0.005 -10"><span class='ocrx_word' id='word_1_195' title='bbox 343 2094 450 2125; x_wconf 84' lang='lat' dir='ltr'>Hunc</span> <span class='ocrx_word' id='word_1_196' title='bbox 474 2098 562 2135; x_wconf 81' lang='lat' dir='ltr'>ergo</span> <span class='ocrx_word' id='word_1_197' title='bbox 583 2095 676 2133; x_wconf 79' lang='lat' dir='ltr'>rogo</span> <span class='ocrx_word' id='word_1_198' title='bbox 691 2082 844 2135; x_wconf 73' lang='lat' dir='ltr'>fhmestri</span> <span class='ocrx_word' id='word_1_199' title='bbox 866 2082 1056 2120; x_wconf 81' lang='lat' dir='ltr'>tribunatu</span> <span class='ocrx_word' id='word_1_200' title='bbox 1082 2109 1092 2124; x_wconf 94' lang='lat'>,</span> <span class='ocrx_word' id='word_1_201' title='bbox 1119 2089 1188 2118; x_wconf 88' lang='lat' dir='ltr'>cet.</span> <span class='ocrx_word' id='word_1_202' title='bbox 1228 2083 1375 2131; x_wconf 87' lang='lat' dir='ltr'>Reliqui</span> 
     </span>
     <span class='ocr_line' id='line_1_31' title="bbox 342 2130 1371 2186; baseline -0.008 -10"><span class='ocrx_word' id='word_1_203' title='bbox 342 2139 530 2186; x_wconf 77' lang='lat' dir='ltr'>vulgatam</span> <span class='ocrx_word' id='word_1_204' title='bbox 552 2144 724 2179; x_wconf 86' lang='lat' dir='ltr'>tuentur,</span> <span class='ocrx_word' id='word_1_205' title='bbox 751 2145 845 2182; x_wconf 76' lang='lat' dir='ltr'>quae</span> <span class='ocrx_word' id='word_1_206' title='bbox 867 2135 906 2171; x_wconf 65' lang='grc' dir='ltr'>ὃς</span> <span class='ocrx_word' id='word_1_207' title='bbox 926 2132 1014 2169; x_wconf 87' lang='lat' dir='ltr'>Vet.</span> <span class='ocrx_word' id='word_1_208' title='bbox 1034 2130 1103 2168; x_wconf 86' lang='lat' dir='ltr'>Ed.</span> <span class='ocrx_word' id='word_1_209' title='bbox 1117 2131 1217 2169; x_wconf 90' lang='lat' dir='ltr'>Aldo</span> <span class='ocrx_word' id='word_1_210' title='bbox 1232 2160 1242 2176; x_wconf 94' lang='lat'>‚</span> <span class='ocrx_word' id='word_1_211' title='bbox 1272 2133 1371 2180; x_wconf 89' lang='lat' dir='ltr'>Gry-</span> 
     </span>
     <span class='ocr_line' id='line_1_32' title="bbox 340 2181 1366 2238; baseline -0.01 -12"><span class='ocrx_word' id='word_1_212' title='bbox 340 2189 432 2238; x_wconf 87' lang='lat' dir='ltr'>phio</span> <span class='ocrx_word' id='word_1_213' title='bbox 453 2188 603 2237; x_wconf 85' lang='lat' dir='ltr'>aliisque</span> <span class='ocrx_word' id='word_1_214' title='bbox 624 2186 768 2236; x_wconf 84' lang='lat' dir='ltr'>placuit.</span> <span class='ocrx_word' id='word_1_215' title='bbox 793 2185 920 2222; x_wconf 81' lang='lat' dir='ltr'>Oxon.</span> <span class='ocrx_word' id='word_1_216' title='bbox 948 2187 1051 2219; x_wconf 82' lang='lat' dir='ltr'>Hunc</span> <span class='ocrx_word' id='word_1_217' title='bbox 1086 2191 1157 2229; x_wconf 89' lang='lat' dir='ltr'>ego</span> <span class='ocrx_word' id='word_1_218' title='bbox 1189 2181 1366 2230; x_wconf 70' lang='lat' dir='ltr'>semestri,</span> 
     </span>
     <span class='ocr_line' id='line_1_33' title="bbox 342 2247 413 2277; baseline -0.014 0"><span class='ocrx_word' id='word_1_219' title='bbox 342 2247 413 2277; x_wconf 88' lang='lat' dir='ltr'>cet.</span> 
     </span>
    </p>

    <p class='ocr_par' dir='ltr' id='par_1_18' title="bbox 338 2280 1368 2489">
     <span class='ocr_line' id='line_1_34' title="bbox 393 2280 1367 2338; baseline -0.008 -10"><span class='ocrx_word' id='word_1_220' title='bbox 393 2302 408 2328; x_wconf 86' lang='lat'>1</span> <span class='ocrx_word' id='word_1_221' title='bbox 442 2287 554 2338; x_wconf 87' lang='lat' dir='ltr'>Nos.]</span> <span class='ocrx_word' id='word_1_222' title='bbox 590 2285 647 2324; x_wconf 81' lang='lat' dir='ltr'>Ex</span> <span class='ocrx_word' id='word_1_223' title='bbox 682 2285 860 2335; x_wconf 76' lang='lat' dir='ltr'>disciplina</span> <span class='ocrx_word' id='word_1_224' title='bbox 883 2284 948 2331; x_wconf 87' lang='lat' dir='ltr'>JC.</span> <span class='ocrx_word' id='word_1_225' title='bbox 968 2281 1118 2332; x_wconf 89' lang='lat' dir='ltr'>sponsor</span> <span class='ocrx_word' id='word_1_226' title='bbox 1141 2280 1293 2320; x_wconf 89' lang='lat' dir='ltr'>efficitur</span> <span class='ocrx_word' id='word_1_227' title='bbox 1315 2283 1367 2320; x_wconf 92' lang='lat' dir='ltr'>se-</span> 
     </span>
     <span class='ocr_line' id='line_1_35' title="bbox 338 2334 1366 2386; baseline -0.008 -8"><span class='ocrx_word' id='word_1_228' title='bbox 338 2340 481 2378; x_wconf 88' lang='lat' dir='ltr'>cundus</span> <span class='ocrx_word' id='word_1_229' title='bbox 504 2339 644 2378; x_wconf 86' lang='lat' dir='ltr'>debitor</span> <span class='ocrx_word' id='word_1_230' title='bbox 658 2366 669 2383; x_wconf 92' lang='lat'>‚</span> <span class='ocrx_word' id='word_1_231' title='bbox 696 2339 781 2386; x_wconf 90' lang='lat' dir='ltr'>quia</span> <span class='ocrx_word' id='word_1_232' title='bbox 804 2335 920 2386; x_wconf 83' lang='lat' dir='ltr'>potest</span> <span class='ocrx_word' id='word_1_233' title='bbox 943 2335 1082 2383; x_wconf 79' lang='lat' dir='ltr'>gravari</span> <span class='ocrx_word' id='word_1_234' title='bbox 1099 2340 1275 2382; x_wconf 85' lang='lat' dir='ltr'>tanquam</span> <span class='ocrx_word' id='word_1_235' title='bbox 1295 2334 1366 2380; x_wconf 88' lang='lat' dir='ltr'>pri-</span> 
     </span>
     <span class='ocr_line' id='line_1_36' title="bbox 339 2382 1368 2428; baseline -0.007 0"><span class='ocrx_word' id='word_1_236' title='bbox 339 2402 423 2428; x_wconf 81' lang='lat' dir='ltr'>mus</span> <span class='ocrx_word' id='word_1_237' title='bbox 449 2404 456 2427; x_wconf 93' lang='lat'>:</span> <span class='ocrx_word' id='word_1_238' title='bbox 505 2390 552 2427; x_wconf 80' lang='lat' dir='ltr'>sic</span> <span class='ocrx_word' id='word_1_239' title='bbox 588 2387 794 2426; x_wconf 84' lang='lat' dir='ltr'>transsative</span> <span class='ocrx_word' id='word_1_240' title='bbox 825 2389 862 2425; x_wconf 92' lang='lat' dir='ltr'>in</span> <span class='ocrx_word' id='word_1_241' title='bbox 906 2382 1139 2422; x_wconf 68' lang='lat' dir='ltr'>conferendis</span> <span class='ocrx_word' id='word_1_242' title='bbox 1183 2382 1368 2421; x_wconf 87' lang='lat' dir='ltr'>benefieiis</span> 
     </span>
     <span class='ocr_line' id='line_1_37' title="bbox 341 2434 1132 2489; baseline -0.013 -10"><span class='ocrx_word' id='word_1_243' title='bbox 341 2440 490 2489; x_wconf 81' lang='lat' dir='ltr'>sponsor</span> <span class='ocrx_word' id='word_1_244' title='bbox 510 2441 663 2480; x_wconf 80' lang='lat' dir='ltr'>habetur</span> <span class='ocrx_word' id='word_1_245' title='bbox 682 2449 750 2488; x_wconf 86' lang='lat' dir='ltr'>pro</span> <span class='ocrx_word' id='word_1_246' title='bbox 774 2437 945 2475; x_wconf 82' lang='lat' dir='ltr'>debitore.</span> <span class='ocrx_word' id='word_1_247' title='bbox 976 2434 1132 2472; x_wconf 72' lang='lat' dir='ltr'>CATAN.</span> 
     </span>
    </p>

    <p class='ocr_par' dir='ltr' id='par_1_19' title="bbox 342 2482 1375 3080">
     <span class='ocr_line' id='line_1_38' title="bbox 394 2482 1365 2538; baseline -0.006 -11"><span class='ocrx_word' id='word_1_248' title='bbox 394 2503 414 2527; x_wconf 85' lang='lat' dir='ltr'>z</span> <span class='ocrx_word' id='word_1_249' title='bbox 447 2488 694 2538; x_wconf 65' lang='lat' dir='ltr'>Aeschinem]</span> <span class='ocrx_word' id='word_1_250' title='bbox 725 2488 890 2526; x_wconf 80' lang='lat' dir='ltr'>Laertius</span> <span class='ocrx_word' id='word_1_251' title='bbox 915 2483 1097 2534; x_wconf 69' lang='lat' dir='ltr'>Aeschinaes</span> <span class='ocrx_word' id='word_1_252' title='bbox 1121 2483 1210 2521; x_wconf 72' lang='lat' dir='ltr'>oe&#39;to</span> <span class='ocrx_word' id='word_1_253' title='bbox 1243 2482 1365 2521; x_wconf 89' lang='lat' dir='ltr'>refert.</span> 
     </span>
     <span class='ocr_line' id='line_1_39' title="bbox 342 2534 1367 2581; baseline -0.006 -3"><span class='ocrx_word' id='word_1_254' title='bbox 342 2540 419 2580; x_wconf 90' lang='lat' dir='ltr'>Hic</span> <span class='ocrx_word' id='word_1_255' title='bbox 451 2552 540 2579; x_wconf 87' lang='lat' dir='ltr'>vero</span> <span class='ocrx_word' id='word_1_256' title='bbox 575 2538 807 2577; x_wconf 81' lang='lat' dir='ltr'>Atheniensis</span> <span class='ocrx_word' id='word_1_257' title='bbox 842 2538 943 2581; x_wconf 86' lang='lat' dir='ltr'>fuit,</span> <span class='ocrx_word' id='word_1_258' title='bbox 981 2534 1073 2573; x_wconf 87' lang='lat' dir='ltr'>filius</span> <span class='ocrx_word' id='word_1_259' title='bbox 1107 2535 1292 2571; x_wconf 89' lang='lat' dir='ltr'>Atrometi</span> <span class='ocrx_word' id='word_1_260' title='bbox 1328 2536 1367 2572; x_wconf 69' lang='grc' dir='ltr'>ὃς</span> 
     </span>
     <span class='ocr_line' id='line_1_40' title="bbox 345 2584 1369 2629; baseline -0.008 0"><span class='ocrx_word' id='word_1_261' title='bbox 345 2591 586 2629; x_wconf 82' lang='lat' dir='ltr'>Leucotheae</span> <span class='ocrx_word' id='word_1_262' title='bbox 618 2588 692 2626; x_wconf 83' lang='lat' dir='ltr'>sive</span> <span class='ocrx_word' id='word_1_263' title='bbox 727 2588 989 2625; x_wconf 74' lang='lat' dir='ltr'>Glaucotheae.</span> <span class='ocrx_word' id='word_1_264' title='bbox 1039 2586 1206 2622; x_wconf 84' lang='lat' dir='ltr'>Primum</span> <span class='ocrx_word' id='word_1_265' title='bbox 1234 2584 1369 2629; x_wconf 86' lang='lat' dir='ltr'>scriba,</span> 
     </span>
     <span class='ocr_line' id='line_1_41' title="bbox 346 2636 1372 2688; baseline -0.006 -11"><span class='ocrx_word' id='word_1_266' title='bbox 346 2641 481 2680; x_wconf 83' lang='lat' dir='ltr'>deinde</span> <span class='ocrx_word' id='word_1_267' title='bbox 505 2650 651 2684; x_wconf 84' lang='lat' dir='ltr'>orator,</span> <span class='ocrx_word' id='word_1_268' title='bbox 680 2639 865 2688; x_wconf 77' lang='lat' dir='ltr'>discipulus</span> <span class='ocrx_word' id='word_1_269' title='bbox 899 2637 1161 2675; x_wconf 76' lang='lat' dir='ltr'>Alcidamantis</span> <span class='ocrx_word' id='word_1_270' title='bbox 1186 2664 1196 2680; x_wconf 96' lang='lat'>,</span> <span class='ocrx_word' id='word_1_271' title='bbox 1229 2636 1372 2683; x_wconf 86' lang='lat' dir='ltr'>plenior</span> 
     </span>
     <span class='ocr_line' id='line_1_42' title="bbox 345 2684 1366 2738; baseline -0.005 -11"><span class='ocrx_word' id='word_1_272' title='bbox 345 2691 600 2729; x_wconf 81' lang='lat' dir='ltr'>Demosthene</span> <span class='ocrx_word' id='word_1_273' title='bbox 633 2693 671 2728; x_wconf 72' lang='grc' dir='ltr'>ὅ(</span> <span class='ocrx_word' id='word_1_274' title='bbox 704 2690 817 2738; x_wconf 78' lang='lat' dir='ltr'>magis</span> <span class='ocrx_word' id='word_1_275' title='bbox 852 2688 946 2725; x_wconf 85' lang='lat' dir='ltr'>fusus</span> <span class='ocrx_word' id='word_1_276' title='bbox 971 2715 982 2732; x_wconf 93' lang='lat'>‚</span> <span class='ocrx_word' id='word_1_277' title='bbox 1018 2685 1200 2735; x_wconf 77' lang='lat' dir='ltr'>grandiori</span> <span class='ocrx_word' id='word_1_278' title='bbox 1222 2684 1366 2730; x_wconf 87' lang='lat' dir='ltr'>fimilis,</span> 
     </span>
     <span class='ocr_line' id='line_1_43' title="bbox 347 2735 1369 2787; baseline -0.003 -12"><span class='ocrx_word' id='word_1_279' title='bbox 347 2752 424 2787; x_wconf 69' lang='lat' dir='ltr'>quo</span> <span class='ocrx_word' id='word_1_280' title='bbox 457 2744 577 2779; x_wconf 79' lang='lat' dir='ltr'>minus</span> <span class='ocrx_word' id='word_1_281' title='bbox 608 2739 746 2778; x_wconf 63' lang='lat' dir='ltr'>strictus</span> <span class='ocrx_word' id='word_1_282' title='bbox 771 2768 781 2784; x_wconf 94' lang='lat'>,</span> <span class='ocrx_word' id='word_1_283' title='bbox 827 2740 939 2776; x_wconf 83' lang='lat' dir='ltr'>carnis</span> <span class='ocrx_word' id='word_1_284' title='bbox 971 2746 1098 2774; x_wconf 78' lang='lat' dir='ltr'>tamen</span> <span class='ocrx_word' id='word_1_285' title='bbox 1130 2736 1207 2784; x_wconf 88' lang='lat' dir='ltr'>plus</span> <span class='ocrx_word' id='word_1_286' title='bbox 1238 2735 1369 2779; x_wconf 79' lang='lat' dir='ltr'>habet,</span> 
     </span>
     <span class='ocr_line' id='line_1_44' title="bbox 351 2786 1369 2836; baseline 0 -13"><span class='ocrx_word' id='word_1_287' title='bbox 351 2792 470 2827; x_wconf 75' lang='lat' dir='ltr'>minus</span> <span class='ocrx_word' id='word_1_288' title='bbox 490 2793 720 2829; x_wconf 67' lang='lat' dir='ltr'>lacertorum.</span> <span class='ocrx_word' id='word_1_289' title='bbox 777 2790 875 2827; x_wconf 87' lang='lat' dir='ltr'>Cum</span> <span class='ocrx_word' id='word_1_290' title='bbox 901 2787 1181 2836; x_wconf 79' lang='lat' dir='ltr'>Ctesiphontem</span> <span class='ocrx_word' id='word_1_291' title='bbox 1215 2786 1369 2823; x_wconf 85' lang='lat' dir='ltr'>accusas-</span> 
     </span>
     <span class='ocr_line' id='line_1_45' title="bbox 351 2837 1367 2892; baseline -0.002 -17"><span class='ocrx_word' id='word_1_292' title='bbox 351 2837 399 2892; x_wconf 46' lang='lat' dir='ltr'>set</span> <span class='ocrx_word' id='word_1_293' title='bbox 415 2865 423 2878; x_wconf 91' lang='lat'>,</span> <span class='ocrx_word' id='word_1_294' title='bbox 452 2842 553 2886; x_wconf 59' lang='lat' dir='ltr'>qum</span> <span class='ocrx_word' id='word_1_295' title='bbox 576 2841 709 2877; x_wconf 78' lang='lat' dir='ltr'>diceret</span> <span class='ocrx_word' id='word_1_296' title='bbox 732 2839 1027 2877; x_wconf 76' lang='lat' dir='ltr'>Demosthenem</span> <span class='ocrx_word' id='word_1_297' title='bbox 1046 2837 1197 2884; x_wconf 66' lang='lat' dir='ltr'>dignum</span> <span class='ocrx_word' id='word_1_298' title='bbox 1212 2846 1367 2873; x_wconf 84' lang='lat' dir='ltr'>corona-</span> 
     </span>
     <span class='ocr_line' id='line_1_46' title="bbox 351 2887 1367 2937; baseline 0.001 -15"><span class='ocrx_word' id='word_1_299' title='bbox 351 2897 379 2937; x_wconf 68' lang='lat' dir='ltr'>ri</span> <span class='ocrx_word' id='word_1_300' title='bbox 396 2914 405 2929; x_wconf 93' lang='lat'>,</span> <span class='ocrx_word' id='word_1_301' title='bbox 434 2890 725 2927; x_wconf 65' lang='lat' dir='ltr'>recriininutione</span> <span class='ocrx_word' id='word_1_302' title='bbox 747 2891 836 2927; x_wconf 69' lang='lat' dir='ltr'>tanti</span> <span class='ocrx_word' id='word_1_303' title='bbox 859 2890 1012 2926; x_wconf 79' lang='lat' dir='ltr'>oratoris</span> <span class='ocrx_word' id='word_1_304' title='bbox 1038 2915 1048 2931; x_wconf 95' lang='lat'>,</span> <span class='ocrx_word' id='word_1_305' title='bbox 1076 2889 1134 2925; x_wconf 86' lang='lat' dir='ltr'>cui</span> <span class='ocrx_word' id='word_1_306' title='bbox 1154 2887 1277 2924; x_wconf 73' lang='lat' dir='ltr'>titulus</span> <span class='ocrx_word' id='word_1_307' title='bbox 1300 2898 1367 2935; x_wconf 86' lang='lat' dir='ltr'>pro</span> 
     </span>
     <span class='ocr_line' id='line_1_47' title="bbox 357 2936 1367 2982; baseline 0.002 -10"><span class='ocrx_word' id='word_1_308' title='bbox 357 2937 506 2972; x_wconf 78' lang='lat' dir='ltr'>Corona</span> <span class='ocrx_word' id='word_1_309' title='bbox 534 2964 543 2978; x_wconf 89' lang='lat'><strong><em>‚</em></strong></span> <span class='ocrx_word' id='word_1_310' title='bbox 570 2939 693 2973; x_wconf 75' lang='lat' dir='ltr'>acriter</span> <span class='ocrx_word' id='word_1_311' title='bbox 726 2939 905 2975; x_wconf 78' lang='lat' dir='ltr'>accusatus</span> <span class='ocrx_word' id='word_1_312' title='bbox 937 2939 974 2975; x_wconf 74' lang='grc' dir='ltr'>δε</span> <span class='ocrx_word' id='word_1_313' title='bbox 1005 2938 1114 2975; x_wconf 80' lang='lat' dir='ltr'>exilio</span> <span class='ocrx_word' id='word_1_314' title='bbox 1149 2936 1367 2982; x_wconf 62' lang='lat' dir='ltr'>muletatus,</span> 
     </span>
     <span class='ocr_line' id='line_1_48' title="bbox 357 2983 1371 3037; baseline 0.005 -19"><span class='ocrx_word' id='word_1_315' title='bbox 357 2984 537 3037; x_wconf 67' lang='lat' dir='ltr'>Rhodum</span> <span class='ocrx_word' id='word_1_316' title='bbox 563 2983 622 3020; x_wconf 77' lang='lat' dir='ltr'>sibi</span> <span class='ocrx_word' id='word_1_317' title='bbox 645 2985 764 3021; x_wconf 82' lang='lat' dir='ltr'>sedem</span> <span class='ocrx_word' id='word_1_318' title='bbox 793 2986 897 3031; x_wconf 71' lang='lat' dir='ltr'>clegit</span> <span class='ocrx_word' id='word_1_319' title='bbox 927 3014 937 3029; x_wconf 87' lang='lat'>,</span> <span class='ocrx_word' id='word_1_320' title='bbox 963 2987 1022 3023; x_wconf 91' lang='lat' dir='ltr'>ubi</span> <span class='ocrx_word' id='word_1_321' title='bbox 1057 2988 1254 3024; x_wconf 77' lang='lat' dir='ltr'>oratoriam</span> <span class='ocrx_word' id='word_1_322' title='bbox 1288 2998 1371 3034; x_wconf 91' lang='lat' dir='ltr'>pro-</span> 
     </span>
     <span class='ocr_line' id='line_1_49' title="bbox 358 3033 1375 3080; baseline 0 -9"><span class='ocrx_word' id='word_1_323' title='bbox 358 3033 464 3072; x_wconf 76' lang='lat' dir='ltr'>fessus</span> <span class='ocrx_word' id='word_1_324' title='bbox 488 3035 556 3076; x_wconf 71' lang='lat' dir='ltr'>eli,</span> <span class='ocrx_word' id='word_1_325' title='bbox 587 3035 624 3069; x_wconf 70' lang='grc' dir='ltr'>ὅ(</span> <span class='ocrx_word' id='word_1_326' title='bbox 647 3044 731 3069; x_wconf 86' lang='lat' dir='ltr'>cum</span> <span class='ocrx_word' id='word_1_327' title='bbox 755 3033 933 3080; x_wconf 64' lang='lat' dir='ltr'>rogam-nt</span> <span class='ocrx_word' id='word_1_328' title='bbox 956 3035 1091 3071; x_wconf 82' lang='lat' dir='ltr'>Rhodii</span> <span class='ocrx_word' id='word_1_329' title='bbox 1117 3064 1126 3078; x_wconf 97' lang='lat'>,</span> <span class='ocrx_word' id='word_1_330' title='bbox 1164 3045 1204 3074; x_wconf 86' lang='lat' dir='ltr'>ut</span> <span class='ocrx_word' id='word_1_331' title='bbox 1237 3045 1375 3073; x_wconf 88' lang='lat' dir='ltr'>utram-</span> 
     </span>
    </p>
   </div>
   <div class='ocr_carea' id='block_1_18' title="bbox 360 3074 1650 3135">
    <p class='ocr_par' dir='ltr' id='par_1_20' title="bbox 360 3074 1650 3135">
     <span class='ocr_line' id='line_1_50' title="bbox 360 3074 1650 3135; baseline -0.008 -12"><span class='ocrx_word' id='word_1_332' title='bbox 360 3095 434 3135; x_wconf 72' lang='lat' dir='ltr'>que</span> <span class='ocrx_word' id='word_1_333' title='bbox 466 3085 671 3123; x_wconf 78' lang='lat' dir='ltr'>orationem</span> <span class='ocrx_word' id='word_1_334' title='bbox 703 3081 797 3122; x_wconf 79' lang='lat' dir='ltr'>exilu</span> <span class='ocrx_word' id='word_1_335' title='bbox 827 3083 969 3120; x_wconf 74' lang='lat' dir='ltr'>causam</span> <span class='ocrx_word' id='word_1_336' title='bbox 1002 3084 1166 3124; x_wconf 71' lang='lat' dir='ltr'>recitaret</span> <span class='ocrx_word' id='word_1_337' title='bbox 1190 3114 1201 3132; x_wconf 87' lang='lat'>‚</span> <span class='ocrx_word' id='word_1_338' title='bbox 1239 3095 1378 3135; x_wconf 76' lang='lat' dir='ltr'>magno</span> <span class='ocrx_word' id='word_1_339' title='bbox 1446 3074 1650 3116; x_wconf 77' lang='lat' dir='ltr'>mostheuis.</span> 
     </span>
    </p>
   </div>
   <div class='ocr_carea' id='block_1_19' title="bbox 2326 1642 2455 1698">
    <p class='ocr_par' dir='ltr' id='par_1_21' title="bbox 2326 1642 2455 1698">
     <span class='ocr_line' id='line_1_51' title="bbox 2326 1642 2455 1698; baseline -0.008 0"><span class='ocrx_word' id='word_1_340' title='bbox 2326 1642 2455 1698; x_wconf 83' lang='lat' dir='ltr'>stola</span> 
     </span>
    </p>
   </div>
   <div class='ocr_carea' id='block_1_20' title="bbox 1427 1778 2453 2300">
    <p class='ocr_par' dir='ltr' id='par_1_22' title="bbox 1429 1778 2453 1933">
     <span class='ocr_line' id='line_1_52' title="bbox 1430 1778 2453 1830; baseline -0.001 -10"><span class='ocrx_word' id='word_1_341' title='bbox 1430 1783 1641 1823; x_wconf 84' lang='lat' dir='ltr'>auditorum</span> <span class='ocrx_word' id='word_1_342' title='bbox 1664 1782 1800 1821; x_wconf 84' lang='lat' dir='ltr'>assensu</span> <span class='ocrx_word' id='word_1_343' title='bbox 1820 1779 1963 1820; x_wconf 82' lang='lat' dir='ltr'>auditus</span> <span class='ocrx_word' id='word_1_344' title='bbox 1989 1779 2048 1820; x_wconf 90' lang='lat' dir='ltr'>est.</span> <span class='ocrx_word' id='word_1_345' title='bbox 2076 1779 2132 1819; x_wconf 83' lang='lat' dir='ltr'>In</span> <span class='ocrx_word' id='word_1_346' title='bbox 2147 1792 2169 1819; x_wconf 76' lang='grc' dir='ltr'>ε</span> <span class='ocrx_word' id='word_1_347' title='bbox 2184 1792 2224 1818; x_wconf 74' lang='grc' dir='ltr'>Μ.</span> <span class='ocrx_word' id='word_1_348' title='bbox 2252 1778 2453 1830; x_wconf 78' lang='lat' dir='ltr'>Aeschinen</span> 
     </span>
     <span class='ocr_line' id='line_1_53' title="bbox 1429 1830 2453 1880; baseline -0.002 -8"><span class='ocrx_word' id='word_1_349' title='bbox 1429 1835 1538 1873; x_wconf 86' lang='lat' dir='ltr'>habet</span> <span class='ocrx_word' id='word_1_350' title='bbox 1556 1833 1748 1872; x_wconf 90' lang='lat' dir='ltr'>Mediceus</span> <span class='ocrx_word' id='word_1_351' title='bbox 1765 1861 1775 1877; x_wconf 93' lang='lat'>,</span> <span class='ocrx_word' id='word_1_352' title='bbox 1798 1832 1961 1871; x_wconf 88' lang='lat' dir='ltr'>Riccard.</span> <span class='ocrx_word' id='word_1_353' title='bbox 1987 1834 2025 1871; x_wconf 71' lang='grc' dir='ltr'>δε</span> <span class='ocrx_word' id='word_1_354' title='bbox 2046 1839 2202 1880; x_wconf 87' lang='lat' dir='ltr'>utraque</span> <span class='ocrx_word' id='word_1_355' title='bbox 2228 1830 2384 1878; x_wconf 88' lang='lat' dir='ltr'>Aldina,</span> <span class='ocrx_word' id='word_1_356' title='bbox 2411 1839 2453 1870; x_wconf 86' lang='lat' dir='ltr'>ut</span> 
     </span>
     <span class='ocr_line' id='line_1_54' title="bbox 1431 1884 1905 1933; baseline -0.004 -12"><span class='ocrx_word' id='word_1_357' title='bbox 1431 1885 1511 1923; x_wconf 90' lang='lat' dir='ltr'>Lib.</span> <span class='ocrx_word' id='word_1_358' title='bbox 1536 1884 1563 1922; x_wconf 84' lang='grc' dir='ltr'>ἶ.</span> <span class='ocrx_word' id='word_1_359' title='bbox 1582 1884 1691 1933; x_wconf 86' lang='lat' dir='ltr'>Epist.</span> <span class='ocrx_word' id='word_1_360' title='bbox 1712 1885 1792 1922; x_wconf 92' lang='lat' dir='ltr'>XX.</span> <span class='ocrx_word' id='word_1_361' title='bbox 1816 1896 1850 1921; x_wconf 91' lang='lat' dir='ltr'>n.</span> <span class='ocrx_word' id='word_1_362' title='bbox 1871 1895 1905 1930; x_wconf 83' lang='lat'>4</span> 
     </span>
    </p>

    <p class='ocr_par' dir='ltr' id='par_1_23' title="bbox 1427 1942 2452 2300">
     <span class='ocr_line' id='line_1_55' title="bbox 1480 1942 2450 1996; baseline 0.001 -13"><span class='ocrx_word' id='word_1_363' title='bbox 1480 1959 1498 1996; x_wconf 84' lang='lat'>3</span> <span class='ocrx_word' id='word_1_364' title='bbox 1530 1947 1704 1990; x_wconf 84' lang='lat' dir='ltr'>Summis,</span> <span class='ocrx_word' id='word_1_365' title='bbox 1729 1945 1828 1994; x_wconf 61' lang='lat' dir='ltr'>eya]</span> <span class='ocrx_word' id='word_1_366' title='bbox 1860 1947 1916 1984; x_wconf 91' lang='lat' dir='ltr'>Sic</span> <span class='ocrx_word' id='word_1_367' title='bbox 1935 1947 2116 1985; x_wconf 88' lang='lat' dir='ltr'>Palatinus</span> <span class='ocrx_word' id='word_1_368' title='bbox 2140 1974 2150 1991; x_wconf 95' lang='lat'>,</span> <span class='ocrx_word' id='word_1_369' title='bbox 2188 1942 2236 1980; x_wconf 90' lang='lat' dir='ltr'>fic</span> <span class='ocrx_word' id='word_1_370' title='bbox 2256 1951 2347 1982; x_wconf 85' lang='lat' dir='ltr'>vett.</span> <span class='ocrx_word' id='word_1_371' title='bbox 2368 1944 2450 1984; x_wconf 88' lang='lat' dir='ltr'>edd.</span> 
     </span>
     <span class='ocr_line' id='line_1_56' title="bbox 1429 1992 2452 2045; baseline -0.001 -11"><span class='ocrx_word' id='word_1_372' title='bbox 1429 1997 1539 2034; x_wconf 88' lang='lat' dir='ltr'>etiam</span> <span class='ocrx_word' id='word_1_373' title='bbox 1560 1998 1694 2036; x_wconf 83' lang='lat' dir='ltr'>Aldina</span> <span class='ocrx_word' id='word_1_374' title='bbox 1719 2025 1729 2041; x_wconf 91' lang='lat'>,</span> <span class='ocrx_word' id='word_1_375' title='bbox 1765 1996 2017 2045; x_wconf 85' lang='lat' dir='ltr'>subsequentes</span> <span class='ocrx_word' id='word_1_376' title='bbox 2038 1996 2203 2045; x_wconf 85' lang='lat' dir='ltr'>adjecere</span> <span class='ocrx_word' id='word_1_377' title='bbox 2223 1992 2268 2032; x_wconf 89' lang='lat' dir='ltr'>de</span> <span class='ocrx_word' id='word_1_378' title='bbox 2298 1994 2452 2033; x_wconf 87' lang='lat' dir='ltr'>liberali-</span> 
     </span>
     <span class='ocr_line' id='line_1_57' title="bbox 1429 2045 2450 2096; baseline 0.001 -13"><span class='ocrx_word' id='word_1_379' title='bbox 1429 2054 1503 2084; x_wconf 87' lang='lat' dir='ltr'>tate</span> <span class='ocrx_word' id='word_1_380' title='bbox 1535 2048 1595 2085; x_wconf 82' lang='lat' dir='ltr'>sua</span> <span class='ocrx_word' id='word_1_381' title='bbox 1621 2076 1631 2092; x_wconf 94' lang='lat'>,</span> <span class='ocrx_word' id='word_1_382' title='bbox 1666 2046 1874 2084; x_wconf 73' lang='lat' dir='ltr'>clamoribus</span> <span class='ocrx_word' id='word_1_383' title='bbox 1903 2047 1960 2095; x_wconf 79' lang='lat' dir='ltr'>effe</span> <span class='ocrx_word' id='word_1_384' title='bbox 1983 2045 2173 2096; x_wconf 83' lang='lat' dir='ltr'>probatum</span> <span class='ocrx_word' id='word_1_385' title='bbox 2197 2073 2208 2090; x_wconf 91' lang='lat'>‚</span> <span class='ocrx_word' id='word_1_386' title='bbox 2245 2045 2338 2094; x_wconf 78' lang='lat' dir='ltr'>quod</span> <span class='ocrx_word' id='word_1_387' title='bbox 2376 2055 2450 2084; x_wconf 72' lang='grc' dir='ltr'>υτ.</span> 
     </span>
     <span class='ocr_line' id='line_1_58' title="bbox 1432 2095 2449 2146; baseline 0 -12"><span class='ocrx_word' id='word_1_388' title='bbox 1432 2098 1624 2136; x_wconf 80' lang='lat' dir='ltr'>GRUTER.</span> <span class='ocrx_word' id='word_1_389' title='bbox 1653 2099 1843 2135; x_wconf 74' lang='lat' dir='ltr'>Laciniam</span> <span class='ocrx_word' id='word_1_390' title='bbox 1867 2096 1964 2134; x_wconf 87' lang='lat' dir='ltr'>illam</span> <span class='ocrx_word' id='word_1_391' title='bbox 1985 2097 2044 2146; x_wconf 79' lang='lat' dir='ltr'>effe</span> <span class='ocrx_word' id='word_1_392' title='bbox 2069 2096 2258 2145; x_wconf 79' lang='lat' dir='ltr'>probatam</span> <span class='ocrx_word' id='word_1_393' title='bbox 2289 2095 2327 2132; x_wconf 91' lang='lat' dir='ltr'>in</span> <span class='ocrx_word' id='word_1_394' title='bbox 2359 2095 2449 2134; x_wconf 77' lang='lat' dir='ltr'>Vet-</span> 
     </span>
     <span class='ocr_line' id='line_1_59' title="bbox 1427 2144 2452 2195; baseline -0.001 -10"><span class='ocrx_word' id='word_1_395' title='bbox 1427 2147 1494 2186; x_wconf 86' lang='lat' dir='ltr'>suis</span> <span class='ocrx_word' id='word_1_396' title='bbox 1521 2148 1639 2186; x_wconf 80' lang='lat' dir='ltr'>Codd.</span> <span class='ocrx_word' id='word_1_397' title='bbox 1664 2160 1741 2186; x_wconf 91' lang='lat' dir='ltr'>non</span> <span class='ocrx_word' id='word_1_398' title='bbox 1765 2145 1859 2191; x_wconf 83' lang='lat' dir='ltr'>effe,</span> <span class='ocrx_word' id='word_1_399' title='bbox 1888 2148 1926 2184; x_wconf 67' lang='grc' dir='ltr'>ὃς</span> <span class='ocrx_word' id='word_1_400' title='bbox 1948 2147 2134 2195; x_wconf 79' lang='lat' dir='ltr'>Gryphius</span> <span class='ocrx_word' id='word_1_401' title='bbox 2158 2148 2196 2184; x_wconf 70' lang='grc' dir='ltr'>ὃ(</span> <span class='ocrx_word' id='word_1_402' title='bbox 2228 2144 2356 2183; x_wconf 88' lang='lat' dir='ltr'>Minos</span> <span class='ocrx_word' id='word_1_403' title='bbox 2387 2145 2452 2184; x_wconf 84' lang='lat' dir='ltr'>ad-</span> 
     </span>
     <span class='ocr_line' id='line_1_60' title="bbox 1430 2195 2451 2247; baseline 0.001 -12"><span class='ocrx_word' id='word_1_404' title='bbox 1430 2207 1628 2244; x_wconf 88' lang='lat' dir='ltr'>notarunt,</span> <span class='ocrx_word' id='word_1_405' title='bbox 1655 2210 1778 2247; x_wconf 87' lang='lat' dir='ltr'>neque</span> <span class='ocrx_word' id='word_1_406' title='bbox 1797 2206 1989 2245; x_wconf 82' lang='lat' dir='ltr'>comparet</span> <span class='ocrx_word' id='word_1_407' title='bbox 2008 2198 2065 2236; x_wconf 82' lang='lat' dir='ltr'>illa</span> <span class='ocrx_word' id='word_1_408' title='bbox 2086 2199 2124 2236; x_wconf 90' lang='lat' dir='ltr'>in</span> <span class='ocrx_word' id='word_1_409' title='bbox 2147 2197 2221 2235; x_wconf 81' lang='lat' dir='ltr'>ullo</span> <span class='ocrx_word' id='word_1_410' title='bbox 2251 2207 2297 2234; x_wconf 81' lang='lat' dir='ltr'>ex</span> <span class='ocrx_word' id='word_1_411' title='bbox 2325 2195 2451 2236; x_wconf 83' lang='lat' dir='ltr'>nostris</span> 
     </span>
     <span class='ocr_line' id='line_1_61' title="bbox 1429 2248 1940 2300; baseline -0.004 -14"><span class='ocrx_word' id='word_1_412' title='bbox 1429 2249 1537 2288; x_wconf 91' lang='lat' dir='ltr'>MSS.</span> <span class='ocrx_word' id='word_1_413' title='bbox 1558 2262 1680 2300; x_wconf 90' lang='lat' dir='ltr'>neque</span> <span class='ocrx_word' id='word_1_414' title='bbox 1701 2251 1738 2288; x_wconf 92' lang='lat' dir='ltr'>in</span> <span class='ocrx_word' id='word_1_415' title='bbox 1761 2248 1829 2285; x_wconf 89' lang='lat' dir='ltr'>Ed.</span> <span class='ocrx_word' id='word_1_416' title='bbox 1852 2248 1940 2286; x_wconf 88' lang='lat' dir='ltr'>Vet.</span> 
     </span>
    </p>
   </div>
   <div class='ocr_carea' id='block_1_21' title="bbox 1428 2302 2448 3077">
    <p class='ocr_par' dir='ltr' id='par_1_24' title="bbox 1428 2302 2448 2914">
     <span class='ocr_line' id='line_1_62' title="bbox 1479 2302 2448 2359; baseline -0.006 -11"><span class='ocrx_word' id='word_1_417' title='bbox 1479 2324 1502 2359; x_wconf 89' lang='lat'>4</span> <span class='ocrx_word' id='word_1_418' title='bbox 1529 2313 1733 2349; x_wconf 78' lang='lat' dir='ltr'>Orationem</span> <span class='ocrx_word' id='word_1_419' title='bbox 1765 2307 1932 2357; x_wconf 68' lang='lat' dir='ltr'>meam]</span> <span class='ocrx_word' id='word_1_420' title='bbox 1975 2308 2085 2347; x_wconf 81' lang='lat' dir='ltr'>Marii</span> <span class='ocrx_word' id='word_1_421' title='bbox 2116 2307 2222 2347; x_wconf 84' lang='lat' dir='ltr'>Prisci</span> <span class='ocrx_word' id='word_1_422' title='bbox 2255 2302 2448 2345; x_wconf 53' lang='lat' dir='ltr'>accusatioss</span> 
     </span>
     <span class='ocr_line' id='line_1_63' title="bbox 1431 2357 2441 2412; baseline -0.009 -13"><span class='ocrx_word' id='word_1_423' title='bbox 1431 2373 1518 2399; x_wconf 88' lang='lat' dir='ltr'>nem</span> <span class='ocrx_word' id='word_1_424' title='bbox 1534 2391 1544 2407; x_wconf 98' lang='lat'>,</span> <span class='ocrx_word' id='word_1_425' title='bbox 1572 2374 1685 2412; x_wconf 72' lang='lat' dir='ltr'>quam</span> <span class='ocrx_word' id='word_1_426' title='bbox 1712 2361 1804 2400; x_wconf 76' lang='lat' dir='ltr'>libro</span> <span class='ocrx_word' id='word_1_427' title='bbox 1835 2358 1994 2398; x_wconf 87' lang='lat' dir='ltr'>secundo</span> <span class='ocrx_word' id='word_1_428' title='bbox 2029 2358 2172 2397; x_wconf 87' lang='lat' dir='ltr'>Cereali</span> <span class='ocrx_word' id='word_1_429' title='bbox 2193 2357 2371 2407; x_wconf 81' lang='lat' dir='ltr'>promittit</span> <span class='ocrx_word' id='word_1_430' title='bbox 2384 2364 2441 2408; x_wconf 65' lang='lat' dir='ltr'>te-</span> 
     </span>
     <span class='ocr_line' id='line_1_64' title="bbox 1430 2399 2440 2451; baseline -0.012 -2"><span class='ocrx_word' id='word_1_431' title='bbox 1430 2413 1547 2451; x_wconf 81' lang='lat' dir='ltr'>citare.</span> <span class='ocrx_word' id='word_1_432' title='bbox 1604 2413 1704 2450; x_wconf 79' lang='lat' dir='ltr'>Nam</span> <span class='ocrx_word' id='word_1_433' title='bbox 1725 2412 1820 2450; x_wconf 78' lang='lat' dir='ltr'>nulla</span> <span class='ocrx_word' id='word_1_434' title='bbox 1846 2411 1987 2447; x_wconf 79' lang='lat' dir='ltr'>ratione</span> <span class='ocrx_word' id='word_1_435' title='bbox 2009 2409 2120 2447; x_wconf 88' lang='lat' dir='ltr'>credo</span> <span class='ocrx_word' id='word_1_436' title='bbox 2151 2410 2211 2446; x_wconf 87' lang='lat' dir='ltr'>hic</span> <span class='ocrx_word' id='word_1_437' title='bbox 2239 2399 2440 2444; x_wconf 76' lang='lat' dir='ltr'>intellexisse</span> 
     </span>
     <span class='ocr_line' id='line_1_65' title="bbox 1428 2452 2439 2514; baseline -0.014 -15"><span class='ocrx_word' id='word_1_438' title='bbox 1428 2462 1584 2508; x_wconf 87' lang='lat' dir='ltr'>librum,</span> <span class='ocrx_word' id='word_1_439' title='bbox 1618 2475 1729 2514; x_wconf 87' lang='lat' dir='ltr'>quem</span> <span class='ocrx_word' id='word_1_440' title='bbox 1766 2462 1830 2500; x_wconf 88' lang='lat' dir='ltr'>IX.</span> <span class='ocrx_word' id='word_1_441' title='bbox 1858 2460 1965 2499; x_wconf 80' lang='lat' dir='ltr'>tradit</span> <span class='ocrx_word' id='word_1_442' title='bbox 1996 2459 2094 2499; x_wconf 89' lang='lat' dir='ltr'>idem</span> <span class='ocrx_word' id='word_1_443' title='bbox 2124 2453 2278 2510; x_wconf 51' lang='lat' dir='ltr'>recitasse</span> <span class='ocrx_word' id='word_1_444' title='bbox 2297 2452 2439 2504; x_wconf 80' lang='lat' dir='ltr'>summo</span> 
     </span>
     <span class='ocr_line' id='line_1_66' title="bbox 1429 2503 2437 2558; baseline -0.015 -7"><span class='ocrx_word' id='word_1_445' title='bbox 1429 2514 1657 2553; x_wconf 83' lang='lat' dir='ltr'>audientium</span> <span class='ocrx_word' id='word_1_446' title='bbox 1678 2511 1815 2552; x_wconf 77' lang='lat' dir='ltr'>assensu</span> <span class='ocrx_word' id='word_1_447' title='bbox 1830 2542 1840 2558; x_wconf 97' lang='lat'>,</span> <span class='ocrx_word' id='word_1_448' title='bbox 1869 2524 1955 2550; x_wconf 90' lang='lat' dir='ltr'>cum</span> <span class='ocrx_word' id='word_1_449' title='bbox 1977 2511 2065 2548; x_wconf 89' lang='lat' dir='ltr'>liber</span> <span class='ocrx_word' id='word_1_450' title='bbox 2087 2503 2307 2558; x_wconf 63' lang='lat' dir='ltr'>opusculis&amp;</span> <span class='ocrx_word' id='word_1_451' title='bbox 2317 2505 2437 2536; x_wconf 82' lang='lat' dir='ltr'>metris</span> 
     </span>
     <span class='ocr_line' id='line_1_67' title="bbox 1433 2546 2437 2615; baseline -0.022 -12"><span class='ocrx_word' id='word_1_452' title='bbox 1433 2566 1553 2603; x_wconf 70' lang='lat' dir='ltr'>varius</span> <span class='ocrx_word' id='word_1_453' title='bbox 1574 2564 1681 2609; x_wconf 72' lang='lat' dir='ltr'>esset,</span> <span class='ocrx_word' id='word_1_454' title='bbox 1711 2576 1834 2615; x_wconf 82' lang='lat' dir='ltr'>nequ:</span> <span class='ocrx_word' id='word_1_455' title='bbox 1851 2565 1932 2613; x_wconf 86' lang='lat' dir='ltr'>jure</span> <span class='ocrx_word' id='word_1_456' title='bbox 1954 2564 2020 2602; x_wconf 81' lang='lat' dir='ltr'>dici</span> <span class='ocrx_word' id='word_1_457' title='bbox 2043 2558 2155 2610; x_wconf 86' lang='lat' dir='ltr'>posset</span> <span class='ocrx_word' id='word_1_458' title='bbox 2176 2559 2291 2590; x_wconf 81' lang='lat' dir='ltr'>oratio</span> <span class='ocrx_word' id='word_1_459' title='bbox 2314 2561 2322 2584; x_wconf 90' lang='lat'>:</span> <span class='ocrx_word' id='word_1_460' title='bbox 2349 2546 2437 2603; x_wconf 80' lang='lat' dir='ltr'>fieut</span> 
     </span>
     <span class='ocr_line' id='line_1_68' title="bbox 1432 2607 2436 2664; baseline -0.007 -13"><span class='ocrx_word' id='word_1_461' title='bbox 1432 2616 1531 2653; x_wconf 89' lang='lat' dir='ltr'>enim</span> <span class='ocrx_word' id='word_1_462' title='bbox 1562 2616 1674 2653; x_wconf 83' lang='lat' dir='ltr'>oratio</span> <span class='ocrx_word' id='word_1_463' title='bbox 1706 2615 1794 2653; x_wconf 90' lang='lat' dir='ltr'>liber</span> <span class='ocrx_word' id='word_1_464' title='bbox 1825 2615 1992 2664; x_wconf 77' lang='lat' dir='ltr'>appellari</span> <span class='ocrx_word' id='word_1_465' title='bbox 2022 2607 2136 2660; x_wconf 88' lang='lat' dir='ltr'>potest</span> <span class='ocrx_word' id='word_1_466' title='bbox 2150 2631 2166 2660; x_wconf 82' lang='lat'>.’</span> <span class='ocrx_word' id='word_1_467' title='bbox 2187 2652 2192 2657; x_wconf 45' lang='grc'><strong>,</strong></span> <span class='ocrx_word' id='word_1_468' title='bbox 2211 2611 2286 2636; x_wconf 71' lang='grc' dir='ltr'>ΠΟΠ</span> <span class='ocrx_word' id='word_1_469' title='bbox 2309 2608 2436 2645; x_wconf 57' lang='grc' dir='ltr'>ΡΜἿῐΕῑ·</span> 
     </span>
     <span class='ocr_line' id='line_1_69' title="bbox 1433 2648 2438 2710; baseline -0.006 -7"><span class='ocrx_word' id='word_1_470' title='bbox 1433 2668 1556 2704; x_wconf 87' lang='lat' dir='ltr'>omnis</span> <span class='ocrx_word' id='word_1_471' title='bbox 1576 2667 1665 2705; x_wconf 88' lang='lat' dir='ltr'>liber</span> <span class='ocrx_word' id='word_1_472' title='bbox 1687 2664 1735 2704; x_wconf 84' lang='lat' dir='ltr'>est</span> <span class='ocrx_word' id='word_1_473' title='bbox 1753 2666 1875 2702; x_wconf 84' lang='lat' dir='ltr'>oratio.</span> <span class='ocrx_word' id='word_1_474' title='bbox 1929 2664 2060 2710; x_wconf 81' lang='lat' dir='ltr'>Neque</span> <span class='ocrx_word' id='word_1_475' title='bbox 2087 2664 2195 2710; x_wconf 55' lang='lat' dir='ltr'>5¹CC¹P¹</span> <span class='ocrx_word' id='word_1_476' title='bbox 2226 2648 2332 2704; x_wconf 53' lang='lat' dir='ltr'>‘¹ssth</span> <span class='ocrx_word' id='word_1_477' title='bbox 2365 2649 2438 2685; x_wconf 63' lang='lat'>1¹00</span> 
     </span>
     <span class='ocr_line' id='line_1_70' title="bbox 1431 2699 2439 2767; baseline -0.02 -14"><span class='ocrx_word' id='word_1_478' title='bbox 1431 2716 1518 2755; x_wconf 91' lang='lat' dir='ltr'>loco</span> <span class='ocrx_word' id='word_1_479' title='bbox 1537 2718 1754 2767; x_wconf 79' lang='lat' dir='ltr'>panegyrica</span> <span class='ocrx_word' id='word_1_480' title='bbox 1778 2716 1916 2757; x_wconf 88' lang='lat' dir='ltr'>oratio,</span> <span class='ocrx_word' id='word_1_481' title='bbox 1943 2703 2307 2761; x_wconf 37' lang='lat' dir='ltr'>quam-libentei‘tius</span> <span class='ocrx_word' id='word_1_482' title='bbox 2337 2699 2439 2756; x_wconf 44' lang='lat' dir='ltr'>testas</span> 
     </span>
     <span class='ocr_line' id='line_1_71' title="bbox 1432 2749 2439 2817; baseline -0.016 -14"><span class='ocrx_word' id='word_1_483' title='bbox 1432 2775 1490 2804; x_wconf 88' lang='lat' dir='ltr'>tur</span> <span class='ocrx_word' id='word_1_484' title='bbox 1522 2780 1585 2817; x_wconf 89' lang='lat' dir='ltr'>per</span> <span class='ocrx_word' id='word_1_485' title='bbox 1620 2768 1780 2805; x_wconf 86' lang='lat' dir='ltr'>triduum</span> <span class='ocrx_word' id='word_1_486' title='bbox 1812 2758 1996 2800; x_wconf 81' lang='lat' dir='ltr'>recitasse:</span> <span class='ocrx_word' id='word_1_487' title='bbox 2025 2752 2087 2809; x_wconf 69' lang='lat' dir='ltr'>nisi</span> <span class='ocrx_word' id='word_1_488' title='bbox 2109 2751 2261 2805; x_wconf 70' lang='lat' dir='ltr'>velimus</span> <span class='ocrx_word' id='word_1_489' title='bbox 2282 2749 2439 2787; x_wconf 65' lang='lat' dir='ltr'>arbitr-111</span> 
     </span>
     <span class='ocr_line' id='line_1_72' title="bbox 1433 2800 2438 2856; baseline -0.013 -2"><span class='ocrx_word' id='word_1_490' title='bbox 1433 2818 1492 2854; x_wconf 87' lang='lat' dir='ltr'>hic</span> <span class='ocrx_word' id='word_1_491' title='bbox 1515 2818 1689 2856; x_wconf 83' lang='lat' dir='ltr'>mendam</span> <span class='ocrx_word' id='word_1_492' title='bbox 1712 2809 1920 2853; x_wconf 86' lang='lat' dir='ltr'>inolevisse,</span> <span class='ocrx_word' id='word_1_493' title='bbox 1949 2810 1986 2845; x_wconf 88' lang='lat'>&amp;</span> <span class='ocrx_word' id='word_1_494' title='bbox 2004 2812 2123 2852; x_wconf 71' lang='lat' dir='ltr'>potlus</span> <span class='ocrx_word' id='word_1_495' title='bbox 2146 2800 2303 2836; x_wconf 61' lang='lat' dir='ltr'>mdlmm</span> <span class='ocrx_word' id='word_1_496' title='bbox 2327 2809 2438 2848; x_wconf 61' lang='lat' dir='ltr'>quam</span> 
     </span>
     <span class='ocr_line' id='line_1_73' title="bbox 1433 2851 2279 2914; baseline -0.026 -8"><span class='ocrx_word' id='word_1_497' title='bbox 1433 2868 1582 2905; x_wconf 81' lang='lat' dir='ltr'>biduum</span> <span class='ocrx_word' id='word_1_498' title='bbox 1605 2865 1799 2914; x_wconf 84' lang='lat' dir='ltr'>legendum</span> <span class='ocrx_word' id='word_1_499' title='bbox 1815 2889 1824 2904; x_wconf 93' lang='lat'>,</span> <span class='ocrx_word' id='word_1_500' title='bbox 1851 2856 1952 2907; x_wconf 89' lang='lat' dir='ltr'>quod</span> <span class='ocrx_word' id='word_1_501' title='bbox 1971 2856 2096 2902; x_wconf 75' lang='lat' dir='ltr'>placet.</span> <span class='ocrx_word' id='word_1_502' title='bbox 2126 2851 2279 2887; x_wconf 63' lang='lat' dir='ltr'>Cum.</span> 
     </span>
    </p>

    <p class='ocr_par' dir='ltr' id='par_1_25' title="bbox 1438 2912 2446 3077">
     <span class='ocr_line' id='line_1_74' title="bbox 1485 2912 2443 2979; baseline -0.021 -13"><span class='ocrx_word' id='word_1_503' title='bbox 1485 2945 1502 2979; x_wconf 82' lang='lat'><em>5</em></span> <span class='ocrx_word' id='word_1_504' title='bbox 1533 2925 1725 2972; x_wconf 61' lang='lat' dir='ltr'>Callatim]</span> <span class='ocrx_word' id='word_1_505' title='bbox 1755 2921 1885 2959; x_wconf 87' lang='lat' dir='ltr'>Melius</span> <span class='ocrx_word' id='word_1_506' title='bbox 1906 2916 2114 2954; x_wconf 64' lang='lat' dir='ltr'>mummio.</span> <span class='ocrx_word' id='word_1_507' title='bbox 2140 2916 2280 2953; x_wconf 49' lang='lat' dir='ltr'>Bia-ra</span> <span class='ocrx_word' id='word_1_508' title='bbox 2314 2912 2443 2949; x_wconf 89' lang='lat' dir='ltr'>Immo</span> 
     </span>
     <span class='ocr_line' id='line_1_75' title="bbox 1438 2966 2443 3018; baseline -0.023 0"><span class='ocrx_word' id='word_1_509' title='bbox 1438 2981 1566 3018; x_wconf 86' lang='lat' dir='ltr'>melius</span> <span class='ocrx_word' id='word_1_510' title='bbox 1594 2976 1730 3012; x_wconf 79' lang='lat' dir='ltr'>collatio</span> <span class='ocrx_word' id='word_1_511' title='bbox 1754 2999 1764 3015; x_wconf 92' lang='lat'>,</span> <span class='ocrx_word' id='word_1_512' title='bbox 1803 2968 1904 3018; x_wconf 85' lang='lat' dir='ltr'>quod</span> <span class='ocrx_word' id='word_1_513' title='bbox 1935 2967 2010 3004; x_wconf 79' lang='lat' dir='ltr'>libri</span> <span class='ocrx_word' id='word_1_514' title='bbox 2042 2968 2199 3009; x_wconf 78' lang='lat' dir='ltr'>habent,</span> <span class='ocrx_word' id='word_1_515' title='bbox 2226 2966 2260 3001; x_wconf 85' lang='lat' dir='ltr'>h.</span> <span class='ocrx_word' id='word_1_516' title='bbox 2284 2976 2314 3000; x_wconf 84' lang='lat' dir='ltr'>e.</span> <span class='ocrx_word' id='word_1_517' title='bbox 2338 2971 2443 2997; x_wconf 86' lang='lat' dir='ltr'>com-</span> 
     </span>
     <span class='ocr_line' id='line_1_76' title="bbox 1439 3011 2446 3077; baseline -0.016 -13"><span class='ocrx_word' id='word_1_518' title='bbox 1439 3027 1577 3077; x_wconf 81' lang='lat' dir='ltr'>paratio</span> <span class='ocrx_word' id='word_1_519' title='bbox 1599 3023 1817 3064; x_wconf 78' lang='lat' dir='ltr'>diversarum</span> <span class='ocrx_word' id='word_1_520' title='bbox 1840 3019 2051 3058; x_wconf 72' lang='lat' dir='ltr'>orationum</span> <span class='ocrx_word' id='word_1_521' title='bbox 2081 3016 2267 3056; x_wconf 79' lang='lat' dir='ltr'>Aeschinis</span> <span class='ocrx_word' id='word_1_522' title='bbox 2301 3014 2338 3051; x_wconf 78' lang='lat'>8&lt;</span> <span class='ocrx_word' id='word_1_523' title='bbox 2369 3011 2446 3048; x_wconf 59' lang='lat' dir='ltr'>Di&gt;-</span> 
     </span>
    </p>
   </div>
   <div class='ocr_carea' id='block_1_22' title="bbox 2272 3110 2459 3161">
    <p class='ocr_par' dir='ltr' id='par_1_26' title="bbox 2272 3110 2459 3161">
     <span class='ocr_line' id='line_1_77' title="bbox 2272 3110 2459 3161; baseline -0.011 -10"><span class='ocrx_word' id='word_1_524' title='bbox 2272 3129 2287 3155; x_wconf 92' lang='lat'>1</span> <span class='ocrx_word' id='word_1_525' title='bbox 2317 3110 2459 3161; x_wconf 73' lang='lat' dir='ltr'><em>Cauffaeu</em></span> 
     </span>
    </p>
   </div>
  </div>
 </body>
</html>
