2616 3686
512 179 1873 241 LIBERII.EPISTOLAXVII.
2142 206 2222 246 161

129 284 250 326 rem
276 263 331 319 &
357 258 543 316 sonum
567 258 798 328 patitur,
832 271 1065 328 eumque
1083 256 1188 327 jam
1214 258 1525 327 languidum
1553 275 1614 311 ac
1638 259 1984 315 desinentem.
2009 257 2226 317 hortum

146 342 202 395 δι
230 349 244 370 ¹
265 331 611 405 gestationem
638 329 787 383 videt
812 345 916 401 qua
940 328 1126 382 hortus
1151 328 1461 384 includitur.
1537 329 1779 382 Gestatio
1811 330 1958 385 buxo
1982 345 2070 386 aut
2104 351 2227 388 rore

141 407 374 467 marino,
412 402 503 457 ubi
531 398 722 456 deficit*
742 400 943 462 buxuS,
979 399 1228 457 ambitu-r.
1302 401 1440 456 Nam
1467 400 1634 455 buxus
1663 417 1766 471 qua
1792 414 1941 471 parte
1983 402 2228 458 defendi·

97 484 102 490 ’
137 495 229 537 tur
264 476 414 532 tee’tis
439 513 456 538 ‚
502 471 712 528 abunde
750 472 884 524 viret
913 485 1101 540 aperto
1125 475 1283 528 coelo
1308 511 1324 537 ,
1373 488 1665 544 apertoque
1699 487 1893 526 vento:
1934 472 2022 532 δε,
2061 491 2229 543 quan-

112 546 300 626 quam
351 549 367 568 ²
414 546 699 615 longinqua
746 542 1018 612 aspergine
1067 547 1268 609 maris,
1330 544 1592 600 inarescit.
1668 543 1898 608 Adiacet
1949 542 2229 613 gestationi

139 621 399 680 interiore
433 615 716 672 circumitu
754 613 767 640 ³
806 614 957 669 vinea
999 629 1179 670 tenera
1220 619 1272 672 δε
1313 616 1586 679 umbrosa,
1625 616 1885 687 nudisque
1923 615 2084 669 etiam
2136 634 2231 686 pe-

140 696 295 751 dibus
329 689 499 747 mollis
534 687 588 740 &
628 685 842 740 cedenS.
916 685 1159 743 Hortum
1199 688 1216 712 ⁴
1251 706 1431 744 morus
1471 690 1525 742 ἅτ
1575 689 1706 743 ficus
1756 687 2006 759 frequens
2053 689 2231 752 vestit,

142 779 360 840 quarum
399 759 644 814 arborum
683 759 772 812 illa
808 759 892 812 vel
930 761 1162 815 maxime
1200 765 1349 819 ferax
1387 760 1462 815 est
1499 774 1638 815 terra
1664 799 1680 824 ,
1736 761 2016 829 malignior
2054 774 2230 815 caete-

140 841 224 894 ris.
295 847 308 874 ⁵
359 830 479 886 Hac
527 845 635 883 non
685 829 993 890 deteriore,
1056 850 1214 903 quam
1254 833 1411 888 maris
1447 833 1619 897 facie,
1672 835 1922 886 coenatio
1961 845 2164 887 remota
2203 851 2231 886 a

137 908 266 965 mari
300 903 510 959 fruitur.
581 909 598 933 ⁶
633 901 884 972 Cingitur
923 903 1108 959 diaetis
1146 905 1348 962 duabus
1386 924 1413 960 a
1454 920 1611 975 tergo
1637 943 1652 966 ‚
1713 920 1936 974 quarum
1990 901 2230 957 fenestris

132 977 363 1049 subjacet
399 974 414 1001 ⁷
450 973 762 1030 vestibulum
804 974 956 1029 villae
982 1014 999 1041 ,
1037 978 1091 1031 &
1130 978 1318 1034 hortus
1357 978 1484 1034 alius
1519 992 1536 1019 ⁸
1585 977 1837 1050 pinguior
1887 975 1941 1029 &
1991 975 2230 1102 rusae-us,

129 1081 135 1088 ·
2145 1065 2231 1102 inc

1208 1197 1290 1237 Lib.
1324 1199 1390 1238 IV.
1428 1208 1504 1250 cap.
1537 1194 1712 1248 XV111.3
1754 1198 1794 1236 δε
1822 1208 1868 1235 an
1899 1194 1979 1234 illae
2002 1193 2080 1234 satis
2102 1196 2232 1235 molles

1207 1248 1298 1294 sint,
1324 1251 1487 1299 inprimis
1508 1250 1552 1288 ab
1575 1251 1629 1288 his
1644 1277 1654 1294 ‚
1682 1250 1746 1298 qui
1765 1261 1878 1285 unam
1895 1247 2067 1296 semitam
2087 1257 2207 1285 terunt
2222 1275 2233 1293 ,

1209 1313 1391 1350 omnesque
1412 1299 1583 1338 viticulas
1598 1300 1685 1348 suas
1708 1299 1792 1347 noffe
1816 1298 1947 1335 volunt
1974 1326 1985 1343 ‚
2010 1304 2052 1335 ut
2072 1297 2236 1346 loquitur

1208 1350 1289 1388 Lib.
1309 1351 1338 1388 I.
1361 1351 1469 1401 Epist.
1491 1350 1634 1387 XXIV.
1656 1361 1692 1387 n.
1712 1362 1744 1397 4.
1792 1348 1853 1386 sed
1876 1350 1914 1387 &
1935 1348 1980 1385 ab
2000 1348 2084 1386 aliis.
2111 1347 2236 1386 Medi-

119 1400 286 1457 apofheca
315 1401 560 1457 aequipollent
584 1427 594 1444 ,
631 1400 801 1458 quamvis
831 1400 1007 1437 horreum
1029 1412 1139 1459 gene·
1208 1410 1291 1438 ceus
1313 1400 1495 1458 circumitu
1513 1401 1656 1457 scribit,
1685 1401 1724 1437 δε
1748 1398 1902 1454 Helmst.
1936 1397 2087 1436 voculas
2119 1397 2234 1438 mollis

122 1449 1143 1547 Jssl¹¹5..¹35,¹255¹¹133ifi{.3‘2213513‘⁰:’q3?2{.{s&⁶3}2“1¹3213
1172 1503 1175 1536 ι
1208 1450 1446 1547 erigite&
1458 1447 1957 1548 ]V¹.i‘{b¹5r¹bi2{iia¹}³ii'¹¹<iic{{}
1975 1459 2013 1540 Γ·
2030 1459 2134 1546 cisoa
2155 1496 2234 1538 sei-0

123 1553 205 1588 tino
236 1551 375 1588 flexum
405 1556 596 1586 autumant
620 1575 630 1591 ,
671 1558 827 1596 eamque
847 1558 983 1586 vocem
1006 1558 1047 1587 ut
1066 1553 1144 1590 bar·
1211 1551 1390 1597 germinat
1413 1564 1421 1588 :
1460 1549 1546 1589 ideo
1568 1549 1672 1588 nullis
1694 1549 1812 1587 vernis
1834 1547 1992 1595 subjeeta
2013 1547 2235 1597 tempestati-

125 1600 250 1637 baiam
273 1602 311 1638 in
332 1600 400 1636 suis
420 1598 544 1635 lexicis
568 1604 712 1635 notant.
741 1597 933 1636 Salmasin
945 1599 1144 1651 AeLSpar-
1209 1600 1280 1637 bus.
1309 1603 1464 1638 CATAN.

125 1651 284 1689 tian.1.c.
308 1645 1144 1696 venua.1nfraLib.V111.Ep.XV111.n.11.
1170 1651 1175 1690 l
1259 1663 1278 1698 ς
1308 1656 1385 1686 Hac
1404 1663 1474 1688 non
1495 1647 1699 1698 deteriora]
1741 1648 1868 1686 Sensus
1891 1646 1939 1685 est
1965 1660 1974 1684 t
2012 1647 2080 1685 alia
2101 1658 2235 1697 quam-

179 1714 194 1738 1
227 1697 500 1747 Gestationem.]
551 1698 699 1736 Locum
723 1724 734 1740 ,
773 1707 849 1746 quo
891 1697 1142 1748 gestabantur,
1171 1698 1174 1716 '
1207 1700 1260 1736 vis
1283 1700 1411 1748 procul
1431 1711 1451 1736 a
1475 1700 1566 1736 mari
1581 1700 1779 1743 coenatio,
1805 1706 1933 1736 tamen
1945 1697 2075 1735 fruitur
2086 1698 2233 1746 aspeetu

129 1751 442 1800 quamplurimum
468 1748 529 1786 sub
547 1748 609 1786 dio
643 1745 904 1785 ambulacrum.
944 1749 977 1786 C
990 1762 1013 1785 -A
1031 1764 1053 1788 τ
1068 1764 1088 1787 A
1105 1765 1141 1791 N.
1207 1757 1284 1787 tam
1299 1760 1463 1787 amoeno
1477 1760 1590 1798 quam
1602 1749 1659 1786 illa
1682 1777 1693 1793 ,
1723 1759 1819 1799 quae
1831 1749 1925 1786 mari
1935 1747 2086 1797 adjacet.
2117 1748 2234 1787 IDEM.

122 1801 226 1843 ,Vide
246 1801 292 1838 ad
313 1800 380 1848 Ep.
403 1798 470 1836 111.
493 1798 576 1836 Lib.
601 1798 628 1835 I.
662 1795 932 1848 Gestationemfl
970 1799 1031 1837 Est
1051 1802 1142 1842 haec
1254 1800 1278 1836 6
1305 1799 1474 1848 Cingitur
1486 1798 1655 1850 diaetis.]
1689 1800 1979 1848 Conjunguntur
1991 1799 2085 1837 duae
2095 1799 2235 1838 diaetae

124 1860 311 1897 praeterea
335 1851 406 1900 ipsa
428 1851 538 1887 etiam
561 1849 768 1887 exercitatio
792 1877 802 1894 ,
841 1859 912 1899 qua
933 1849 1116 1898 gestamur
1130 1883 1141 1900 ,
1205 1850 1418 1888 coenationi
1439 1850 1695 1889 continentem
1715 1850 1850 1887 versus.
1877 1848 1940 1886 Ad
1962 1848 2063 1887 idem
2086 1847 2162 1886 fere
2184 1849 2235 1887 le-

122 1909 171 1935 ac
193 1902 386 1944 vehimur,
413 1912 432 1936 e
488 1910 536 1943 o,
561 1899 686 1937 leetica
713 1927 724 1943 ‚
751 1900 810 1937 vel
831 1902 963 1948 quovis
982 1902 1055 1939 alio
1077 1914 1140 1952 ge-
1202 1900 1324 1947 gitur,
1350 1901 1521 1939 vincitur.
1550 1900 1666 1938 IDEM.
1694 1897 1874 1947 Diaetis.]
1901 1898 1973 1936 Pal.
1998 1897 2131 1938 &edd.
2143 1907 2233 1940 vett.

125 1959 228 1986 nere.
256 1948 380 1987 Sidon.
403 1911 484 1985 Lilb.
507 1948 554 1984 11.
577 1948 684 1996 Epist.
708 1948 790 1985 LX.
813 1949 983 1988 transfert
1004 1952 1049 1990 ad
1062 1965 1130 1991 am·
1204 1951 1296 1988 zetis
1317 1951 1466 1989 duabu&
1495 1952 1685 1990 GRUTER·
1715 1952 1773 1990 Sic
1797 1952 1836 1988 &
1856 1948 2012 1987 Helmst·
2041 1960 2083 1986 aC
2115 1949 2231 1988 Arnz·

127 1999 355 2038 bulationem
379 2027 390 2044 ,
419 2009 513 2050 ‚cum
545 2005 669 2036 tamen
702 1999 759 2038 alii
781 1999 826 2037 ab
849 2011 890 2036 ea
913 2000 1139 2050 distinguant.
1164 1993 1169 2041 l
1205 1999 1277 2038 Sed
1299 2000 1404 2039 Voff.
1423 2002 1562 2041 dizetis.
1590 2003 1792 2041 Veterrimi
1813 2009 1942 2038 tamen
1962 1999 2061 2038 reete
2083 1999 2232 2047 diaetir,

129 2048 217 2084 Vid.
258 2050 379 2088 senec
419 2048 523 2097 Epist⁸
553 2048 651 2106 'LV'
695 2052 804 2099 antiq.
836 2051 924 2089 plin,
954 2052 1025 2090 sen,
1059 2055 1141 2093 Lib,
1167 2047 1171 2121 l
1204 2057 1245 2087 ut
1269 2050 1427 2090 diximus
1450 2053 1552 2102 supra
1574 2051 1621 2090 ad
1643 2063 1680 2090 n.
1719 2065 1774 2091 η.
1806 2050 2033 2089 Mediceus:
2075 2051 2236 2088 Vincitur

130 2097 294 2136 XXVII.
316 2099 411 2150 apud
429 2098 501 2144 Jac.
525 2099 696 2138 S1rm0nd
717 2101 763 2139 ad
793 2101 917 2140 Sidon.
949 2103 987 2139 V
1001 2117 1053 2142 ΞΕ
1068 2116 1141 2144 NH,
1167 2122 1170 2132 ·
1203 2101 1333 2140 diaetis
1355 2101 1492 2140 duabus
1506 2131 1517 2149 ,
1544 2103 1649 2153 quod
1670 2103 1826 2142 verbum
1849 2099 2060 2151 exquisitius
2085 2098 2156 2139 effe
2182 2103 2237 2140 vi·-

1204 2149 1330 2197 detur,
1359 2154 1398 2191 &
1419 2154 1583 2204 alioquin
1595 2155 1722 2204 cingere
1736 2154 1774 2190 ὃ(
1787 2152 1922 2189 vincire
1937 2151 2145 2200 frequenter
2156 2162 2238 2198 per-

1205 2210 1392 2240 mutantur
1406 2231 1416 2248 ,
1444 2211 1484 2241 ut
1503 2206 1653 2241 monuit
1675 2203 1798 2242 Celeb.
1822 2203 2021 2240 Burmann.
2043 2200 2090 2238 ad
2120 2200 2235 2239 Ovid.

127 1201 249 1240 ‘autem
268 1197 338 1237 efl'e
360 1197 586 1236 ficciffimum
611 1224 622 1242 ,
660 1197 698 1236 &
721 1195 809 1234 sicut
831 1196 918 1235 cella
937 1198 1074 1238 vinaria
1094 1201 1138 1240 ad

125 1251 421 1301 Septentrionem
443 1248 623 1297 speetare,
653 1247 817 1286 aversum
841 1249 997 1285 omnino
1019 1251 1062 1287 ab
1074 1263 1138 1288 au-

126 1301 208 1339 stro.
230 1300 395 1338 auftores
416 1299 496 1338 sunt
517 1299 708 1338 Vitruvius
722 1326 732 1342 ‚
758 1298 913 1343 Plinius,
938 1298 1112 1339 Palladius
1128 1331 1137 1347 ‚

127 1352 167 1389 &
188 1350 403 1388 Columella.
430 1349 466 1386 C
481 1363 501 1387 A
514 1363 537 1388 τ
553 1362 575 1386 A
589 1360 626 1385 N.
656 1348 873 1397 Horreum]
905 1355 1076 1388 Horreum
1101 1356 1139 1390 &

132 2149 193 2187 De
216 2149 407 2197 gestatione
427 2149 612 2187 adeundus
634 2151 801 2189 Budaeus
821 2151 867 2188 ad
876 2153 1048 2192 Pande&
1061 2167 1141 2204 pag.

129 2212 196 2244 442
248 2200 274 2237 B
289 2213 310 2236 A
328 2214 350 2238 n
368 2214 391 2238 τ
405 2213 439 2238 Η.
484 2198 584 2238 Infra
616 2201 697 2239 Lib.
730 2202 780 2239 V.
801 2201 911 2251 Epist.
931 2204 1000 2241 VI.
1022 2217 1058 2243 n.
1087 2218 1141 2252 17.

130 2250 258 2290 Paullo
282 2250 359 2300 post
382 2251 592 2290 Mediceus:
622 2252 681 2290 ubi
709 2251 828 2299 deficit
857 2253 966 2290 buxu.
1205 2250 1286 2290 Art.
1307 2253 1434 2290 Amat.
1461 2254 1542 2292 Lib.
1566 2253 1635 2291 III.
1658 2265 1710 2291 vs.
1735 2265 1794 2301 53.
1817 2253 1856 2290 &
1879 2262 1962 2300 392.

183 2313 202 2336 2
232 2302 436 2352 Longinqua
464 2302 676 2351 aspergine]
717 2303 772 2338 Ut
810 2303 872 2340 vix
905 2304 1011 2351 poffit
1054 2316 1143 2343 con.
1257 2313 1276 2348 7
1307 2303 1554 2352 vestibulum]
1585 2301 1844 2351 Ingreffus.Ex
1856 2299 2070 2338 auetoritate
2084 2301 2235 2342 Caecilii

133 2349 244 2399 spergi
280 2363 360 2390 rore
389 2352 485 2390 salso.
554 2351 611 2389 Fit
643 2354 742 2390 enim
773 2351 907 2400 aspergo
953 2355 1060 2392 maris
1099 2367 1144 2393 ex
1172 2345 1175 2382 Ι
1206 2350 1325 2397 Galli,
1354 2354 1518 2397 Gellius,
1546 2354 1586 2391 &
1608 2353 1737 2391 eadem
1757 2352 1802 2390 ad
1823 2351 1978 2388 verbum
2001 2350 2235 2390 transcribens

133 2402 367 2440 concuffione
389 2403 501 2440 vicini
522 2401 666 2452 scopuli.
693 2402 795 2439 Hinc
821 2402 947 2451 Virgil.
1208 2399 1419 2440 Macrobius
1434 2431 1444 2446 ,
1472 2402 1583 2440 refert
1605 2414 1684 2440 non
1706 2404 1743 2439 in
1772 2401 1843 2450 ipsa
1867 2400 1986 2438 domo
2010 2411 2080 2438 nec
2091 2408 2235 2450 partem

1210 2448 1355 2488 aedium
1373 2481 1384 2496 ‚
1411 2452 1472 2489 sed
1495 2453 1619 2489 locum
1643 2459 1727 2490 ante
1747 2452 1897 2501 januam
1923 2448 2016 2494 effe,
2043 2462 2109 2499 per
2120 2463 2235 2500 quem

184 2503 346 2552 objectae
359 2503 459 2553 salsa
471 2504 643 2552 spumant
664 2502 835 2553 aspergine
853 2511 978 2540 cautes.
1212 2498 1256 2536 de
1280 2503 1337 2539 via
1357 2502 1472 2539 aditus
1502 2500 1730 2551 accessusque
1751 2501 1797 2538 ad
1821 2500 1928 2539 aedes
1951 2498 1993 2537 fit
2006 2527 2017 2545 ‚
2045 2511 2131 2537 cum
2146 2501 2236 2539 dex-

131 2597 135 2601 ⁴
1209 2557 1261 2587 tra
1287 2550 1492 2602 sinistraque
1516 2553 1609 2590 inter
1625 2553 1778 2601 januam
1803 2552 1841 2589 &
1873 2550 1960 2590 teeti
1986 2578 1996 2594 ‚
2036 2561 2129 2600 quae
2155 2551 2237 2589 sunt

133 2603 294 2643 CATAN.
1210 2603 1289 2639 viae
1309 2602 1436 2652 juneta
1460 2631 1470 2647 ,
1521 2602 1672 2651 spatium
1695 2603 1917 2651 relinquitur.
1954 2598 2082 2638 Fiebat
2107 2608 2234 2639 autem

179 2665 198 2703 3
230 2656 335 2692 Vinea
367 2665 486 2692 tenera
517 2663 560 2695 ω·
589 2652 793 2704 umbrosa]
832 2654 922 2692 Hoc
942 2664 1019 2691 non
1044 2652 1147 2691 adse·
1211 2652 1246 2688 in
1270 2653 1415 2690 aedibus
1436 2652 1675 2701 amplissimae
1710 2650 1890 2690 fortunae.
1945 2648 2107 2696 Vestibuli
2140 2649 2234 2689 deri-

122 2713 232 2752 quor.
284 2705 492 2754 Quomodo
526 2708 624 2744 enim
659 2705 729 2743 dici
766 2705 882 2754 potest
915 2705 1023 2742 vinea
1045 2704 1147 2740 nudis
1175 2742 1177 2747 .
1209 2704 1398 2740 vationem
1422 2703 1529 2740 aliam
1552 2702 1661 2740 refert
1687 2701 1846 2740 Ovidius
1869 2703 1906 2739 in
1929 2699 2036 2737 Fastis
2057 2710 2077 2736 a
2110 2699 2234 2739 Gellio

132 2753 263 2801 pedibus
284 2754 398 2793 mollis
420 2769 459 2792 ac
480 2756 598 2794 cedens
622 2765 636 2793 ἓ
675 2756 775 2793 Nihil
793 2756 863 2793 tale
886 2754 1065 2804 spectatur
1085 2762 1148 2792 aut
1174 2750 1179 2799 Ι
1210 2753 1248 2790 &
1273 2753 1463 2791 Macrobio
1478 2781 1488 2797 ‚
1515 2763 1535 2789 a
1561 2751 1656 2798 Vesta
1677 2751 1861 2791 deducens
1887 2761 1992 2788 more
2023 2753 2233 2798 poetarum.

125 2805 410 2845 -commendatur
430 2808 608 2856 in‚vinea.
637 2808 763 2855 Quare
783 2805 869 2854 lego
899 2805 964 2842 via
995 2815 1063 2851 pro
1091 2806 1146 2842 vi·
1174 2804 1179 2862 Ι
1208 2802 1398 2842 Vitruvius
1432 2805 1470 2842 δε
1503 2803 1682 2852 Ulpianus
1713 2803 1896 2840 vocabulo
1920 2801 2068 2838 Graeco
2090 2807 2234 2838 utentes

143 2860 212 2888 ⁷¹0⁶-
238 2855 446 2895 ScuEFFER.
473 2858 564 2896 Non
586 2865 728 2906 poterat
761 2857 933 2905 frigidius.
974 2854 1143 2893 Haesita-
1203 2854 1413 2902 prothgvrum
1436 2854 1680 2903 appellarunt:
1709 2852 1766 2890 alii
1786 2851 1992 2902 propylaeon
2011 2877 2022 2894 ,
2047 2857 2089 2887 ut
2110 2850 2235 2889 Maxi·

142 2908 223 2955 runt
246 2910 364 2944 tamen
396 2909 434 2946 &
466 2909 522 2946 alii
547 2937 557 2953 ,
585 2907 680 2946 adeo
695 2935 705 2952 ,
731 2915 772 2944 ut
794 2907 866 2956 ipse
890 2904 1004 2943 Aldus
1025 2907 1141 2955 prima
1208 2914 1287 2941 mus
1312 2906 1349 2942 &
1374 2903 1606 2952 Thucydidis
1629 2904 1828 2951 interpres..
1849 2903 2003 2940 CA'rAN.

147 2948 298 2992 edmone
327 2957 430 2994 vinca
454 2986 464 3003 ,
491 2970 558 3008 pro
579 2959 685 2996 vinea
711 2985 721 3002 ‚
760 2958 1011 3004 exprimeret,
1039 2957 1141 3005 quod
1257 2954 1277 2991 8
1307 2953 1518 3004 pinguiam]
1562 2954 1618 2992 Sic
1649 2952 1720 2990 Pal.
1757 2953 1796 2990 δε
1830 2951 1912 2990 edd.
1945 2958 2034 2989 vett.
2068 2948 2238 2999 publicati

142 2997 222 3053 suo}
259 3002 481 3046 admiratores
512 3011 662 3048 invenit.
709 3007 921 3056 spectamur
943 3015 1066 3044 autem
1100 3019 1141 3043 ο-
1170 2993 1172 3035 i
1198 3003 1344 3053 pinguis.
1374 3006 1564 3043 Geumi.
1593 3003 1759 3053 Pinguior
1776 3013 1906 3042 omnes
1920 3000 2055 3046 nostri,
2088 3000 2239 3048 &Gry-

138 3057 266 3087 mmno
283 3052 321 3089 in
338 3055 447 3106 vineis
467 3061 574 3100 eriam
595 3059 742 3099 semitae
766 3056 877 3108 [vide
891 3057 1138 3100 Columellam
1166 3048 1172 3118 ξ
1199 3056 1302 3103 phius
1325 3056 1466 3105 aliique.
1685 3103 1720 3142 X
2012 3088 2014 3090 ,
2063 3101 2065 3103 ,
2099 3105 2128 3137 C
2174 3108 2188 3134 b
2209 3097 2243 3134 o-'

123 3116 133 3139 ’.
2052 3113 2069 3141 1
2131 3108 2204 3148 ry‘t
2231 3142 2243 3148 -

2281 554 2336 602 ¹5
