2616 3686
2039 202 2153 275 Pag.
2186 224 2283 277 707

378 356 472 434 C.
595 348 1153 430 PLINII
1280 346 2035 426 CAECILII

610 468 1233 601 'sEc'U
1331 532 1686 624 NUDI

156 694 2282 842 EPISTOLARUM

501 946 1014 1029 LIBER
1115 944 1925 1026 DECIMUS.

753 1155 1702 1208 MAGNIFICO

226 1318 1433 1412 D.·AM'BROSIO
1545 1328 2193 1397 MAYNO

408 1515 1167 1605 JoH.MAR1A
1262 1513 2028 1579 CATANAEUS

848 1689 1599 1743 SALUTEM.

292 1882 299 1903 Κ
345 1837 348 1840 ”
434 1848 446 1853 ‘
465 1848 502 1875 ἕ
525 1837 706 1896 Orfitan
727 1833 947 1896 modestius
960 1832 1400 1898 fueratsupersediſje
1420 1852 1448 1883 a
1481 1839 1668 1900 qualibet
1686 1835 1732 1882 in
1756 1834 2025 1882 Caecilianus
2041 1837 2103 1883 ad
2107 1872 2110 1875 <
2121 1835 2286 1899 Trajaff

388 1948 400 1959 ,⁴
452 1919 505 1971 ,ἦ
526 1918 626 1949 num
649 1900 834 1962 epistolas
845 1900 1199 1961 praefatiuncula
1220 1935 1235 1961 ,
1271 1918 1320 1947 ne
1337 1903 1458 1949 illam
1480 1904 1725 1951 videremur
1746 1901 1970 1947 ambitioni
1987 1903 2167 1964 dediffie:
2201 1911 2287 1972 nist>

391 1967 410 1998 Ἴ
426 2004 430 2010 ..
447 1988 506 2047 z]
515 1969 750 2030 sciremus,
781 1970 894 2012 inter
914 1966 1139 2028 ingeniosos
1159 1968 1300 2014 adhuc
1319 1974 1531 2016 auetorem
1554 1969 1736 2032 requiri.
1795 1968 1887 2028 Ego
1907 1978 1956 2013 ut
1976 1970 2063 2015 illis
2083 1971 2251 2022 credam
2261 2006 2288 2038 5.

449 2026 475 2094 J
518 2036 709 2094 primum
730 2048 775 2078 eo
800 2032 986 2079 adducor
1005 2066 1020 2091 .,
1065 2033 1176 2093 quod
1190 2033 1363 2095 saepius
1384 2038 1429 2081 in
1456 2036 1670 2099 rescriptis
1680 2032 1779 2094 suis
1803 2033 2020 2093 Trajanus
2042 2036 2289 2089 Secundum·

524 2109 677 2158 vocat,
711 2098 822 2159 quod
838 2100 883 2146 in
903 2098 971 2144 his
990 2099 1167 2159 epistolis
1189 2100 1364 2147 Plinius
1385 2103 1615 2149 multorum
1638 2100 1854 2157 meminit,
1890 2109 1941 2145 ut
1962 2103 2089 2147 Accii
2111 2103 2145 2149 S
2147 2120 2250 2154 urae
2259 2144 2286 2169 ,,

416 2168 426 2190 ⁸
487 2193 501 2200 ·
527 2165 704 2212 Voconii
724 2164 912 2211 Romani
935 2198 950 2223 ‚
988 2166 1106 2225 Julii
1123 2165 1248 2224 Baffl
1265 2199 1280 2225 ‚
1318 2167 1444 2227 Justi
1465 2168 1692 2228 Calpurnii
1714 2198 1730 2224 ,
1774 2180 1874 2226 quos
1902 2167 2008 2211 alibi
2036 2170 2244 2218 retulerat
2256 2188 2285 2221 :1

132 2229 217 2293 sed
234 2231 443 2289 imprimis
468 2229 694 2287 Suetonii,
740 2245 859 2290 quem
873 2231 1045 2290 pariter
1078 2231 1414 2278 contubernalem
1448 2233 1580 2294 suum
1604 2234 1783 2295 fatetur
1805 2263 1820 2288 ,
1867 2229 1922 2281 δέ
1943 2233 1981 2276 ei
2017 2233 2072 2276 ab
2095 2234 2272 2292 Optimo

144 2299 405 2355 Imperatore
412 2294 492 2354 jus
517 2296 651 2340 trium
675 2294 898 2340 liberorum
919 2298 1146 2354 impetrare
1170 2298 1396 2342 contendit.
1468 2301 1566 2344 Nec
1588 2297 1777 2358 offendat
1801 2296 2009 2356 aliquem,
2031 2300 2140 2357 quod
2159 2298 2283 2348 Tra--

131 2364 296 2423 janum
326 2359 573 2406 blandiendo
595 2359 834 2406 Dominum
856 2361 1032 2406 dictitat
1051 2393 1068 2418 ‚
1103 2361 1221 2421 ciffus
1243 2364 1561 2422 appellationem
1581 2397 1595 2419 ,
1623 2363 1891 2424 principatus
1910 2364 2033 2407 initio
2053 2366 2243 2425 omiffam
2253 2401 2279 2430 5

140 2427 384 2490 procedente
407 2436 587 2484 tempore
621 2440 700 2471 non
722 2424 775 2485 est
798 2425 1046 2484 aspernatus
1068 2458 1084 2484 ‚
1126 2426 1213 2486 posi
1234 2444 1299 2473 res
1320 2428 1531 2491 adverfiis
1554 2429 1703 2475 Dacos
1715 2427 1909 2489 prospere
1926 2427 2072 2490 gestas.
2141 2434 2270 2480 Nam

150 2504 199 2541 ut
223 2492 437 2540 Secundus
458 2490 515 2535 ad
536 2490 743 2537 Severum
754 2490 910 2552 scribit
926 2523 951 2549 ‚,
987 2493 1174 2536 recentia
1205 2495 1387 2539 maximi
1407 2495 1626 2555 Principis
1647 2508 1768 2555 opera
1788 2494 2071 2552 praebuerunt
2097 2497 2270 2546 COSS.

151 2561 370 2620 defignatis
383 2556 648 2617 facultatem
668 2571 781 2602 nova
807 2555 860 2606 δά
884 2570 1039 2616 magna
1061 2557 1260 2619 censendi.
1333 2560 1453 2606 Vera
1474 2562 1582 2606 enim
1606 2563 1720 2606 ratio
1742 2560 1985 2605 decernendi
2002 2561 2169 2621 aliquid
2189 2580 2281 2611 non·

152 2623 471 2679 decernendive‚
508 2635 600 2667 cum
621 2623 804 2682 ipsorum
825 2620 1039 2666 hominum
1054 2653 1069 2678 ,
1104 2631 1196 2667 tum
1215 2639 1359 2670 rerum
1381 2642 1432 2671 ac
1453 2636 1685 2686 temporum
1707 2626 1937 2670 conditione
1957 2636 2182 2685 mutatur,
2219 2641 2282 2676 ut·

157 2688 364 2734 Dominus
372 2688 476 2746 jure
495 2691 684 2745 potuerit
703 2687 905 2746 appellari
929 2717 944 2742 ‚
979 2686 1089 2746 quod
1105 2687 1202 2745 effet
1222 2704 1365 2735 rerum
1386 2691 1604 2737 Dominus
1626 2725 1641 2749 ‚
1677 2702 1727 2737 ut
1750 2691 1890 2735 Poeta
1912 2724 1927 2748 ‚
1964 2691 2179 2740 Romanos
2201 2712 2281 2742 re·-

161 2768 254 2798 rum
272 2753 449 2800 dominos
461 2753 562 2813 jam
584 2752 772 2798 dixerat.
813 2751 1025 2810 Papinius
1046 2754 1091 2796 in
1111 2752 1275 2812 epistola
1301 2756 1427 2800 Libri
1448 2755 1536 2801 IV.
1574 2757 1831 2802 Silvarum:
1866 2755 2064 2813 Deinde,
2098 2758 2280 2820 inquit,

161 2820 295 2863 multa
316 2835 363 2863 ex
384 2819 468 2862 illis
490 2827 581 2863 tum
602 2818 789 2865 Domino
815 2815 992 2875 Caesari
1012 2817 1222 2862 dederam.
1259 2818 1313 2868 &2³
1348 2818 1640 2866 Tertullianus
1670 2824 1716 2867 in
1739 2822 2000 2882 Apologetico
2025 2853 2040 2877 ,
2076 2821 2243 2871 Dicam
2254 2859 2280 2886 5

162 2885 325 2942 inquit,
353 2885 473 2941 plane
498 2883 800 2941 Imperatorem
821 2883 1048 2927 dominum.
1121 2884 1387 2943 Temporibus
1417 2886 1526 2930 enim
1548 2887 1797 2933 Domitiani
1804 2886 1905 2945 jam
1927 2885 2172 2947 consuetudo
2194 2905 2282 2952 ap·-

154 2946 338 3007 pellandi
356 2948 578 3004 principem
601 2949 813 2996 dominum
835 2950 1113 2993 invaluerat:
1150 2948 1203 2998 {9³
1229 2964 1298 2995 nos
1321 2950 1512 2995 vidimus
1532 2951 1695 2997 Romae
1717 2954 1828 2998 Ant.
1851 2953 1929 2996 Pii
1947 2952 2132 2999 Domini
2141 2968 2286 3015 praea-

152 3011 387 3073 sationem..
445 3011 640 3075 Quaeret
673 3014 817 3076 (scio)
843 3016 999 3075 aliquis
1029 3013 1203 3125 ειηὶῖῖσίε
1236 3030 1364 3076 quam
1398 3015 1502 3063 alibi
1532 3017 1857 3077 remiffiore·vel
1888 3019 2065 3065 clariore
2084 3020 2184 3082 stilo
2209 3026 2282 3083 fit.

1145 3094 1174 3127 V·
1188 3094 1217 3127 v-
1231 3096 1259 3128 ν
1302 3094 1330 3146 ᾗ,
2152 3086 2291 3147 usus-s:
