2616 3686
856 176 897 225 E
958 175 1007 224 X
1070 173 1112 223 C
1183 173 1223 223 E
1293 171 1340 221 R
1407 172 1441 221 P
1514 171 1560 219 T
1626 170 1685 222 A.

1524 308 1592 317 --
1619 286 1719 336 quia)
1739 286 1891 339 quodque
1910 286 1950 326 Β.
1977 288 2009 339 J.

1553 350 1583 386 ς.
1612 337 1807 386 mut-dum)
1826 339 1964 377 emerim
1982 339 2012 389 J.

1331 407 1445 419 -—--
1564 409 1574 416 —
1606 388 1742 436 lassato)
1764 386 1842 436 laffb
1863 387 1889 424 Β
1952 414 1962 424 .

1337 436 1375 473 Ρ.
1403 447 1486 481 702.
1512 438 1537 475 1.
1564 449 1599 484 4.
1625 437 1687 523 mlsi
1708 440 1754 486 te)
1775 449 1807 474 te
1821 437 1912 474 enim
1962 460 1973 473 .
2000 437 2032 486 J-

1668 489 1890 533 ocandorum)
1916 485 2147 534 Tuscanorum
2167 486 2206 525 B.
2235 487 2266 538 Ι.

1460 560 1567 566 ---
1595 549 1630 584 9.
1657 541 1798 587 natum)
1820 549 1949 574 natura
1972 537 2002 587 J.

201 603 356 653 P.-698.
379 604 401 641 1.
433 613 489 639 12.
517 600 554 637 δὲ
573 599 679 647 inch.)
702 598 790 635 haec
810 595 901 635 inch.
926 594 966 632 13.
991 595 1022 646 J.
1339 586 1379 625 P.
1407 598 1493 637 703.
1519 588 1542 627 l.
1572 599 1602 626 1.
1632 600 1771 625 nummo
1803 589 1942 626 minimo
1960 587 1999 625 B.
2025 584 2056 631 J.

401 675 468 682 -—
496 652 578 697 non)
598 651 736 686 omittit
752 648 784 694 J.
1605 650 1637 676 2.
1666 639 1796 688 aliquos
1815 642 1917 688 operds
1934 636 2118 684 exactores)
2138 634 2185 672 ita
2204 635 2244 674 B.
2267 638 2297 687 J

207 707 246 745 Ρ,
270 703 361 753 699.
386 702 409 740 l.
439 714 473 751 3.
498 700 623 746 silentio
651 711 693 739 ω’
722 697 866 736 renel-ris
896 696 1031 748 animus
1064 692 1187 729 alitur.
1230 690 1293 729 Ab
1344 689 1383 726 P.
1409 699 1492 735 704.
1519 690 1539 726 l.
1570 702 1604 737 ς.
1629 688 1683 725 hic
1700 702 1848 739 quoque,
1874 700 1912 726 ut
1929 688 2100 738 praesens)
2125 687 2171 724 ita
2195 685 2234 724 B.
2258 691 2289 736 Ι.

260 758 301 794 iis
348 767 434 804 quae
456 761 631 794 avocant,
659 749 843 794 abdanus)
863 747 1022 783 animum
1041 743 1220 794 filontium
1251 755 1293 782 ω’
1461 763 1572 770 ---
1603 741 1635 778 8.
1662 742 1744 789 quia
1764 751 1826 784 tu,
1853 745 1908 788 ut)
1928 743 1972 776 ita
1995 740 2034 776 Β.
2061 740 2093 789 J.

260 806 416 845 tenebrae
433 804 607 840 advocant
622 829 631 843 ‚
651 800 830 836 abducunt
851 796 887 834 Β.
914 797 947 842 J.
1467 813 1573 820 —-
1601 803 1635 837 9.
1654 791 1718 840 sed
1736 791 1832 840 quia)
1851 791 1899 827 ita
1919 787 2049 827 omiffo
2069 800 2107 825 tu
2127 786 2163 823 B.
2191 788 2220 837 J.

434 868 468 898 4.
506 856 542 890 ἃ
573 851 687 888 liberet
725 848 808 886 mihi
841 846 1003 894 relichts)
1034 847 1073 884 ὅς
1103 855 1175 894 ego
1211 843 1296 882 liber
1344 841 1385 879 P.
1414 852 1500 890 703.
1526 842 1548 880 l.
1575 853 1608 880 2.
1637 841 1898 891 septembribus)
1921 839 2120 888 Septembris
2140 836 2180 875 B.
2204 838 2235 888 J.

265 907 352 946 mihi
371 906 503 944 reIiHus
524 904 561 940 Β.
589 909 627 938 ut
648 900 730 937 liber
751 898 839 936 mihz
855 899 992 935 relictus
1013 898 1044 945 J.
1541 915 1609 921 —
1637 896 1798 941 magnus)
1822 892 1983 939 indigena
2003 888 2042 926 B.
2064 890 2095 940 J.

215 980 408 994 .----
435 957 470 994 6.
495 965 578 1003 quae
610 963 703 988 mens
732 950 878 992 vident,
906 950 1050 998 quoties
1077 959 1154 984 non
1172 949 1295 988 vident
1601 954 1635 989 4.
1662 944 1699 979 in
1715 942 1869 991 proximo
1901 943 1948 979 ita
1965 943 2004 981 Β.
2029 938 2089 977 sed
2108 938 2144 974 in
2158 939 2353 987 proximum
2373 941 2405 991 J.

269 1012 333 1047 affia
371 1007 494 1055 cogito)
526 1002 651 1042 viderit
688 1001 813 1052 quoties
856 1014 922 1039 non
948 1000 1071 1037 videm
1101 1000 1175 1036 alia
1201 1000 1302 1047 cogi·
1350 994 1390 1031 P.
1419 1003 1504 1039 704.
1530 995 1552 1029 6
1591 995 1613 1030 l.
1635 1005 1674 1032 .1.
1698 994 1802 1030 etiam
1828 993 1886 1029 vel
1906 991 2111 1038 faciendum
2145 990 2201 1026 vel
2227 989 2430 1029 emendem

1338 1094 1343 1097 ι
1404 1043 1518 1093 ipsius)
1536 1055 1578 1083 εν
1586 1045 1668 1095 jam
1678 1044 1882 1091 faciendum
1898 1043 1995 1091 ipstus
2018 1040 2058 1078 Β.
2083 1041 2112 1089 J.

359 317 384 330 -
409 297 472 336 ult.
497 294 608 333 venit.
636 293 753 345 Fugit)
770 293 869 332 venit
891 303 977 342 puer
988 291 1087 342 sugit
1105 291 1144 330 B.
1172 291 1202 343 J.

193 354 235 393 P.
259 351 349 400 695.
372 350 394 388 l.
421 363 456 396 4.
478 346 712 397 praebentem)
729 356 948 392 v1raeeuntem
974 343 1012 381 Β.
1039 343 1069 393 J.

419 414 455 448 ς.
479 398 634 434 adnatat
657 397 814 443 natanti)
834 391 1028 432 adnatant}
1046 393 1084 430 Β.
1111 393 1143 442 J.

197 453 238 491 P.
265 452 355 501 697.
381 453 402 489 1.
429 462 463 488 z.
490 449 588 486 nocis
602 447 791 496 sumtibus)
814 446 950 483 omittit
968 445 998 491 J.

425 514 457 548 ς.
480 498 656 547 adstruas)
677 500 723 536 ita
745 496 784 533 Β.
810 497 842 546 J.

429 563 485 588 11.
511 550 606 598 elegi)
625 548 700 597 tegit
719 546 755 583 Β.
781 545 813 592 J.

221 1059 413 1144 gij-'-
443 1117 478 1152 7.
500 1104 685 1155 pauciora,
710 1115 800 1140 nunc
823 1101 942 1152 plum)
963 1100 1069 1152 plura
1101 1113 1185 1138 num
1212 1109 1302 1150 pau·
1473 1117 1582 1128 ——-
1612 1107 1644 1144 3.
1672 1096 1891 1133 truncatum}
1911 1102 1959 1130 1ta
1979 1093 2018 1129 Β.
2043 1093 2074 1142 Ι.

269 1163 357 1199 civra
375 1160 406 1211 J.
1611 1158 1645 1193 4.
1671 1148 1726 1189 ut)
1743 1147 1917 1182 omittunt
1935 1143 1974 1181 B.
2001 1143 2032 1192 J.

447 1219 506 1245 10.
526 1208 774 1251 firmaveram
795 1204 899 1255 difflo)
923 1205 1171 1251 formaveram
1197 1213 1304 1241 revo-
1355 1199 1394 1236 P.
1425 1207 1508 1244 705.
1537 1196 1558 1233 l.
1584 1199 1647 1234 ult.
1673 1197 1788 1234 addas
1804 1195 1870 1232 huc
1893 1222 1903 1238 ,
1933 1195 2026 1237 licet,
2056 1206 2118 1229 ver
2128 1201 2170 1231 (θ’
2185 1194 2427 1239 nubiumnum‚

1407 1256 1474 1284 cet.
1492 1247 1554 1295 usq
1573 1248 1617 1285 ad
1640 1247 1765 1295 finem)
1789 1252 1869 1283 Noa
1887 1246 1998 1283 addas
2011 1245 2076 1280 huc
2096 1244 2172 1280 licet
2185 1269 2196 1288 ‚
2218 1257 2295 1280 vete
2314 1253 2430 1280 tamen

1407 1311 1601 1348 numquam
1619 1300 1708 1336 inter
1725 1298 1869 1335 hiemem
1885 1325 1892 1337 ,
1915 1296 2038 1342 statim
2057 1293 2136 1341 aest.
2165 1294 2314 1332 mediam
2326 1304 2364 1332 ut
2366 1322 2416 1334 .....
2423 1322 2433 1334 .

1400 1349 1559 1399 perdum
1586 1350 1639 1388 ita
1725 1348 1939 1400 adquiritur.
1965 1346 2005 1387 B.
2029 1348 2062 1399 J.

270 1270 394 1301 cantur
411 1259 499 1297 diezo
520 1257 561 1295 B.
586 1259 617 1308 J.

219 1316 259 1355 P.
290 1325 374 1356 τοο.
399 1313 423 1350 l.
450 1309 486 1346 6.
506 1310 637 1358 pariter
665 1320 782 1346 tamen
808 1317 850 1347 (9¹
879 1305 943 1345 illa
963 1306 1159 1358 firmatur)
1194 1304 1304 1342 omit-

270 1372 352 1403 tunt
372 1362 414 1401 Β.
437 1361 469 1411 J.

225 1417 266 1456 P.
294 1427 380 1463 701.
406 1414 428 1453 1.
456 1423 487 1460 3.
506 1411 586 1460 fid)
606 1408 800 1449 omittitss.
823 1410 859 1458 J.

2203 3091 2251 3139 C.
2291 3092 2424 3138 PLI-
