2616 3686
905 193 1734 246 EXCERPTA.

255 335 352 362 :num
374 321 518 361 Niceam
537 319 586 359 A.

433 373 493 409 ult.
515 365 732 418 ventitabat)
756 364 1122 417 frequentabat.A.B.

203 422 251 463 P.
274 422 362 471 408.
389 423 411 461 l.
437 435 471 469 4.
497 420 713 467 enitendum)
740 417 785 455 de
800 419 892 455 etA.

411 496 475 502 -—
506 471 566 520 ipſs
584 469 704 512 labor.)
730 469 778 505 ita
799 467 839 504 B.
854 468 888 515 J.

213 541 369 553 --—-··
407 524 469 560 ult.
495 522 660 569 sollicitus
703 518 750 555 ita
773 519 818 556 A.

436 586 456 610 2
486 572 622 619 fratre)
643 579 742 620 patre
760 569 805 606 A.
823 565 851 604 B
882 567 915 614 J.

470 633 503 669 7.
529 633 638 659 tecum
681 629 825 656 tantum
847 619 891 656 A.
908 618 939 664 J.
967 625 1043 654 tum
1066 615 1106 654 Β.

210 675 250 714 P.
276 686 361 721 410.
391 675 412 712 Ι.
440 685 473 722 3.
496 675 619 710 etiamn
644 672 735 709 enim
761 673 792 709 A
824 669 857 716 J.

454 736 479 769 4
513 736 534 773 q
560 725 602 760 od
630 727 705 768 nos)
730 720 853 758 de'ent
871 720 914 758 A.
935 718 962 754 B
981 719 1018 766 J.

214 795 436 806 ——-
454 788 487 823 5.
501 776 664 820 fomentis
690 772 760 821 adq
778 775 789 818 )
820 777 865 806 lta
885 768 1023 815 A.B.,J.

212 825 255 864 P.
282 838 368 872 411.
394 826 416 863 1.
454 840 475 869 4
515 826 630 872 ilium)
659 824 716 860 illo
738 827 783 860 A.
805 823 837 869 J.

410 875 472 913 ult.
500 876 573 923 qui)
601 887 678 910 cum
707 872 790 911 AB
812 873 845 919 J.

214 927 254 965 P.
280 939 367 973 412.
392 927 412 965 1.
445 937 477 975 3.
505 923 679 973 latiffima*
708 925 754 962 ita
784 924 828 961 A.
849 920 886 958 B.
908 922 942 969 J.

503 979 623 1025 quam)
651 985 805 1026 quantae
830 973 876 1011 A.
906 970 944 1008 B.
960 971 993 1018 J

331 1051 434 1058 -—
466 1038 501 1073 7.
522 1024 669 1071 Ὀυτις
684 1028 786 1070 ἐμέυ
814 1028 967 1073 ζῶντος,
995 1029 1043 1060 xta
1072 1022 1120 1066 A,
1149 1031 1309 1070 quorum

264 1082 349 1120 loco
371 1092 424 1119 me
441 1078 585 1119 vivente
604 1081 643 1118 B.
662 1084 694 1130 J.
718 1081 852 1130 re'iqua
875 1078 1014 1116 Graeca
1048 1076 1173 1115 deiunt
1201 1078 1238 1114 in
1255 1076 1308 1114 his

261 1132 382 1172 tribus,

438 1193 495 1220 12.
521 1183 745 1232 conjunfflius*
775 1182 821 1219 ita
842 1181 887 1219 A.
906 1180 933 1217 B
955 1181 976 1228 J

213 1234 253 1273 P.
279 1244 366 1282 413.
392 1233 412 1271 ¹.
440 1244 464 1280 4
500 1234 622 1282 gravis
638 1235 683 1281 est
705 1236 733 1273 ei
755 1233 811 1269 vel
831 1231 979 1269 minima
997 1230 1136 1277 jactura
1148 1230 1230 1279 rep.)
1261 1233 1309 1267 Et

265 1285 390 1334 gravis
410 1285 454 1331 est
473 1285 502 1321 ei
521 1299 558 1322 v.
580 1298 629 1321 m.
650 1286 670 1322 i.
691 1296 732 1324 ω·
755 1283 837 1334 quia
857 1282 1019 1332 rep.A.B
1041 1283 1076 1329 J.

470 1346 506 1384 9.
534 1337 641 1384 crede)
670 1337 716 1373 ita
739 1338 783 1373 A.
809 1333 849 1370 B.
868 1336 901 1383 J.

513 1387 542 1424 ei
582 1400 658 1424 eam
684 1386 711 1423 B
747 1388 782 1435 J.

210 1435 254 1474 P.
281 1447 370 1483 415.
393 1436 415 1475 l.
452 1448 486 1474 2.
511 1439 746 1486 consueverat»
773 1436 946 1480 consuerat
977 1436 1023 1473 A.

374 1509 442 1514 —-
471 1487 505 1524 8,
526 1488 600 1537 sine
621 1487 737 1534 titulo)
765 1489 811 1525 de
831 1498 891 1524 ent
911 1489 956 1525 A.
975 1485 1015 1522 B.
1033 1486 1068 1533 J.

212 1537 253 1575 Ρ.
280 1538 368 1584 416.
394 1539 417 1575 l.
442 1539 493 1576 ult
530 1540 628 1576 dm)
658 1540 778 1576 dcent
801 1538 844 1575 A.
867 1536 905 1573 Β.
926 1538 958 1585 J.
1167 1585 1173 1591 ⁸
1206 1584 1211 1591 ⁸
1244 1585 1248 1590 ῃ

211 1588 252 1628 Ρ.
278 1600 366 1635 4¹7.
398 1589 421 1626 l.
450 1601 481 1627 1.
521 1589 755 1637 Numidiam)
804 1585 1015 1630 Ummidium
1052 1586 1098 1625 A.
1133 1587 1310 1623 Vmuimm

475 1702 509 1741 3.
540 1691 720 1729 Latinum*
744 1690 893 1740 planum
913 1690 956 1727 A.
986 1687 1024 1725 B.
1044 1689 1077 1736 J.

473 1745 508 1779 6.
535 1743 647 1786 illud,
675 1742 764 1792 quod
785 1753 826 1780 ω’
845 1739 903 1790 ipsi
920 1753 972 1776 me
1014 1739 1105 1776 illud
1132 1736 1240 1787 ipsum
1268 1737 1307 1774 B.

265 1790 360 1829 illud
381 1792 470 1843 quod
491 1806 543 1829 me
561 1795 593 1841 J.
620 1792 710 1829 illud
733 1805 860 1841 quoque
879 1792 989 1840 ipsum
1001 1803 1054 1827 me
1081 1794 1126 1828 A.

474 1844 534 1881 u't.
562 1843 613 1886 iis)
643 1843 774 1881 debent
798 1852 830 1880 A
863 1840 902 1877 B.
919 1843 952 1889 J.

215 1892 258 1932 P..
283 1893 356 1938 418
397 1894 417 1932 l.
448 1905 480 1941 5.
516 1893 560 1930 ab
573 1894 708 1940 iisdem,
728 1895 804 1939 teste
821 1903 872 1936 te,
900 1895 989 1941 peto)
1018 1891 1195 1928 aceosdem
1216 1890 1309 1937 testes

287 1954 337 1981 eto
353 1945 395 1983 Β.
441 1973 447 1981 .

217 1945 447 2025 -E———L
479 2005 534 2032 11.
563 1995 693 2044 VeHio)
732 1994 841 2031 Bettio
878 1993 928 2032 A.
969 1994 1079 2032 'Bestia
1125 1991 1165 2031 B.
1213 1992 1313 2048 Beti-⁴

273 2056 306 2081 co
356 2075 362 2082 .

217 2095 258 2133 P.
284 2047 367 2142 4¹3)-
393 2096 418 2133 1.
446 2107 479 2140 4.
506 2106 611 2146 atque
629 2096 752 2143 etiam)
780 2096 901 2134 delent
920 2096 966 2134 A.
986 2095 1026 2134 B.
1044 2097 1080 2143 J.

218 2145 258 2183 P.
285 2157 370 2192 420.
396 2147 418 2184 1.
447 2158 479 2183 2.
506 2147 629 2196 ipsum)
658 2147 778 2186 delent
801 2145 885 2184 A.B
916 2147 950 2193 J.

467 2208 524 2234 10.
543 2207 676 2248 quanta
699 2208 815 2246 pugna
831 2196 1180 2244 certaminimaneat)
1199 2207 1311 2245 quan-

273 2258 312 2284 ta
334 2246 426 2284 nobis
444 2247 481 2283 in
501 2248 570 2296 ipsa
586 2257 702 2296 pugna
733 2247 926 2285 certaminis
956 2259 1100 2285 maneat
1130 2249 1175 2285 A.
1201 2259 1314 2295 quan-

271 2308 348 2334 tum
371 2310 429 2334 nos
453 2298 489 2334 in
507 2299 576 2346 ipsa
594 2310 710 2348 pugna
737 2298 931 2336 certaminis
949 2310 1091 2336 maneat
1114 2298 1152 2334 B.
1180 2308 1315 2348 quanta

272 2349 365 2397 apud
381 2362 439 2384 nos
457 2349 494 2384 in
512 2350 582 2397 ipsa
604 2361 716 2398 pugna
733 2349 927 2387 certaminis
947 2359 1087 2386 maneat
1107 2350 1140 2397 J.

218 2399 258 2436 P.
287 2411 371 2446 421.
398 2401 421 2437 1.
449 2410 482 2435 2.
507 2407 561 2445 ea)
587 2413 630 2437 ex
653 2403 694 2439 A.

223 2470 400 2477 —--—
435 2450 496 2488 ult.
514 2451 592 2498 sed)
620 2452 669 2487 ad
685 2449 722 2486 B.
742 2451 773 2498 J.

224 2500 264 2537 P.
293 2511 377 2546 422.
403 2500 426 2537 1.
459 2512 486 2537 1.
519 2500 701 2547 Paffienus²
731 2500 902 2550 Paffinius
925 2501 969 2539 A.
986 2499 1026 2539 B.
1047 2502 1080 2549 J.

487 2561 520 2599 3.
549 2562 719 2589 numerat.
750 2555 797 2597 Is)
827 2553 1028 2589 numeranti
1048 2553 1093 2590 A.

230 2621 454 2630 -——
483 2602 517 2637 6.
535 2602 604 2649 joci
666 2601 739 2646 Est)
758 2603 827 2651 joci
889 2602 1072 2650 Quotiens
1096 2602 1138 2652 est
1157 2602 1203 2641 A.
1221 2601 1260 2639 B.
1280 2601 1313 2648 J.

229 2672 450 2681 ———
485 2660 503 2696 7
546 2651 741 2695 adhibetur,
777 2652 957 2690 adhibitus
977 2655 1020 2691 A.
1042 2654 1072 2699 J.

229 2699 269 2737 P.
295 2712 365 2745 424
401 2704 413 2741 l
456 2713 485 2740 1.
515 2707 654 2739 Nonum
675 2703 867 2751 calendas)
894 2704 941 2741 ita
969 2704 1014 2741 A.
1045 2710 1135 2740 Non.
1165 2703 1249 2741 Kal.
1276 2703 1317 2741 B.

282 2751 487 2789 Novembris
508 2752 688 2790 Kalendas
717 2755 738 2792 Ι.

233 2823 343 2830 --—-
360 2824 454 2829 ‡---——
490 2814 508 2837 2
551 2802 635 2840 hora
658 2805 739 2846 fere}
767 2802 899 2841 omisso
918 2802 981 2841 diti
1002 2804 1047 2842 A.
1072 2803 1112 2841 B.
1131 2803 1164 2850 J.

229 2850 270 2888 P.
297 2862 382 2897 425.
407 2852 426 2887 l.
459 2863 487 2888 1.
507 2854 659 2902 frigida)
690 2857 736 2892 ita
761 2856 805 2892 A.
825 2855 861 2891 Β.
882 2855 912 2904 J.

399 2923 501 2932 ....„
526 2903 725 2949 gustaverat
764 2905 959 2953 gellaverat
983 2904 1025 2942 B.

254 2973 454 2983 --—-
493 2964 524 2997 ς.
550 2960 657 2990 elata]
678 2955 772 3001 flata
790 2958 831 2993 A.

236 3019 416 3030 —---
447 3000 509 3036 ult.
533 3009 605 3039 aut
641 3016 678 3041 ut
702 3006 746 3042 A.
770 3005 797 3041 B
829 3007 859 3052 J.

382 3072 456 3078 ⁷-—
503 3052 741 3096 latitudinem}
767 3055 991 3093 altitudinem
1012 3056 1106 3097 A.B.
1127 3060 1156 3108 J.

237 3102 277 3138 P.
306 3101 391 3147 426.
416 3101 437 3138 l.
463 3112 483 3136 2
524 3105 572 3138 ιη’
605 3116 645 3138 ac
667 3105 711 3140 A.

375 3172 392 3177 -
407 3173 428 3177 -
464 3151 511 3187 ult
554 3153 693 3190 Retinae
709 3154 863 3201 claffiarii
881 3156 1074 3195 imminenti
1094 3159 1238 3206 periculo
1256 3175 1314 3199 ex-

274 3203 403 3253 territi)
434 3204 571 3241 Restme
597 3206 692 3253 caſjct'
711 3206 908 3244 imminenti
925 3208 1070 3255 pericqu
1092 3221 1179 3247 extet
1192 3211 1252 3248 rite
1264 3213 1313 3250 A.

220 2215 333 2226 ᾑ-

1405 312 1532 366 νςὶὶιηι
1549 309 1747 368 imminenti
1766 313 1911 360 periculo
1931 317 1973 357 B.
1999 320 2098 358 Raetze
2119 320 2245 371 negasti
2260 323 2446 364 immineri:

1408 371 1435 397 tt
1453 360 1597 409 periculo
1617 373 1780 399 exterrtte
1805 366 1834 414 J.
2439 368 2448 376 ⁴

1356 411 1397 449 P.
1425 421 1514 457 427.
1541 412 1566 451 l.
1595 423 1626 449 1.
1654 425 1740 477 nam
1761 415 1853 451 villa
1871 427 1911 452 ea
1925 417 2019 473 sub.)
2045 425 2214 463 navicula
2234 436 2309 464 aiut
2321 425 2391 474 sub
2403 425 2446 464 B.

1357 482 1470 492 ...--.
1598 474 1631 499 2.
1662 477 1823 506 oravantl
1854 478 1978 504 oraoat
2003 472 2045 508 A.
2067 472 2106 512 B.
2151 505 2159 512 .

1597 524 1616 563 3
1663 517 1789 563 Vertit)
1810 515 1942 555 onuss'o
1965 531 2033 556 non
2060 524 2104 560 A.
2153 554 2162 563 .

1479 586 1541 592 —-
1573 567 1635 601 ult.
1666 571 1810 605 Retmae
1827 568 1942 619 medo)
1969 573 2106 610 Reo‘line
2125 555 2223 614 modo
2241 578 2290 616 A.
2315 576 2357 614 B.
2384 583 2448 615 Re·

1408 613 1481 650 tine
1499 614 1641 652 modum
1661 616 1692 665 J.

1356 661 1394 702 P.
1421 664 1506 710 428.
1532 665 1554 703 l.
1588 679 1616 704 ι.
1637 667 1726 713 orae)
1752 668 1799 705 ita
1831 668 1870 709 B.

1356 714 1396 751 P.
1425 725 1512 763 429.
1538 715 1559 754 1.
1592 728 1624 754 1.
1647 720 1859 770 cunelatus)
1885 726 2126 777 cunelantique
2148 727 2194 765 A.

1477 816 1482 821 ι
1541 766 1563 803 l.
1594 779 1628 817 3.
1655 769 1782 806 stabiis
1796 780 1869 810 erat
1890 774 2072 827 dit-emtus)
2096 778 2206 828 stabit
2219 779 2445 820 diremtum.

1412 815 1529 854 Scriba
1546 830 1574 855 ts
1595 830 1671 857 etat
1692 819 1836 859 devenit
1859 823 1898 860 B.
1918 827 1951 876 J.

1519 890 1647 904 ——.
1657 873 1890 924 curvatisque)
1934 878 2141 930 turbatisque
2162 883 2212 920 A.
2230 881 2272 921 B.
2289 883 2324 932 J.

1613 932 1648 967 4.
1676 929 1787 971 mares:
1808 926 1969 964 maxima
1989 941 2025 969 re
2045 930 2094 969 A.

1544 971 1681 1016 penult.
1699 973 1754 1022 se)
1782 972 1877 1013 delet
1890 978 1936 1015 A.

1530 1041 1625 1051 —.<
1661 1026 1779 1072 atque)
1806 1037 1870 1063 aut
1891 1030 1937 1067 A.

1361 1065 1401 1104 P.
1427 1078 1512 1115 430.
1543 1069 1564 1106 1.
1592 1079 1627 1116 7.
1653 1072 1787 1122 diaeta)
1815 1081 1904 1114 Zeta
1924 1080 1974 1117 A.

1360 1116 1399 1154 P.
1425 1130 1513 1167 43¹·
1538 1119 1560 1157 l.
1590 1133 1619 1158 ι.
1646 1124 1868 1172 consultant,
1896 1131 2010 1182 intra)
2041 1131 2172 1172 omisso
2198 1128 2246 1171 an
2265 1134 2314 1176 A.
2338 1135 2378 1175 B.
2394 1137 2427 1186 J.

1363 1191 1474 1202 .-
1600 1183 1622 1208 2
1651 1172 1743 1220 suis,
1770 1176 1866 1215 delet
1897 1183 1942 1217 A.

1359 1234 1635 1269 ——————5.
1657 1226 1885 1282 perient-erum
1905 1231 2054 1284 collatio)
2080 1235 2253 1273 malorum
2285 1236 2455 1275 collocatio

1416 1271 1465 1309 A.
1491 1270 1665 1308 malorum
1681 1277 1814 1315 collatio
1840 1281 1872 1331 J.

1302 1363 1304 1365 Ι
1365 1344 1558 1354 ..—-·-
1594 1322 1654 1361 ult.
1668 1328 1864 1373 solvebint'v
1882 1332 2095 1380 solabantur
2114 1337 2162 1376 A.
2190 1338 2232 1376 B.
2252 1339 2283 1388 J.

1364 1372 1404 1410 P.
1431 1385 1518 1422 432.
1543 1374 1565 1410 l.
1593 1386 1626 1410 2.
1653 1376 1846 1430 abjectum)
1867 1383 2043 1430 adjefium
2063 1389 2109 1425 A.
2131 1391 2163 1440 J.

1364 1445 1478 1453 -—

1410 1475 1448 1512 A
1482 1474 1511 1512 B
1603 1427 1832 1478 3·sr1'gtdam
1864 1437 1965 1486 pop.)
2003 1438 2179 1488 frigidam
2209 1451 2342 1490 aquam
2387 1448 2457 1490 pop.

1360 1523 1400 1562 P.
1426 1537 1512 1575 433.
1540 1525 1563 1565 l.
1594 1539 1653 1565 11.
1678 1542 1741 1569 aut
1771 1538 1856 1570 tres)
1883 1548 2018 1577 auteres
2049 1541 2096 1579 A.

1360 1575 1398 1613 P.
1411 1588 1506 1664 Aug
1530 1577 1559 1677 Jl.
1590 1590 1632 1616 11
1676 1585 1929 1633 contemnitur,
1967 1591 2115 1629 invicem
2153 1594 2378 1641 contemnat)
2408 1593 2455 1631 ita

1409 1739 1469 1766 tur
1493 1730 1538 1766 A.

1359 1779 1395 1816 P.
1423 1780 1517 1834 436.
1542 1780 1560 1817 l.
1593 1791 1625 1826 7.
1654 1783 1842 1831 vigissanter
1858 1789 1936 1829 usus
1955 1791 2015 1829 hoc
2035 1795 2207 1844 consensu)
2237 1795 2355 1844 vigilat
2377 1806 2453 1833 rur-

1408 1830 1463 1867 sus
1483 1831 1543 1868 hoc
1571 1832 1726 1883 consensu
1753 1839 1799 1873 A.
1819 1838 1856 1875 B.
1879 1842 1912 1891 J.

1481 1905 1541 1937 -ι
1574 1884 1631 1982 tjlt.
1659 1897 1853 1928 occurreret.
1890 1894 2073 1944 Occurrit)
2106 1907 2301 1934 occurreret.
2352 1896 2452 1932 Nam

1412 1943 1557 1969 occurrit
1603 1962 1609 1969 .

1360 1981 1399 2018 P,
1425 1992 1510 2028 437.
1537 1985 1558 2019 l.
1591 1996 1620 2024 1.
1637 1989 1769 2039 foedos)
1788 1993 1937 2042 frigidos
1960 1997 2005 2036 A.

1361 2052 1584 2065 --·--·
1603 2050 1638 2084 4.
1662 2050 1734 2088 pro)
1765 2044 1806 2080 de
1828 2048 1872 2081 A.
1893 2046 1932 2083 B.

1362 2107 1588 2120 —..--—
1601 2091 1636 2126 6.
1663 2105 1791 2149 quoque
1801 2094 1874 2144 fini
1892 2098 2012 2146 plura)
2040 2100 2086 2137 ita
2108 2089 2275 2150 A.B.J.¹

1362 2146 1940 2243 {figat-2⁹..Zzfizz‘3'32322
1964 2151 2085 2238 (ΧΨ
2112 2152 2158 2187 A·
2187 2153 2221 2200 J·

1549 2243 1687 2290 penult.
1715 2248 1926 2295 campaniae
1942 2249 2054 2300 littus)
2082 2251 2132 2288 ita
2148 2251 2194 2290 A.
2218 2251 2259 2290 B.
2277 2252 2311 2302 J.

1497 2315 1550 2320 --
1581 2294 1640 2330 ult.
1659 2297 1783 2342 everti)
1814 2301 1906 2336 verti
1930 2303 1974 2338 A.
1994 2301 2021 2337 Β

1365 2340 1405 2376 P.
1433 2352 1518 2386 440.
1543 2343 1565 2379 l.
1593 2355 1628 2389 4.
1652 2346 1875 2398 videbamus)
1901 2351 1947 2389 ita
1964 2352 2012 2388 A.
2031 2351 2072 2390 B.

1613 2408 1644 2442 5.
1671 2400 1780 2434 maris
1793 2398 1904 2446 siccis)
1933 2401 2064 2440 omiffo
2093 2403 2130 2440 in
2157 2404 2201 2441 A.
2219 2405 2262 2443 B.
2280 2404 2310 2454 J.

1366 2445 1406 2482 P.
1432 2454 1517 2491 442.
1545 2444 1567 2481 l.
1595 2453 1629 2490 7.
1655 2446 1734 2484 cinis
1771 2454 1885 2488 rursus
1912 2454 2047 2492 multus
2071 2457 2109 2492 ὅ(
2132 2458 2273 2505 gravis)
2301 2455 2402 2494 cinis.-
2429 2457 2455 2494 l.

1415 2496 1664 2544 tumultusque
1683 2499 1805 2545 gravis,
1823 2503 1867 2537 A.
1887 2503 1926 2542 B.
1953 2506 1984 2555 J.

1364 2544 1405 2583 P..
1435 2557 1514 2594 443.
1538 2547 1575 2583 1.
1595 2557 1625 2595 3.
1655 2551 1772 2596 verus)
1801 2551 1923 2592 delent
1946 2559 1993 2593 A.
2010 2557 2037 2594 B
2066 2558 2100 2607 J.

1527 2619 1588 2625 —-—
1607 2610 1638 2646 5.
1665 2599 1817 2649 altoque)
1841 2603 1948 2644 itaA.
1972 2606 2054 2656 B.J.

1526 2650 1640 2684 ωδ.
1667 2649 1875 2702 dubiamque
1896 2659 2040 2704 noSem)
2068 2657 2116 2694 ita
2137 2657 2180 2694 A.
2193 2659 2232 2697 B.
2246 2660 2277 2709 J

1367 2696 1405 2734 P.
1419 2708 1517 2783 ᾹἝ
1542 2698 1566 2796 J
1598 2710 1629 2735 1.
1656 2701 1812 2741 nuncius.
1862 2709 1975 2756 Haec)
2013 2709 2156 2746 nuncius
2187 2709 2339 2747 veniret.
2359 2712 2450 2745 Haei

1668 2813 1735 2838 non
1764 2805 1954 2858 erimarus)
1977 2822 2032 2846 nos
2046 2810 2231 2860 scripturos
2257 2809 2306 2847 A.

1376 2870 1553 2880 -—-—
1583 2851 1642 2888 ult.
1666 2861 1780 2907 quai)
1807 2858 1928 2896 delent
1947 2860 1995 2898 A.
2015 2860 2053 2899 Β.
2064 2862 2095 2910 J.

1370 2899 1409 2937 P.
1437 2912 1521 2948 445.
1546 2901 1568 2940 1,
1601 2913 1745 2950 1.Jam)
1772 2919 1848 2944 tam
1878 2909 1909 2944 A
1943 2912 1974 2960 J.

1532 2976 1624 2983 —
1669 2958 1878 3006 Verginium)
1909 2960 2089 3008 Vergilium
2111 2961 2158 2999 A.
2175 2961 2212 2999 B.
2245 2964 2279 3012 J-

1371 3021 1482 3035 μ-
1611 3016 1645 3051 9.
1675 3006 1874 3044 Plautinas·
1902 3010 2113 3049 Plautianus
2130 3013 2175 3051 A.

1370 3077 1553 3086 ...—..—
1584 3056 1647 3092 ult.
1671 3055 1723 3091 illi
1742 3058 1812 3097 vis)
1840 3059 1931 3095 illius
1953 3063 1987 3098 A
2021 3062 2059 3099 Β.

1367 3105 1408 3142 Ρ.
1429 3115 1513 3150 447.
1539 3104 1562 3141 l.
1594 3115 1622 3140 1.
1650 3117 1711 3160 me
1728 3111 1886 3154 tantum)
1915 3122 2041 3149 meum
2073 3124 2216 3151 tantum
2243 3116 2283 3153 A.
2305 3118 2336 3168 J.

1530 3178 1609 3182 ----
1641 3159 1755 3194 nimia
1777 3160 1938 3196 modum}
1965 3165 2116 3201 nimium
2140 3167 2256 3203 modo
2280 3169 2323 3206 A.

1369 3229 1475 3255 .-··-·
1506 3209 1729 3254 antepenult.
1754 3214 1985 3265 Montanum)
2015 3219 2241 3256 Montanium
2263 3220 2311 3258 A.
2328 3221 2360 3272 J.

2235 3292 2345 3306 ..-.
2376 3269 2452 3309 ult.

1523 1702 1582 1707 ——-
1603 1691 1661 1729 13.
1690 1683 1911 1739 aestimator)
1937 1691 2155 1742 existimatur
2193 1692 2234 1731 B.
2267 1695 2299 1744 J.
2331 1694 2456 1741 atesta·
2474 1732 2483 1740 .
