2616 3686
325 208 422 259 826

567 205 627 256 C.
692 201 1080 253 PLINII
1148 196 1658 252 CAECILII
1726 195 2244 255 SECUNDI

740 352 952 412 XCIX.
1027 352 1478 410 PL1N1us
1550 347 2058 421 TRAJANO.

1022 500 1111 557 De
1130 501 1301 575 platea
1324 497 1810 556 Amastrianorum.

339 654 564 731 Quaerit
589 669 655 706 an
677 647 972 723 contegenda
974 646 1052 720 fit
1075 666 1236 723 aqua,
1278 664 1405 723 quae
1419 662 1510 723 per
1535 648 1982 719 Amastrianorum
2003 646 2222 722 plateam
2241 651 2466 723 fluebat..

338 808 358 869 ξ
537 799 954 855 Mastrianorum
991 798 1205 862 civitaS‚
1245 796 1486 851 Domine
1510 837 1532 859 ,
1570 796 1625 850 δε
1670 798 1884 869 elegans
1925 797 1982 853 &
2023 810 2212 853 ornata
2240 838 2256 864 ,
2305 800 2465 858 habet
2531 854 2534 855 γ

536 877 677 930 inter
711 874 996 944 praecipua
1030 890 1196 941 opera
1231 870 1650 943 pulcherrimam
1677 913 1691 933 ‚
1732 873 2069 946 eandemque
2104 873 2465 946 longissimam

338 950 604 1021 plateam,
646 947 793 1018 cujus
825 965 853 1000 a
882 949 1050 1001 latere
1080 965 1174 1019 per
1200 945 1425 1017 spatium
1456 962 1622 999 omne
1650 947 1942 1018 porrigitur
1977 948 2200 1002 nomine
2238 951 2466 1022 quidem

339 1024 579 1088 flumen,
624 1041 683 1078 re
716 1040 848 1077 vero
875 1027 894 1050 ²
932 1022 1116 1076 cloaca
1141 1020 1500 1083 foediffima‚³
1518 1037 1658 1091 quae
1680 1018 1812 1074 sicut
1836 1021 2003 1091 turpis
2027 1019 2083 1073 &
2111 1023 2466 1081 immundiffi-

263 1104 290 1136 ²-
342 1116 427 1152 ma
449 1095 689 1171 aspet‘iu,
726 1098 796 1151 ita
822 1095 1064 1167 pestilens
1091 1095 1164 1149 est
1200 1094 1375 1150 odore
1417 1094 1721 1148 teterrimo.

1798 1093 2012 1166 Quibus
2049 1111 2115 1149 ex
2151 1094 2312 1151 caufis
2351 1116 2468 1155 non

307 1172 514 1228 'minus
547 1171 863 1228 salubritatis
896 1187 1060 1244 quam
1098 1170 1309 1225 decoris
1346 1168 1590 1234 interest,
1629 1174 1650 1204 ⁴
1687 1186 1748 1223 ea
1779 1171 2015 1241 contegi.
2062 1169 2213 1242 quod
2256 1169 2384 1237 fiet,
2425 1172 2466 1228 fi

386 1406 419 1433 1.
445 1392 788 1444 Amastrianorum]
812 1390 1212 1436 Amastris,secund'um
1232 1391 1355 1430 Ptole-

331 1456 481 1483 maeum
495 1473 506 1491 ‚
535 1449 573 1484 &
597 1447 809 1494 Appianum
824 1470 835 1489 ,
858 1454 901 1480 ac
919 1443 1124 1481 Lucianum
1138 1470 1149 1488 ‚
1166 1454 1244 1481 non
1258 1443 1355 1481 mul-

327 1504 410 1533 tum
431 1495 557 1534 distans
575 1507 596 1533 a
618 1496 804 1539 Caranbe,
831 1494 938 1531 Ponti
955 1494 1077 1532 civitas
1104 1494 1177 1538 est,
1203 1492 1262 1532 sed
1287 1494 1353 1531 l’li-

330 1547 411 1583 nius
426 1546 688 1596 Paphlagoniae
717 1546 873 1588 ascribit,
902 1543 1065 1593 olimque
1098 1544 1284 1582 Sesamum
1306 1543 1358 1582 di.-

331 1596 426 1634 etam
447 1599 569 1636 refert.
603 1598 728 1635 Strabo
745 1596 830 1632 XII.
858 1594 936 1643 post
955 1595 1186 1634 Parthenium
1208 1606 1357 1632 amnem

329 1646 381 1684 est
399 1647 592 1691 Amastris,
619 1648 666 1686 de
687 1646 883 1685 conditoris
902 1647 1057 1684 nomine
1089 1646 1287 1694 appellata,
1314 1657 1355 1683 ea

328 1697 445 1743 posita
461 1700 497 1737 ln
513 1698 695 1748 peninsula
715 1704 838 1745 portus
860 1696 967 1733 habet
985 1708 1030 1733 ex
1060 1704 1211 1744 utraque
1232 1696 1357 1734 Isthmi

327 1755 441 1795 parte.
491 1748 664 1786 Amastris
683 1758 775 1784 uxor
794 1746 861 1783 fuit
880 1746 1048 1794 Dionyfii
1077 1747 1275 1784 Heracleae
1297 1755 1358 1795 ty-

329 1799 452 1843 ranni,
479 1800 519 1837 &
550 1799 747 1848 Oxyarthis
776 1797 870 1840 filia,
896 1796 1008 1834 fratiis
1039 1797 1138 1834 Darii
1168 1798 1264 1847 ejus,
1293 1799 1356 1846 qui

328 1858 415 1886 cum
446 1849 656 1887 Alexandro
687 1848 818 1886 bellum
840 1847 961 1895 geffit,
978 1849 1014 1884 δε
1037 1859 1057 1885 e
1076 1849 1184 1885 trium
1209 1847 1353 1885 urbium

333 1898 460 1936 incolis
480 1926 491 1942 ,
539 1899 687 1937 Sesamo
709 1926 720 1943 ,
759 1899 904 1946 Cytoro
928 1925 939 1943 ,
974 1898 1012 1935 δε
1045 1898 1210 1935 Cromna
1242 1909 1381 1935 unam*

329 1949 489 1987 confecit
508 1950 704 1988 civitatem.
755 1947 918 1986 Sesamus
937 1947 1108 1987 Amastris
1126 1958 1186 1984 arx
1205 1947 1332 1986 dicitur
1344 1975 1355 1993 ,

329 1999 414 2037 hinc
443 1999 643 2048 Stephanus
665 2027 675 2044 ,
712 1999 890 2042 Amastris
923 2000 1049 2036 civitas
1080 1997 1356 2047 Paphlagoniae,

332 2062 419 2099 quae
434 2050 530 2099 prius
552 2055 729 2092 Cromna,
754 2062 776 2085 a
804 2049 943 2086 muliere
971 2048 1104 2097 Perfida
1133 2049 1355 2094 Amastride,

331 2113 421 2150 quae
439 2111 516 2137 cum
536 2100 694 2149 Dionyfio
720 2099 872 2143 Siciliae,
902 2100 956 2146 (ut
979 2100 1104 2136 Strabo
1119 2126 1129 2143 ,
1157 2099 1356 2144 Heracleae)

332 2162 481 2198 tyranno
499 2151 688 2188 concubuit.
712 2149 772 2187 sed
800 2149 1069 2186 Demosthenes
1096 2149 1140 2185 ab
1160 2149 1356 2185 Amazone

333 2200 381 2238 fic
412 2201 625 2249 appellatam
657 2208 841 2237 autumat:
871 2199 971 2246 cujus
1000 2199 1132 2246 gentile
1165 2199 1358 2237 Amastria-

332 2262 412 2288 nus.
437 2251 575 2288 Cara
592 2263 628 2288 Ν.
655 2251 753 2288 Vide
769 2249 930 2287 Plinium
952 2248 1035 2287 Hist
1073 2250 1155 2287 Nat.
1186 2249 1254 2285 Lib
1295 2248 1359 2285 VI.

331 2313 412 2350 cap.
436 2300 484 2338 11.
511 2300 640 2339 Cellar.
665 2300 802 2349 Geogr.
827 2299 957 2348 Antiq.
982 2299 1063 2338 Lib.
1091 2299 1358 2348 111.cap.V111.

334 2354 354 2401 ᾗ
383 2363 602 2451 κνῶσαι]
630 2398 733 2438 Foss'a
761 2400 799 2438 in
829 2409 939 2449 quam
959 2397 1080 2436 sordes
1095 2397 1309 2441 confluunt,
1339 2411 1358 2437 a

330 2451 504 2489 colluendo
527 2452 619 2489 dieta
633 2481 642 2497 ‚
668 2452 744 2490 slve
762 2462 781 2487 a
800 2451 913 2488 verbo
935 2450 1105 2493 cloacare,
1133 2449 1234 2498 qnod
1258 2448 1358 2496 signi·

331 2501 416 2540 ficat
443 2502 624 2552 inquinare
645 2530 655 2545 ‚
691 2502 840 2539 auetore
871 2500 986 2538 Festo,
1024 2500 1128 2536 CAT
1145 2512 1218 2537 an.
1255 2499 1362 2549 Epist.

334 2552 439 2590 XLI.
468 2563 556 2590 extr.
587 2553 698 2590 Solent
719 2553 809 2589 enim
830 2551 993 2599 ejusmodi
1011 2550 1059 2586 ad
1088 2549 1284 2594 balineum,
1311 2562 1336 2585 a

335 2603 566 2652 purgationes
585 2605 787 2641 cloacarum
800 2630 813 2646 ‚
837 2603 918 2641 item
933 2601 1135 2650 partitiones
1156 2601 1297 2638 viarum
1319 2612 1360 2639 ω·

330 2655 487 2692 vicorum
509 2654 599 2691 dari.

390 2715 425 2754 3.
450 2705 559 2748 Quae
586 2702 673 2740 ficut
696 2702 803 2752 turpis
825 2703 861 2739 &
884 2701 1169 2739 immundiffima
1189 2700 1359 2749 adspfflu,

334 2756 383 2791 ita
402 2753 554 2803 pestilens
572 2754 619 2792 est
637 2753 733 2791 odore
753 2751 951 2802 teterrimo]
980 2749 1081 2789 Voss.
1103 2754 1140 2788 ἃ
1161 2753 1273 2800 prima
1296 2751 1363 2788 Ed.

336 2812 376 2840 ut
405 2807 442 2841 &
471 2806 568 2851 prior
597 2804 767 2842 Catanaei
793 2814 834 2840 ac
859 2801 926 2840 fitu
945 2804 1051 2850 turpis
1071 2801 1361 2839 in.1nuncliffinio

334 2854 513 2899 adspetftu,
540 2854 593 2890 ita
619 2854 768 2901 pestilens
799 2853 896 2890 odore
923 2854 1105 2890 teterrimo.
1157 2851 1267 2889 Unde
1291 2862 1360 2899 ego

334 2903 382 2938 ita
401 2902 558 2948 legerem
583 2904 920 2953 distingueremque:
932 2916 971 2939 ac
989 2904 1053 2950 [ita
1072 2903 1193 2950 turpis,
1210 2903 1362 2939 immun-

335 2950 458 3005 Δι’][ἲηιο
496 2954 652 2999 adspeo‘la
673 2983 683 2998 ,
715 2955 893 3004 pestilens,
930 2955 1050 3012 odore·
1063 2954 1245 2991 teterrimo.
1291 2952 1360 2989 Vel

339 3009 445 3037 etiam
467 3003 641 3050 quaesitu
663 3011 730 3041 cet.
783 3005 1035 3051 Corruptionis
1055 3004 1240 3040 materiam
1261 3014 1360 3050 prae-

337 3048 446 3105 buisse
474 3049 643 3098 arbitror,
680 3053 835 3093 librarios
865 3051 1042 3102 ignorasse
1062 3080 1073 3099 ,
1099 3053 1262 3092 solemne
1290 3051 1360 3091 esse

2341 1264 2467 1321 per-

1429 1391 1631 1437 veteribus‚
1643 1392 1796 1430 nomina
1815 1390 1986 1442 fimplicia
2007 1391 2045 1429 ὃ(
2064 1392 2326 1443 circumscripta
2355 1404 2462 1434 com*

1431 1444 1590 1482 miscere.
1618 1443 1769 1480 Sueton.
1795 1443 1863 1489 Jul.
1875 1455 1952 1492 cap.
1962 1446 1991 1481 1.
2017 1455 2103 1492 quae
2124 1443 2256 1483 familia
2281 1444 2463 1494 equestri,

1420 1494 1486 1542 sed
1503 1494 1696 1531 admodum
1713 1493 1813 1531 dives
1823 1502 2039 1543 praetextato
2056 1495 2252 1544 desponsata
2262 1505 2346 1534 erat.
2359 1497 2457 1545 Aug.

1431 1544 1604 1582 LXXIX.
1637 1543 1741 1580 Vultu
1768 1555 1844 1581 erat
1878 1544 1936 1582 vel
1968 1546 2004 1582 in
2034 1543 2203 1583 sermone
2227 1547 2287 1583 vel*
2306 1546 2456 1592 tacitus,

1430 1596 1514 1632 adeo
1551 1594 1741 1645 tranquillo
1774 1592 1983 1644 serenoque.⁴
2031 1594 2240 1635 Lactantius
2271 1595 2345 1634 diV.
2370 1597 2456 1637 Inst-

1429 1645 1515 1683 Lib.
1544 1646 1662 1693 Lcap.
1683 1647 1730 1684 ll.
1746 1649 1856 1682 Nemo
1877 1646 1920 1695 est
1943 1656 2018 1681 tam
2040 1645 2135 1684 rudis
2152 1657 2246 1691 ‚tom
2267 1646 2348 1685 feris
2369 1659 2456 1685 mo-

1428 1696 1531 1734 ribus.
1566 1695 1698 1733 Sallust.
1732 1694 1814 1732 Cat.
1845 1706 1923 1744 cap.
1946 1694 2146 1734 XXXVII.
2182 1708 2218 1735 n.
2245 1696 2280 1734 8.
2305 1697 2454 1736 homines

1429 1753 1598 1795 egentes,
1626 1745 1726 1782 malis
1751 1745 1911 1783 moribus
1926 1748 2120 1790 :maxuma
2141 1745 2223 1793 spe,
2249 1746 2451 1796 reipublicae

1419 1798 1531 1845 juxta
1555 1809 1597 1833 ac
1615 1796 1684 1849 fibi
1710 1795 1910 1845 consuluiffe.
1940 1798 1977 1834 &
2000 1807 2094 1844 quae
2122 1807 2258 1845 magno
2288 1808 2449 1836 numero

1429 1848 1493 1885 alia
1515 1846 1559 1884 ad
1581 1847 1658 1884 Sall.
1684 1847 1765 1883 Cat.
1791 1858 1868 1894 cap.
1904 1845 2044 1884 XVIH.
2081 1857 2119 1885 n.
2150 1859 2184 1891 4.
2210 1849 2249 1885 &
2268 1846 2349 1896 Jug.
2371 1859 2451 1898 cap.

1428 1898 1546 1935 LXX.
1575 1909 1609 1934 n.
1639 1908 1672 1934 2.
1699 1897 1872 1944 congeffit
1890 1897 1946 1935 Cl.
1969 1898 2098 1934 Corte.
2124 1897 2226 1943 Quid
2247 1900 2371 1937 multa.
2386 1899 2456 1938 Pli-

1427 1949 1507 1986 nius
1528 1948 1608 1985 Lib.
1635 1946 1702 1985 111.
1729 1947 1836 1995 Epist.
1864 1946 1969 1984 XVI.
1999 1958 2034 1985 n.
2061 1946 2212 1996 3.Filius
2232 1948 2358 1997 deceffit
2378 1951 2456 1988 exi·-

1428 2000 1499 2036 mia
1523 1996 1806 2046 pulchritudine,
1833 1998 1905 2046 pari
1924 1998 2162 2041 verecundia,
2189 2009 2231 2037 ca·
2254 1999 2453 2047 parentibus

1429 2061 1496 2085 non
1530 2050 1646 2086 minus
1680 2047 1718 2084 ob
1747 2048 1820 2085 alia
1843 2058 1965 2091 carus,
1993 2060 2100 2097 quam
2130 2049 2220 2097 quod
2244 2049 2342 2093 filius
2363 2061 2455 2091 erat.

1429 2099 1508 2136 Lib.
1537 2100 1610 2136 V11
1648 2097 1755 2145 Epist.
1780 2098 1917 2134 XXIV.
1944 2109 1968 2134 n
1997 2110 2027 2135 1.
2054 2098 2220 2147 usquead
2239 2100 2455 2147 novtffimam

1427 2148 1666 2185 valetud-inem
1686 2148 1804 2185 viridis
1818 2175 1828 2191 ‚
1856 2157 1960 2196 atque
1980 2147 2082 2185 etiam
2102 2148 2198 2185 ultra
2220 2152 2454 2190 matronalem

1428 2200 1568 2236 modum
1590 2197 1787 2245 compano
1799 2209 1952 2245 corpore
1964 2198 2172 2236 &robusta
2181 2197 2285 2247 Epist.
2295 2200 2455 2242 XXVII.

1428 2260 1463 2287 n.
1493 2263 1525 2299 ς.
1551 2262 1631 2285 mox
1652 2247 1845 2297 adparebat
1863 2247 2010 2292 idolon‚
2037 2249 2144 2286 senex
2162 2251 2269 2287 macie
2287 2252 2452 2302 ey-sqaa-

1428 2299 1493 2336 lore
1523 2299 1739 2342 confectus,
1775 2297 1944 2347 promiffa
1976 2298 2103 2343 barba,
2139 2298 2301 2338 horrenti
2324 2303 2447 2350 capillo

1429 2360 1498 2387 cet.
1526 2349 1637 2387 Adde·
1664 2349 1757 2387 dieta
1789 2348 1833 2386 ad
1866 2348 1947 2386 Lib.
1982 2348 2070 2386 Vll.
2104 2349 2210 2398 Epist.
2243 2350 2325 2387 XX.
2349 2364 2386 2390 n.
2412 2361 2447 2399 3.

1430 2401 1467 2437 &
1495 2400 1578 2437 Lib.
1603 2400 1708 2438 VIII.
1734 2399 1833 2447 Epist
1872 2399 1952 2436 XX.
1981 2411 2018 2436 n.
2045 2412 2078 2445 5.
2106 2399 2421 2438 Lousomus.

1480 2463 1517 2495 4.
1543 2450 1593 2487 Ea
1613 2450 1766 2500 contegi]
1794 2452 1845 2488 Ita
1875 2450 2098 2487 correximus
2128 2460 2173 2487 ex
2194 2449 2325 2488 indicio
2347 2448 2450 2488 Voss.

1432 2501 1469 2537 ὅ(
1493 2500 1583 2538 Edd.
1612 2502 1669 2538 ultv
1699 2507 1793 2549 pene
1814 2511 1953 2538 omnes.
1981 2500 2203 2543 Catanaeus,
2219 2499 2447 2537 Casaubonus

1432 2552 1468 2587 ὅτ
1498 2551 1684 2598 juniorum
1725 2551 1873 2600 quisque
1914 2561 1994 2588 eam
2035 2550 2169 2598 contegi.
2219 2549 2328 2596 Quasi
2359 2561 2449 2587 vero

1431 2610 1600 2639 neutrum
1632 2614 1708 2639 non
1738 2601 1843 2649 possit
1872 2600 2040 2649 respicere
2072 2598 2283 2637 femininum
2325 2599 2450 2638 cloaca.

1436 2651 1514 2689 Lib.
1541 2652 1605 2689 Vl.
1633 2651 1739 2701 Epist.
1765 2651 1938 2689 XXXIII.
1965 2661 1999 2686 n.
2027 2663 2058 2695 ς.
2083 2649 2192 2686 eodem
2211 2656 2354 2689 tempore
2374 2658 2452 2695 tane

1432 2710 1466 2738 ta
1490 2702 1668 2740 diversitas
1695 2702 1821 2738 accidit
1849 2701 1950 2749 casu,
1978 2698 2078 2747 quod
2108 2710 2173 2733 non
2206 2697 2300 2746 casus
2319 2698 2451 2738 videre-

1433 2763 1503 2789 tur.
1532 2752 1589 2790 ubi
1608 2753 1733 2802 pariter
1763 2763 1808 2788 ex
1840 2751 2036 2798 ignorantia
2068 2748 2171 2793 huius
2198 2748 2452 2789 observationis

1433 2813 1619 2849 peccatum
1643 2812 1728 2840 erat.
1767 2801 1864 2838 Vide
1893 2801 1938 2837 ibi
1961 2806 2000 2835 ut
2020 2798 2057 2833 &
2077 2796 2119 2832 ad
2143 2797 2221 2833 Lib.
2248 2798 2314 2835 ΙΙΙ.
2342 2800 2453 2849 Epist.

1433 2853 1480 2890 V.
1508 2865 1542 2890 n.
1571 2865 1607 2890 2.
1632 2860 1742 2900 atque
1761 2851 1841 2888 Lib.
1869 2849 1932 2886 VI.
1959 2847 2065 2894 Epist.
2092 2847 2197 2883 VIlI.
2225 2858 2314 2885 extr.
2347 2859 2452 2889 nota-

1432 2911 1468 2940 ta
1507 2903 1626 2940 Sallust
1664 2902 1742 2949 Jug.
1767 2912 1843 2947 cap.
1871 2897 2007 2934 XXIV·
2035 2909 2069 2933 n.
2097 2896 2130 2934 8.
2157 2898 2257 2944 Quid
2280 2899 2452 2951 reliquum

1433 2951 1498 3000 m'si
1514 2955 1563 2990 vis
1587 2952 1722 2994 vestra,
1750 2961 1825 2997 quo
1847 2948 1976 2984 moveri
1998 2946 2101 2995 poffit.
2128 2959 2202 2996 cap.
2234 2949 2334 2987 XLI.
2353 2964 2389 2989 n.
2419 2964 2452 2991 1.

1434 3003 1497 3039 otio
1519 3015 1560 3041 <9-
1578 3000 1796 3038 abundantia
1819 3009 1940 3035 earum
1959 3007 2077 3034 rerum
2094 3024 2103 3040 ‚
2117 3009 2209 3045 quae
2228 3000 2338 3044 prima
2361 3014 2452 3039 mor--

1434 3050 1518 3092 tales
1555 3052 1696 3089 ducunt.
1748 3047 1809 3087 Ad
1839 3059 1931 3099 quae
1959 3047 2037 3086 loca
2069 3049 2179 3088 multa
2201 3049 2264 3090 alia
2286 3052 2451 3099 exempla

2307 3100 2460 3150 adseri&
