2616 3686
268 234 368 301 736
485 211 2165 275 C.PL1N11>C.AECI·L11SECUNDI

224 311 543 366 6rationem
580 304 675 361 nisi
714 301 958 377 praesens
999 298 1136 352 inire
1169 313 1283 350 non
1325 289 1553 366 poffum.
1631 290 1865 350 Debebo
1905 309 2037 365 ergo
2067 334 2084 360 ‚
2138 289 2412 359 Dominess

268 384 640 455 indulgentiae
681 395 806 435 tuae
846 383 862 409 ¹
887 376 940 431 δι
975 372 1186 446 pietatis
1228 388 1378 425 meae
1400 367 1734 421 celeritatem
1765 407 1782 431 ,
1840 370 1892 423 &
1929 370 2086 425 status
2115 373 2414 427 ordinatio·

272 477 397 516 nem
425 497 441 520 ‚
497 457 533 513 fi
570 457 700 512 mihi
731 456 805 509 ob
843 464 1075 521 utraque
1106 448 1237 502 haec
1273 444 1489 499 dederis
1530 458 1900 498 commeatum
1936 448 2152 518 triginta
2179 449 2412 503 dierum,

273 536 468 607 Neque
491 536 634 588 enim
660 528 928 603 angustius
960 540 1172 595 tempus
1199 521 1480 592 praefinire
1496 518 1877 589 poffum,cum
1909 521 1958 572 ἅ
1990 532 2006 553 2
2041 525 2416 592 municipium,

278 612 333 665 &
363 611 503 680 agri,
548 610 617 664 de
645 607 836 680 quibus
864 605 1061 674 loquor
1094 640 1107 662 ‚
1149 596 1247 651 sint
1278 596 1416 651 ultra
1443 593 1792 650 centesimum
1821 594 1878 649 δε
1904 598 2413 670 quinquagesimum

279 686 529 758 lapidem.
2121 685 2126 688 ·

599 818 815 886 'XXV.
894 824 968 881 Χ.
1045 822 1594 888 TRAIANUS
1675 818 2079 878 PLINIO.

779 974 1014 1032 Concedit
1043 972 1325 1046 Imperator
1351 967 1520 1024 Plinio
1546 970 1680 1044 quod
1693 972 1931 1043 petierat.

414 1138 461 1192 Ἰ»
477 1136 719 1210 privas&
742 1125 871 1181 mult
875 1143 931 1179 ⁶²5
953 1169 965 1189 ,
1009 1125 1074 1186 &⁴
1103 1139 1268 1177 omnes
1285 1117 1510 1194 publicas
1531 1118 1706 1192 caussas
1722 1119 1919 1194 petendi
1942 1134 2244 1175 commeatus
2264 1123 2428 1179 reddtL

287 1147 526 1285 Edisti·
549 1234 562 1264 .·
603 1207 732 1262 nnhi
757 1215 927 1258 autem
954 1202 1039 1256 vel
1054 1199 1170 1273 stila
1200 1200 1449 1251 voluntas
1487 1209 1579 1251 tna
1604 1195 1899 1270 fiqffeciffet.
1976 1196 2159 1270 Neque
2185 1201 2312 1252 enim
2331 1199 2428 1254 du.

1304 1280 1306 1282 -
2298 1275 2434 1343 bite,

287 1429 510 1472 colonorum
533 1453 546 1471 ,
572 1424 637 1475 qui
656 1420 702 1460 ad
721 1417 913 1470 pecuniam
934 1419 1164 1453 numeratam
1185 1408 1328 1451 condu-
1382 1408 1428 1449 L.
1448 1409 1511 1450 ult.
1524 1409 1575 1449 D.
1594 1409 1640 1448 ad
1666 1409 1758 1459 Leg.
1784 1409 1853 1457 Jul.
1871 1407 2062 1458 majestatis
2082 1421 2091 1448 :
2123 1411 2248 1461 Is‚qui
2267 1414 2303 1452 in
2325 1428 2427 1456 ream

291 1488 419 1523 xerant
441 1507 452 1524 ,
479 1478 645 1527 inquiens
666 1502 677 1519 ,
714 1469 959 1509 occurrendum
991 1464 1241 1515 augescentibus
1272 1462 1328 1500 vi·
1384 1462 1516 1500 decedit
1541 1490 1551 1506 ,
1583 1462 1708 1512 integri
1728 1467 1833 1499 status
1854 1461 2001 1498 decedit.
2051 1461 2107 1499 Sic
2132 1463 2241 1501 etiam
2261 1467 2354 1512 stare
2377 1470 2431 1508 est

291 1535 350 1574 tiis
371 1562 381 1579 ,
408 1543 451 1571 (9·
469 1528 677 1567 medendum
697 1522 754 1570 est.
809 1516 977 1558 Medendi
998 1528 1071 1554 una
1090 1515 1179 1553 ratio
1199 1516 1241 1562 est
1262 1542 1272 1559 ,
1292 1512 1326 1564 fi
1355 1520 1357 1524 ‘
1390 1514 1518 1551 vivere
1537 1513 1635 1551 salvo
1663 1513 1901 1561 patrimonio.
1952 1512 2087 1550 Cicero
2111 1511 2158 1549 ll.
2196 1516 2300 1554 (ani.
2329 1520 2434 1568 Hoste

291 1597 371 1624 non
400 1591 564 1620 nummo
584 1606 594 1622 .
621 1577 686 1628 sed
718 1572 872 1624 partibus
906 1570 1021 1607 locem.
1077 1567 1151 1604 Ubi
1181 1577 1326 1604 nummo
1384 1576 1440 1612 ego
1469 1575 1547 1601 tam
1574 1564 1705 1602 milites
1737 1576 1833 1602 acres
1862 1574 1970 1613 quam
2001 1562 2206 1607 inficiatores
2240 1566 2348 1606 lento,
2378 1569 2436 1618 ‘ff‘

292 1635 489 1682 intelligere
522 1631 698 1669 debemus
726 1636 806 1664 non
833 1635 900 1660 uno
927 1632 1071 1658 nummo
1097 1620 1195 1666 <hoc
1226 1617 1328 1654 enim
1361 1659 1363 1662 ¹
1388 1614 1541 1653 arbitror
1550 1629 1562 1658 3
1595 1616 1653 1664 qui
1675 1616 1827 1653 homines
1846 1614 1872 1659 li
1891 1614 1979 1651 flare
2003 1626 2070 1650 non
2084 1614 2439 1665 poffimmcorruum,

295 1700 375 1728 non
399 1685 438 1723 fit
455 1683 614 1726 locatio,
641 1686 682 1717 ut
703 1686 827 1726 neque
852 1672 1038 1720 venditio)
1065 1670 1125 1708 sed
1159 1668 1330 1707 collective
1361 1664 1366 1741 ἱ
1391 1665 1434 1703 ln
1464 1666 1630 1705 Pisonem
1656 1678 1666 1703 ε
1705 1666 1797 1713 foris
1827 1665 1883 1715 effe
1927 1665 2122 1704 Gabinium
2147 1693 2158 1709 ‚
2185 1669 2261 1714 Jtne
2291 1671 2440 1720 provin.

301 1739 348 1777 de
370 1735 526 1788 pecunia
548 1738 764 1772 numerata,
789 1723 988 1764 secundum
1014 1723 1105 1769 Leg.
1125 1720 1163 1758 in
1185 1720 1251 1758 usu
1271 1719 1333 1766 Ju-
1364 1744 1368 1780 3
1391 1717 1448 1772 εἰη
1475 1717 1566 1756 stare
1604 1729 1672 1754 non
1703 1715 1802 1767 posse.
1857 1716 2050 1754 Suetonius
2081 1717 2236 1756 Othone
2256 1732 2265 1756 :
2314 1727 2434 1772 Neque

299 1791 355 1829 xis.
377 1787 458 1836 158.
484 1785 533 1823 D.
552 1784 597 1823 de
620 1782 718 1819 verb.
735 1777 851 1826 fignif.
881 1777 1087 1812 Rmrn
1101 1782 1232 1809 snus.
1366 1782 1371 1839 l
1392 1780 1485 1824 enirn
1512 1768 1752 1819 diffimuzabat
1768 1797 1775 1812 ,
1790 1767 1855 1817 ⁷²5st
1871 1767 2104 1817 princip‘mfi
2124 1768 2212 1806 stare
2240 1782 2308 1808 non
2324 1774 2436 1822 pofflg

356 1851 390 1879 1.
417 1842 465 1875 Et
476 1835 599 1887 pietati
610 1845 704 1872 meae
714 1823 1028 1874 celeritatem,<9·c.]
1056 1820 1281 1869 jamdudum
1291 1818 1338 1857 ad
1368 1843 1373 1890 ι
1394 1818 1551 1869 nihilque
1569 1821 1694 1866 referre
1716 1846 1726 1862 ‚
1767 1820 1812 1856 ab
1835 1818 1922 1866 hoste
1944 1818 1981 1856 in
2011 1819 2084 1855 acie
2106 1847 2116 1863 ,
2151 1831 2201 1856 an
2229 1820 2265 1858 in
2282 1823 2358 1867 soro
2367 1823 2437 1870 sub

300 1891 505 1939 marginem
528 1885 664 1936 pendet
682 1893 728 1921 ex
750 1880 896 1928 optimo
915 1876 1012 1915 haud
1035 1872 1243 1912 dubielibro
1255 1883 1340 1921 pre·-
1370 1893 1372 1924 ;
1395 1868 1618 1926 creditoribus
1655 1871 1803 1909 caderet.
1852 1868 2077 1918 Vespasiano
2110 1883 2119 1907 :
2165 1871 2323 1920 professis,
2350 1885 2440 1924 qua,

303 1943 419 1981 ditum
437 1940 549 1991 status
572 1953 583 1974 :
613 1937 652 1973 ὅ(
670 1942 786 1972 nemo
808 1937 936 1967 tamen
962 1955 973 1972 ,
999 1924 1103 1976 quod
1125 1926 1261 1969 iciam,
1288 1924 1343 1960 in·
1397 1922 1606 1971 dringenties
1652 1921 1775 1959 millies
1816 1929 1894 1971 opus
1921 1921 1977 1969 effe
2000 1949 2011 1965 ,
2048 1931 2089 1959 ut
2127 1920 2313 1971 respubtm,
2350 1928 2439 1965 stare

303 2002 459 2036 ventus,
488 1991 550 2040 qui
569 1987 722 2036 digitum
744 1981 898 2020 tolleret.
949 1978 1134 2017 Nimirum
1157 2003 1169 2020 ,
1197 1977 1236 2012 δι
1257 1975 1347 2012 vici·
1391 1970 1505 2022 posset.
1532 1973 1603 2010 Gn
1619 1982 1764 2009 onov.
1794 1973 1971 2020 kulgatae
1990 1973 2438 2020 corruptissimaezDebeo

306 2057 355 2086 na
372 2043 532 2094 juvanda
553 2039 643 2078 sunt.
695 2036 752 2074 Sic
769 2033 876 2081 igitur
894 2027 1024 2079 scripsit
1043 2027 1195 2066 Plinius:
1224 2025 1349 2063 Debe—
1374 2027 1377 2051 l
1400 2036 1475 2071 ergo
1496 2051 1507 2068 ,
1546 2023 1696 2061 Domine
1718 2050 1729 2067 ‚
1768 2023 2004 2072 indulgentiae
2028 2034 2110 2061 tuae
2130 2033 2174 2062 <9¹
2201 2026 2324 2071 pietati
2346 2039 2439 2066 meas

307 2098 360 2136 bo
383 2124 394 2142 ‚
420 2106 494 2143 ergo
516 2119 527 2136 ‚
554 2088 705 2128 Domine
724 2114 734 2130 ,
761 2082 996 2128 indulgentiae
1027 2088 1108 2116 tuae
1137 2089 1180 2116 <9⁸
1209 2077 1349 2125 pietatis
1403 2075 1610 2112 celeritatem
1632 2102 1643 2118 ,
1681 2085 1723 2112 ω’
1754 2073 1947 2111 statuarum
1971 2074 2220 2113 ordinationem
2245 2104 2255 2120 ⁹
2273 2076 2438 2126 limbi,

311 2161 406 2186 meae
423 2144 630 2185 celeritatem
653 2149 695 2177 c9·
716 2137 823 2174 status
845 2132 1095 2170 ordinationem
1120 2155 1130 2171 ,
1147 2127 1184 2174 fi
1200 2127 1285 2165 mihi
1307 2126 1346 2163 ob
1403 2132 1473 2161 cet.
1499 2137 1543 2163 ex
1563 2126 1693 2175 quibus
1713 2136 1828 2163 nemo
1850 2129 2031 2174 umquam
2059 2125 2184 2162 sanum
2213 2128 2352 2166 sensum
2377 2139 2439 2167 ex-

312 2210 463 2248 utraque
494 2193 576 2230 haec
608 2189 742 2228 dederis
771 2192 1001 2222 commeatum
1032 2179 1179 2229 triginta
1199 2178 1350 2215 dierum.
1403 2175 1555 2214 torserit.
1605 2175 1798 2214 Veriffime
1821 2177 2030 2213 emendavit
2052 2175 2287 2223 Gronovius,
2315 2181 2375 2230 qui
2397 2181 2439 2217 ὃς

312 2250 462 2299 Duplex
482 2241 703 2283 beneficium
731 2248 752 2275 a
782 2235 950 2286 Trajano
979 2233 1017 2271 in
1049 2231 1083 2269 se
1117 2229 1292 2266 collatum
1312 2229 1353 2266 iri
1406 2225 1505 2264 reete
1521 2227 1693 2276 explicat:
1708 2225 1771 2264 nifi
1792 2226 1893 2276 quod
1912 2227 1968 2265 ille
1989 2227 2080 2265 circa
2098 2228 2315 2267 vocabulum
2323 2231 2435 2275 status

313 2302 428 2341 scribit
446 2326 457 2343 ‚
483 2296 508 2333 fi
529 2298 783 2332 commeatum
803 2286 951 2334 accipiat
975 2296 984 2320 :
1022 2281 1227 2320 debiturum
1251 2280 1352 2318 enim
1407 2277 1536 2326 (quod
1567 2278 1677 2316 eriam
1710 2277 1826 2315 Aldus
1854 2278 1961 2316 habet
1983 2306 1994 2322 ,
2039 2289 2106 2327 pro
2131 2279 2354 2330 statuarum)
2388 2279 2433 2318 ad

312 2353 363 2393 illi
383 2353 422 2390 ὃ(
445 2347 651 2387 celeritatem
665 2339 805 2392 pietatis
825 2337 928 2380 suae,
954 2335 1028 2373 hoc
1047 2332 1124 2377 est,
1150 2330 1254 2382 quod
1276 2339 1356 2368 tan-
1408 2329 1522 2366 aliena
1541 2327 1690 2377 dilapsus
1713 2328 1765 2367 fit.
1793 2329 1970 2366 ordinare
1983 2327 2120 2376 statum
2141 2358 2152 2376 ‚
2188 2330 2364 2369 sollemnts
2382 2329 2434 2368 est

317 2413 360 2444 to
378 2402 480 2441 citius
499 2397 737 2446 explicaturus
759 2390 800 2428 sit
832 2390 1005 2438 pietatem
1033 2384 1132 2421 suam
1156 2393 1240 2431 erga
1257 2383 1354 2431 prin·
1406 2378 1547 2417 locutio
1568 2407 1579 2423 ,
1606 2380 1652 2418 de
1673 2390 1745 2429 qua
1767 2391 1835 2417 nos
1856 2380 1901 2418 ad
1930 2381 2010 2419 Lib.
2032 2381 2133 2419 V111,
2162 2381 2267 2430 Epist,
2295 2378 2436 2419 xxm·

317 2457 415 2505 cipes
432 2450 630 2500 superiores
652 2447 691 2483 &
712 2442 826 2491 ipsum
846 2440 886 2477 T
889 2440 1052 2489 rajanum
1085 2434 1203 2472 statuis
1221 2444 1353 2471 eorum
1408 2442 1443 2467 n.
1467 2442 1501 2469 2.
1529 2431 1603 2469 Hic
1619 2439 1761 2469 tantum
1774 2429 1891 2478 status
1912 2432 2068 2480 privatus
2088 2459 2098 2475 ‚
2131 2441 2295 2480 agrorum
2326 2432 2364 2468 δε
2383 2433 2435 2470 rei

316 2517 434 2545 unum
454 2504 493 2541 in
512 2502 634 2538 locum
658 2493 848 2544 augustum
868 2486 1120 2529 conferendis;
1153 2487 1192 2523 ὃ(
1212 2484 1354 2521 ordina·
1409 2482 1588 2520 familiaris
1606 2482 1811 2531 intelligitur
1832 2511 1842 2528 ,
1879 2481 2195 2532 quemadmodum
2224 2481 2300 2519 alibi
2327 2481 2436 2520 status

321 2559 449 2596 tionem
470 2553 584 2604 flatus
608 2576 617 2593 ‚
643 2547 717 2584 hoc
739 2544 790 2582 est
811 2571 822 2586 ,
848 2541 950 2591 quod
973 2546 1113 2588 partem
1133 2537 1185 2574 rei
1203 2535 1355 2573 familia-
1408 2532 1578 2581 publicus.
1605 2534 1663 2572 Sic
1677 2534 1761 2571 nihil
1779 2533 1893 2572 subest
1916 2533 2125 2571 difficultatis
2143 2561 2151 2573 .
2178 2542 2248 2569 nec
2261 2542 2351 2579 opus
2371 2532 2435 2570 ha.

320 2610 366 2647 ris
390 2636 401 2652 ‚
441 2605 500 2643 vel
520 2598 729 2650 patrimonii
755 2606 834 2633 non
862 2587 1174 2630 contemnendam
1196 2586 1358 2624 obiturus
1407 2585 1537 2622 bemus
1553 2585 1665 2634 longe
1684 2585 1860 2623 arcessitis.
1885 2584 2048 2622 Verbum
2070 2582 2228 2620 ordinare
2244 2583 2279 2618 in
2303 2582 2432 2621 eadem

325 2660 365 2697 ὃ(
392 2659 470 2704 eius
496 2653 619 2692 utilem
642 2645 947 2694 necessariamqu'e
981 2651 1107 2680 curam
1136 2637 1279 2676 aeturus
1306 2636 1360 2675 fit.
1411 2647 1450 2675 re
1469 2636 1629 2674 adhibuit
1656 2636 1738 2674 Lib.
1758 2637 1819 2675 IX.
1851 2635 1946 2683 Epist
1978 2632 2172 2670 XXXVll.
2197 2643 2235 2668 n,
2264 2643 2297 2669 χ,

326 2716 471 2751 Status,
493 2713 534 2744 ut
554 2701 650 2752 apud
674 2699 857 2743 Velleium
873 2723 884 2740 ,
913 2697 963 2737 ΙΙ,
982 2704 1017 2733 2.
1036 2689 1146 2741 simul
1163 2689 1268 2728 etiam
1282 2698 1360 2738 pro·
1463 2699 1498 2724 2.
1526 2687 1790 2735 Municipium]
1821 2685 2041 2723 Crediderim
2054 2683 2134 2720 sane
2145 2681 2340 2720 Tifernum
2365 2684 2436 2723 Ti..

327 2759 495 2809 mulgatis
512 2754 659 2806 agrariis
678 2749 803 2800 legibus
827 2776 837 2790 ‚
873 2744 1029 2783 omnibns
1051 2743 1180 2780 statum
1204 2740 1360 2788 concupi·
1410 2738 1576 2776 berinum
1590 2766 1602 2783 ‚
1628 2738 1730 2787 quod
1752 2745 1893 2775 tantum
1913 2735 1958 2773 ab
1977 2733 2063 2771 urbe
2079 2731 2178 2769 distet
2198 2760 2209 2776 ,
2235 2734 2336 2782 quod
2354 2737 2436 2775 nul-

325 2810 497 2860 [centibu5
518 2835 529 2851 ‚
557 2807 701 2855 summa
727 2800 800 2840 imis
827 2798 974 2848 miscuit.
1023 2794 1070 2832 Et
1094 2804 1173 2841 cap.
1203 2791 1358 2830 LXXII.
1409 2790 1467 2828 libi
1484 2791 1649 2828 locorum
1662 2788 1792 2825 Plinius
1814 2787 1932 2824 scribat
1951 2785 1984 2822 se
2002 2781 2158 2824 habuisse
2179 2794 2283 2831 agros
2297 2797 2432 2836 ‚quam

333 2863 472 2898 nullum
491 2859 621 2896 statum
651 2850 858 2891 habentibus
878 2877 888 2892 ‚
926 2845 1066 2899 quilibet
1093 2844 1168 2881 dux
1196 2853 1270 2881 erat
1288 2843 1362 2880 ido·
1405 2843 1444 2889 in
1468 2841 1621 2878 Thuscis
1645 2841 1684 2876 &
1703 2836 1953 2885 Transpadana
1971 2834 2117 2882 regione
2137 2860 2146 2874 ,
2187 2845 2279 2883 quae
2299 2837 2349 2875 bis
2378 2847 2437 2877 tot
2493 2865 2498 2869 κ

334 2924 427 2949 neus.
480 2910 520 2947 ld
542 2908 594 2946 est
616 2935 626 2948 .
653 2918 726 2942 rem
748 2932 758 2947 ‚
787 2913 825 2940 ut
847 2902 884 2938 in
901 2901 957 2938 illa
974 2908 1068 2935 VOCC
1091 2895 1240 2942 Philippi
1262 2894 1358 2943 apud
1410 2893 1454 2930 ab
1477 2893 1564 2929 urbe
1583 2890 1689 2928 distat.
1731 2887 1815 2924 illud
1841 2884 2204 2923 animadvertendum
2231 2914 2242 2930 ,
2287 2899 2364 2926 non
2393 2901 2439 2927 o·

335 2962 557 2998 Ciceronem
589 2957 669 2996 Lib.
689 2956 737 2993 Il.
763 2954 809 2992 de
832 2950 972 2990 Officiis
992 2962 1001 2986 z
1040 2959 1108 2999 nvp
1135 2945 1196 2996 effe
1215 2946 1252 2983 in
1274 2944 1358 2982 civi·
1415 2954 1518 2980 mnes
1536 2942 1598 2979 has
1617 2938 1778 2987 epistolas
1788 2935 1831 2972 ad
1845 2935 2045 2981 Traianum
2066 2937 2206 2983 1criptas
2219 2949 2236 2973 a
2249 2937 2434 2986 Secundo,

332 3022 408 3051 tate
428 3011 493 3047 duo
512 3008 624 3045 millia
644 3005 846 3047 hominum,
873 3003 932 3053 qui
952 3011 1029 3039 rem
1054 2997 1230 3035 haberent.
1255 3000 1363 3034 Certa
1413 2994 1500 3031 dum
1524 2991 1610 3029 effet
1627 2992 1665 3027 in
1695 2986 1859 3034 Bithynia
1879 3012 1890 3029 ‚
1926 2985 1984 3023 sed
2017 2986 2187 3033 quasdam
2215 3016 2226 3031 ‚
2261 2998 2300 3027 ut
2320 2990 2437 3035 hanc·

333 3062 481 3100 conditio
500 3060 616 3096 vitae.
647 3058 775 3095 Caesar
795 3057 858 3093 111.
885 3054 931 3090 de
949 3052 1043 3089 bello
1064 3048 1158 3087 civili
1175 3059 1255 3096 cap.
1276 3047 1358 3084 CX.
1413 3043 1500 3080 dum
1520 3041 1625 3078 staret
1642 3040 1678 3077 in
1701 3037 1814 3079 urbe,
1840 3036 1984 3074 absente
2006 3037 2049 3073 ab
2071 3048 2110 3074 ea
2135 3037 2313 3087 Traiano.
2345 3041 2438 3080 Col-

331 3113 485 3154 Tacjms
504 3110 571 3149 111.
594 3109 727 3148 Annal.
740 3105 803 3145 28.
829 3104 1085 3151 multorumque
1111 3096 1213 3149 excifi
1241 3097 1357 3136 status.
1409 3093 1493 3140 legit
1512 3092 1620 3138 igitur
1635 3091 1671 3126 in
1688 3097 1802 3124 unum
1833 3086 1991 3126 libellum
2018 3088 2250 3141 quascunque
2277 3092 2442 3141 Impera·

1405 3143 1478 3182 tori
1496 3141 1680 3189 scripserat.
1707 3137 1775 3178 Ca
1788 3149 1812 3176 τ
1827 3151 1846 3175 Α
1862 3149 1899 3176 Ν,
2313 3154 2346 3182 1,
2374 3143 2441 3182 Aa
