2616 3686
328 194 426 272 ‚392

332 272 462 326 dem
505 289 533 325 a
576 269 837 326 Praetore
876 271 1119 327 nuncius.
1174 270 1536 324 Dimittuntur
1583 268 1957 326 Centumviri:

582 193 1108 247 o.1>t.1N11
1177 193 1682 247 CAECILtl
1751 176 2274 252 SECUNDI

2052 273 2308 330 eximitur
2331 273 2481 341 dies.

335 361 422 399 me
451 343 716 413 gaudente
743 345 887 428 ‚·qui
923 361 1220 416 numquam
1256 345 1331 398 ita
1380 357 1588 414 paratus
1629 342 1744 397 sum
1776 383 1793 407 ‚
1857 357 1917 399 ut
1952 361 2067 399 non
2106 361 2256 401 mora
2298 349 2480 405 laeter.

261 434 286 488 3
335 416 504 470 Causa
540 417 807 472 dilationis
832 456 847 480 ‚
900 420 1084 488 Nepos
1119 416 1343 471 Praetor
1369 455 1384 478 ,
1421 426 1436 444 ²
1471 417 1565 489 qui
1590 417 1792 486 legibus
1819 420 2045 488 quaerit.

2125 418 2485 492 Proposuerat

336 489 499 545 breve
524 487 537 514 ³
563 488 830 555 edietum,
870 488 1195 546 admonebat
1221 487 1591 550 accusatores>
1631 490 1957 547 admonebat
1980 495 2107 571 'reos'
2143 529 2160 557 ‚
2202 494 2485 550 exsecutu-

332 707 480 747 bantur.
519 705 634 744 Iidem
650 713 777 745 tamen
804 704 908 744 Libb.
935 704 1037 742 Vett.
1059 710 1185 753 aperte
1207 702 1373 750 servant,

333 759 568 801 Decemviri,
608 769 674 804 pro
708 756 954 795 Centumviri.
994 755 1185 793 GRUTER.
1212 755 1375 805 Reposui

333 808 537 848 Decemviri
559 819 734 845 veneram
760 836 769 851 ,
798 807 900 856 quod
922 808 957 844 in
982 806 1153 844 omnibus
1176 805 1285 844 MSS.
1307 817 1376 843 no-

336 860 412 899 stris
442 861 483 897 ὃ(
519 858 585 896 Ed.
620 858 707 897 Vet.
742 859 898 906 legitur,
927 859 967 896 δε
991 856 1134 894 dudum
1156 856 1376 903 adprobavit

336 910 554 948 Gronovius
588 908 659 946 Lib
707 909 774 946 III.
808 908 962 947 Observ.
985 918 1062 957 cap.
1087 907 1231 945 XXIV.
1284 913 1374 946 Cen-

334 958 494 997 tumviri
526 959 605 999 sunt
637 959 750 998 iidem
783 959 920 998 iudices
943 988 953 1003 ‚
999 960 1063 1009 qui
1085 960 1157 997 iam
1173 957 1372 1006 sedebant3

335 1020 374 1048 at
398 1010 597 1048 Decemviri
618 1013 809 1049 venientes
832 1009 1047 1060 praesident.
1077 1008 1377 1058 obversabantur

334 1063 468 1111 pariter
503 1063 539 1100 in
574 1063 747 1100 omnibus
779 1062 911 1112 scriptis
945 1060 1070 1098 nostris
1092 1060 1244 1099 habetur
1255 1074 1266 1103 3
1295 1069 1376 1099 tan-

333 1112 539 1151 tummodo
573 1111 641 1150 Ed.
675 1113 762 1151 Vet.
796 1114 907 1151 habet
929 1110 1239 1161 observabantur,
1268 1114 1306 1150 ὅς
1331 1111 1376 1151 de

334 1162 412 1202 hoc
447 1172 568 1202 errato
601 1164 673 1202 iam
710 1165 912 1212 Stephanus
943 1164 982 1201 in
1009 1161 1166 1201 Praefat.
1201 1164 1375 1208 monuit,

334 1225 452 1263 quem
475 1215 591 1253 adeas.
619 1214 725 1252 Idem
748 1217 881 1253 vitium
903 1213 1062 1254 vidimus
1088 1214 1168 1252 Lib.
1193 1214 1241 1252 II.
1265 1213 1376 1263 Epist.

334 1263 405 1302 XI.
440 1278 474 1303 n.
512 1279 567 1304 12.
615 1266 882 1304 Obversabatur
913 1264 1045 1315 cauffae
1069 1263 1286 1312 difficultas,
1314 1266 1377 1305 ubi

333 1316 420 1355 MS.
451 1316 749 1366 observabatur,
778 1319 816 1356 ὅ(
844 1316 937 1356 Infra
960 1317 1041 1354 Lib.
1057 1315 1376 1364 Vl.Epist.XVI.

334 1378 372 1406 n.
398 1379 455 1417 13.
480 1369 539 1417 qui
561 1368 674 1407 limini
693 1368 975 1406 obversabantur
999 1395 1009 1411 ‚
1037 1368 1098 1406 ubi
1123 1366 1273 1415 quidam
1306 1368 1376 1405 im-

336 1419 443 1468 prefli
476 1419 772 1467 observabantur.
824 1418 923 1456 Infra
967 1419 1096 1456 Oxon.
1133 1417 1377 1456 dimittuntur

337 1469 518 1508 clarissimi
550 1470 625 1508 viri
650 1499 660 1515 ‚
705 1482 773 1520 pro
795 1469 1039 1516 centumviri,
1080 1476 1206 1508 ortum
1229 1481 1275 1508 ex
1298 1469 1378 1509 scri-

331 1528 439 1571 ptura
463 1532 527 1569 per
551 1530 681 1559 notam
703 1522 818 1560 Cviri.
1376 1527 1379 1530 ⁴

387 1585 403 1610 1
435 1573 622 1611 Eximitur
653 1574 734 1611 dies.
763 1573 777 1624 ]
819 1573 1064 1613 Interdietum
1086 1572 1135 1613 est
1160 1584 1207 1612 eo
1230 1571 1288 1610 die
1308 1571 1379 1611 liti‘

332 1622 426 1667 bus,
453 1632 494 1662 ut
523 1624 666 1673 iudiciis
696 1635 900 1664 uacarent:
952 1625 1000 1663 fic
1025 1625 1125 1664 enim
1144 1625 1237 1662 diem
1265 1623 1379 1662 credit

334 1675 444 1713 eximi
469 1704 477 1719 ,
513 1687 599 1713 cum
628 1675 809 1724 justitium
843 1677 1015 1716 indicitur
1040 1704 1050 1720 ,
1093 1677 1132 1714 ὃς
1159 1671 1241 1725 jura
1264 1673 1377 1713 silent.

339 1725 482 1764 Contra
505 1727 649 1764 illorum
675 1728 893 1776 opinionem
909 1756 919 1771 ‚
949 1727 1158 1776 quivolunt
1171 1727 1259 1764 diem
1272 1727 1379 1765 eximi

338 1776 401 1814 vel
428 1776 504 1816 tolli
534 1776 693 1817 dicendo
714 1806 725 1824 ‚
764 1789 850 1816 cum
876 1779 936 1817 hic
962 1777 1101 1816 silendo
1131 1777 1174 1815 fit
1201 1785 1379 1817 exemtus.

338 1827 503 1872 Cum.

389 1890 411 1917 2
453 1880 595 1929 Legibus
619 1878 802 1931 quaet-iu]
833 1879 1045 1919 Secundum
1069 1880 1167 1928 leges
1181 1880 1379 1928 cognoscit.

337 1929 440 1968 Nam
457 1932 515 1980 jus
529 1931 773 1980 cognoscendi
789 1960 798 1976 ,
812 1931 964 1969 auftore
975 1931 1140 1969 Pediano
1155 1959 1165 1976 ,
1194 1932 1380 1981 eratapud

335 1980 565 2020 Praetorem.
587 1984 624 2021 &
646 1983 779 2020 Paulus
803 1982 847 2020 de
870 1983 1020 2031 Regulis
1037 1983 1125 2032 juris
1148 1983 1267 2031 inquit
1295 1996 1302 2020 :
1335 1989 1378 2019 U.

335 2029 509 2084 bicunque
540 2034 663 2082 causae
693 2034 840 2083 cognitio
860 2032 905 2082 est
923 2062 934 2078 ‚
971 2033 1018 2073 ibi
1040 2043 1181 2081 praetor
1204 2032 1380 2082 desidera-

337 2091 425 2127 tur,
445 2084 638 2133 judicandi
662 2098 745 2122 vero
762 2086 822 2134 jus
843 2085 941 2136 apud
962 2085 1093 2134 equites
1108 2084 1197 2131 suit.
1225 2085 1377 2124 Praetor

335 2141 464 2173 autern
501 2135 670 2172 Urbanus
688 2136 760 2185 juri
782 2134 944 2173 dicundo
967 2143 1129 2184 praeerat
1153 2163 1163 2177 ,
1191 2137 1230 2173 &
1252 2137 1288 2172 in
1310 2139 1379 2184 po-

338 2183 466 2224 testate
498 2185 654 2223 habebat
688 2188 858 2224 omnium
890 2186 1057 2234 judicum
1080 2185 1234 2222 tabellas.
1263 2186 1378 2225 insu.

337 2237 414 2285 (glai
433 2236 563 2275 lefibus
587 2237 737 2286 quaerit.
763 2235 777 2285 ]
808 2237 866 2274 Ex
889 2237 997 2275 altera
1028 2236 1190 2274 lectione
1212 2248 1379 2286 quorun-

339 2286 426 2324 dam
450 2287 626 2326 librorum
653 2296 743 2336 puto
765 2288 964 2337 legendum
980 2317 988 2332 ,
1020 2289 1079 2338 qui
1103 2287 1168 2336 lege
1193 2289 1234 2325 de
1258 2302 1379 2327 mune-

338 2337 438 2375 ribus
462 2338 599 2389 quaerit
623 2366 633 2382 ,
662 2339 735 2376 hoc
757 2338 805 2377 est
826 2369 835 2385 ‚
863 2342 928 2389 qui
951 2347 1097 2377 exercet
1122 2338 1377 2386 quaestionem

337 2388 448 2428 illam.
480 2391 625 2428 Notum
643 2418 652 2435 ,
681 2390 769 2439 quid
790 2388 831 2428 fit
852 2389 1084 2440 quaestionem
1107 2389 1268 2439 aliquam
1282 2403 1380 2429 exer-

338 2451 409 2477 cere
431 2442 469 2478 in
482 2443 563 2487 foro
589 2446 746 2478 Romano
773 2471 782 2486 ,
813 2453 891 2479 non
915 2441 1013 2478 redte
1038 2442 1137 2479 enim
1161 2440 1207 2478 ad
1228 2442 1378 2480 Praeto-

336 2501 418 2529 rem
443 2493 620 2529 urbanum
647 2491 817 2531 videntur
840 2493 931 2530 haec
953 2492 1077 2529 referri
1105 2492 1149 2528 ab
1169 2493 1377 2542 interprete.

341 2542 511 2580 CAsAuiz.
540 2542 612 2590 522211'
635 2542 765 2591 legi-'nu
789 2542 969 2593 quaerit.]
1002 2542 1113 2580 Haud
1137 2544 1237 2582 aliter
1267 2545 1375 2585 Palat.

337 2593 378 2632 δί
401 2592 493 2631 Edd.
516 2595 617 2631 Vett.
639 2606 770 2631 verum
797 2595 917 2632 Medii
943 2594 1050 2632 MSS.
1075 2595 1134 2644 qui
1157 2594 1221 2643 legi
1245 2595 1285 2632 de
1299 2610 1375 2634 mu-

337 2644 478 2682 neribus
508 2644 749 2695 praeposuerat
782 2646 886 2683 breve
916 2646 1067 2683 edurum
1093 2674 1103 2690 ‚
1139 2646 1377 2694 admonebat,

337 2693 643 2745 scribendumque
678 2697 914 2746 suspicabatur
940 2711 947 2734 z
977 2698 1037 2748 qui
1061 2696 1128 2744 lege
1153 2698 1193 2734 cle
1214 2700 1378 2736 muneri-

339 2744 402 2781 bus
436 2747 586 2795 quaerit.
626 2748 853 2797 Proposuerat
883 2760 950 2787 (fc.
992 2749 1025 2784 G
1041 2761 1064 2785 11
1082 2760 1105 2784 U
1122 2760 1228 2786 TER.
1283 2748 1375 2789 Illud

341 2798 478 2880 {Licuerit
512 2799 599 2835 milii
635 2798 841 2837 admodum
875 2798 1080 2848 suspeetum
1115 2798 1162 2837 est
1184 2801 1377 2840 hocloco,

362 2846 528 2891 ·quidein
552 2860 627 2885 non
651 2850 771 2887 nescio
794 2848 830 2885 τὶ
854 2863 1016 2899 quaerere
1039 2851 1257 2888 Praetorum
1280 2850 1373 2890 esse:

342 2896 431 2948 quid
457 2906 544 2934 vero
565 2898 623 2934 hic
646 2900 732 2937 velit
761 2900 889 2949 legibus
913 2901 1054 2951 quaerit
1086 2929 1095 2944 ,
1125 2909 1187 2938 aut
1210 2902 1299 2951 quid
1326 2903 1375 2941 fa-

343 2952 413 3001 ciat
443 2945 514 2998 lioe
537 2946 622 3000 loeo
640 2974 650 2989 ,
689 2960 765 2985 non
789 2951 946 2997 dispicio.
996 2953 1042 2988 Et
1064 2959 1156 3000 puto
1170 2953 1375 2993 >cohaerere

343 2994 403 3042 ista
419 3021 428 3036 ‚
457 3007 515 3048 ‘¹3⁴¹
538 2995 666 3041 legibus
691 3000 825 3044 quaerit
846 3002 1067 3048 proposuerat
1080 3002 1184 3040 breve
1196 3004 1373 3041 edii‘tum:

340 3044 582 3092 Propoiusrit
609 3072 618 3087 ,
658 3047 704 3081 ait
729 3073 738 3088 ‚
778 3048 939 3084 edictum
974 3051 1110 3096 iegibus
1135 3081 1144 3095 ,
1174 3053 1374 3090 secundum

338 3105 427 3147 quas
451 3092 608 3133 dic'turus
632 3095 684 3132 ius
709 3105 795 3135 erat.
828 3097 897 3135 Sed
920 3109 1014 3147 quae
1034 3100 1112 3139 illae
1135 3103 1234 3152 leges
1260 3103 1275 3142 ἓ
1303 3105 1377 3143 hoc

1414 2554 1417 2626 l

2359 584 2480 623 rum

1449 716 1544 744 vero
1565 709 1774 747 continetur
1796 716 1892 745 voce
1913 715 2082 757 corrupta
2107 707 2249 758 quaerit
2269 735 2280 752 ‚
2318 718 2387 757 pro
2411 718 2485 758 qua

1449 757 1539 805 quid
1560 757 1690 797 debeat
1713 757 1870 798 substitui
1895 786 1905 803 ‚
1938 759 2037 796 haud
2061 759 2233 808 equidem
2260 770 2359 797 nunc
2380 760 2486 797 inve-

1449 807 1526 844 nIo.
1582 808 1660 847 Nisi
1693 812 1772 859 quiS
1804 817 1908 858 putet
1937 807 2066 858 legibus
2099 809 2315 857 (Quiritium.
2369 810 2486 858 Quod

1450 862 1579 894 tamen
1603 859 1691 897 ideo
1714 860 1895 908 displicet,
1922 861 2006 908 quia
2030 861 2227 908 peculiares
2250 860 2354 899 fuiffe
2364 862 2486 909 leges,

1452 907 1585 954 quibus
1607 910 1821 947 vetabantur
1845 911 1993 947 vaenire
2013 911 2277 949 advocationes
2303 939 2314 956 ,
2343 924 2388 949 ex
2411 914 2508 960 epi-·

1447 956 1536 996 stola
1558 959 1733 1008 superiori
1755 958 1860 996 XIV.
1881 960 1988 996 11111115
2008 960 2087 998 libri
2119 963 2305 1000 novimus.
2343 963 2488 1001 Seni-:1:-

1448 1021 1538 1047 rztt.
1565 1010 1690 1048 Modii
1725 1009 1978 1049 conieauram
2003 1038 2014 1055 ,
2051 1022 2146 1059 quae
2167 1012 2298 1050 eadem
2324 1013 2372 1051 est
2397 1025 2483 1053 cum

1448 1059 1506 1098 illa
1542 1061 1749 1099 Casauboni
1774 1089 1784 1105 ,
1822 1059 1909 1097 vide
1942 1060 2108 1097 Novant.
2148 1062 2251 1100 Le&
2285 1063 2394 1112 Epist.
2421 1066 2486 1104 LI.

1449 1111 1512 1149 Ad
1536 1123 1618 1150 eam
1648 1113 1819 1150 collineat
1841 1110 2012 1160 scriptura
2034 1109 2139 1148 Voff.
2178 1118 2288 1160 Nepos
2317 1124 2458 1162 praetor
2473 1146 2484 1163 ,

1448 1162 1509 1211 qui
1534 1163 1612 1212 Legi
1635 1163 1675 1201 de
1698 1162 1900 1201 muneribus
1920 1163 2164 1212 praeposuerat
2188 1162 2291 1201 breve
2323 1165 2485 1207 edietum.

1450 1213 1520 1252 Sed
1544 1214 1756 1258 coniectura
1769 1213 2064 1252 doetiffimorum
2075 1214 2275 1251 hominum
2290 1225 2485 1265 propterea

1447 1264 1576 1303 Iocum
1609 1265 1744 1305 habere
1774 1266 1903 1315 nequit
1924 1293 1934 1309 ‚
1973 1265 2058 1312 quia
2092 1263 2216 1302 frustra
2241 1266 2329 1305 SCti
2352 1271 2487 1308 memi-

1451 1315 1556 1355 niffet
1585 1317 1736 1355 Praetor
1761 1344 1770 1360 ‚
1807 1315 1834 1352 fi
1863 1316 1930 1363 lege
1965 1316 2006 1353 de
2039 1315 2241 1354 muneribus
2285 1329 2488 1367 quaereret.

1452 1369 1582 1405 Nexus
1605 1368 1795 1406 Orationis
1819 1365 1974 1405 ostendit
1999 1396 2009 1412 ,
2050 1367 2191 1405 SCtum
2213 1368 2301 1407 illud
2334 1381 2488 1411 munera

1455 1418 1504 1456 ob
1525 1418 1814 1457 advocationem
1839 1416 2014 1463 distincte,
2024 1417 2246 1467 prohibuisse
2269 1448 2280 1464 ‚
2318 1421 2357 1458 δε
2377 1421 2489 1461 iufiu-

1454 1468 1611 1508 randum
1634 1467 1847 1519 postulasse:
1877 1468 1981 1518 quod
2005 1468 2030 1506 si
2051 1469 2140 1507 illud
2161 1472 2233 1509 iam
2247 1469 2315 1520 lege
2328 1472 2489 1521 quadam

1453 1521 1493 1561 de
1512 1521 1718 1559 muneribus
1743 1528 1892 1559 cautum
1919 1518 2063 1566 fuisset,
2092 1529 2154 1559 aut
2178 1525 2325 1560 Praetor
2337 1523 2489 1572 quidam

1453 1569 1618 1617 sedisset,
1647 1573 1709 1623 qui
1731 1571 1798 1608 hac
1824 1571 1892 1620 lege
1914 1583 2096 1620 quaereret
2111 1600 2122 1617 ,
2149 1572 2241 1611 istud
2265 1585 2380 1612 omne
2392 1576 2492 1623 otio-

1453 1622 1532 1660 sum
1567 1631 1652 1662 erat.
1707 1621 1833 1667 Gloffa
1860 1623 1984 1671 itaque
2013 1623 2061 1661 est
2091 1624 2178 1661 illud
2201 1625 2241 1662 de
2263 1625 2493 1674 muneribus,

1458 1675 1496 1713 δε
1528 1674 1743 1713 Praetorem
1779 1675 1840 1724 qui
1862 1673 1994 1722 legibus
2018 1674 2156 1724 quaerit
2179 1704 2188 1720 ‚
2217 1686 2316 1715 certe
2334 1688 2412 1714 non
2435 1690 2495 1716 ur-

1455 1725 1592 1763 banum
1618 1727 1819 1775 intelligere
1843 1724 2018 1764 debemus
2035 1755 2045 1770 ‚
2074 1724 2134 1764 sed
2158 1739 2242 1764 eum
2259 1756 2269 1772 ,
2299 1730 2362 1777 qui
2382 1740 2496 1777 quae-

1458 1775 1592 1814 stiones
1617 1786 1761 1816 exercet
1781 1807 1791 1820 ‚
1822 1788 1916 1826 quae
1939 1777 2011 1815 iam
2037 1776 2122 1815 inde
2143 1789 2164 1814 a
2185 1778 2266 1826 Iege
2286 1779 2424 1817 Pisonis
2450 1780 2497 1820 de
2568 1778 2574 1784 '

1458 1829 1668 1877 repetundis
1692 1821 1875 1877 'singulari
1912 1828 2075 1866 Praetori
2113 1827 2327 1866 commiffae
2367 1841 2470 1870 erant
2486 1861 2498 1878 ,

1458 1889 1527 1916 ceu
1545 1885 1644 1928 patet
1668 1893 1713 1918 ex
1739 1881 1858 1918 Cicer.
1882 1877 1982 1917 Brut.
2005 1891 2081 1928 cap.
2104 1879 2268 1916 XXVII.
2298 1880 2344 1918 Et
2366 1893 2499 1929 quarn-

1460 1941 1574 1981 quarn
1599 1932 1693 1969 Sulla
1726 1932 1844 1981 plures
1870 1929 2112 1978 Quaestiones
2137 1931 2331 1969 ordinarias
2355 1932 2498 1972 adiece-

1458 1991 1513 2019 rat
1526 1970 1550 2025 ς’
1566 1982 1672 2021 Plinii
1692 1991 1817 2021 tamen
1842 1990 1961 2021 aetate
1981 1993 2059 2019 non
2082 1989 2138 2020 tot
2161 1982 2349 2020 Praetores
2373 1993 2495 2030 erant,

1460 2040 1555 2082 quot
1589 2034 1817 2084 quaestiones
1846 2047 1854 2071 ε
1895 2034 1996 2071 cuius
2019 2034 2069 2071 rei
2092 2034 2183 2071 ratio
2205 2034 2243 2070 in
2265 2043 2416 2083 promtu
2439 2036 2495 2075 est.

1460 2085 1572 2124 Certe
1602 2084 1700 2135 apud
1736 2085 1913 2124 Nostrum
1947 2084 2088 2133 semper
2118 2085 2270 2122 Praetor
2289 2085 2347 2123 ille
2369 2084 2494 2136 legibus

1459 2148 1622 2183 quaerere
1636 2137 1765 2176 dicitur
1779 2164 1790 2181 ‚
1812 2139 1874 2187 qui
1888 2135 2016 2185 legibus
2030 2137 2069 2173 de
2079 2136 2277 2183 repetundis
2289 2137 2493 2185 cognoscit,

1460 2197 1536 2235 quo
1551 2188 1589 2224 &
1602 2189 1784 2235 pertinent
1795 2189 1893 2236 leges
1905 2187 1949 2223 de
1964 2186 2070 2224 donis
2089 2198 2139 2232 ac?
2155 2189 2380 2233 muneribus,
2394 2187 2488 2239 quod

1461 2238 1659 2285 cognoscas
1671 2250 1716 2276 ex
1732 2239 1812 2277 Lib.
1826 2239 1874 2275 11.
1890 2236 2000 2286 Epist.
2013 2237 2077 2274 XI.
2094 2238 2246 2276 LiblV.
2259 2239 2326 2288 Ep.
2343 2239 2402 2277 IX.
2411 2238 2488 2277 Lib.

1459 2287 1508 2324 V.
1532 2288 1641 2338 Epist.
1664 2289 1772 2326 XIV.
1797 2292 1835 2328 δε
1857 2289 1930 2327 aliis
1953 2288 2122 2337 pluribus.
2151 2291 2346 2339 Perper-am
2370 2291 2486 2337 itaque

1433 2338 1623 2379 .Medicei
1659 2342 1893 2390 aliorumque
1932 2340 2038 2378 MSS.
2075 2340 2186 2379 lectio
2210 2370 2220 2386 ‚
2267 2341 2326 2391 qui
2365 2339 2488 2390 legibus

1460 2392 1599 2437 quaerit
1626 2419 1636 2436 ,
1681 2391 1899 2430 sollicitatur.
1928 2390 2035 2429 Idem
2060 2390 2104 2429 de
2129 2392 2263 2430 Barthii
2286 2390 2490 2428 coniefiura

1461 2441 1604 2488 sentiO,
1633 2445 1697 2493 qui
1727 2442 1983 2493 adscripserat:
2020 2443 2081 2492 qui
2109 2443 2238 2492 legibus
2259 2442 2311 2478 uti
2341 2439 2485 2492 quaerit.

1459 2493 1710 2543 Praeposuerat
1734 2494 1781 2533 est
1803 2497 1912 2534 etiam
1937 2496 1973 2533 in
2017 2493 2232 2532 Oxonienfi.
2285 2485 2482 2526 Nobiscum

1461 2543 1547 2582 facit
1581 2546 1637 2585 Cl.
1669 2546 1866 2585 Brnmrner
1887 2546 1931 2583 ad
1955 2546 2001 2583 L.
2026 2545 2189 2582 Cinciam
2211 2550 2285 2585 cap.
2303 2534 2366 2571 VI·
2388 2544 2422 2570 Π.
2447 2535 2482 2572 6.

1457 2606 1492 2640 7.
1516 2595 1580 2633 nisi
1607 2596 1709 2646 quod
1731 2598 1760 2635 is
1782 2609 1827 2636 ex
1850 2596 1916 2636 Ed.
1942 2588 2320 2639 Romana.pr·.³efe1·at3
2350 2584 2480 2638 Caf‘ff‘l

1457 2645 1638 2685 dilationis
1679 2655 1788 2697 Nepos
1823 2658 1964 2698 praetor
2002 2642 2197 2693 designa-tus
2222 2662 2231 2677 ‚
2258 2646 2316 2690 φ’]
2354 2634 2481 2694 Ῑθὲξύῖίξ

1457 2699 1609 2745 quaerit.
1662 2699 1760 2737 Mox
1792 2707 1916 2736 tamen
1946 2692 2162 2742 membranis
2196 2683 2339 2740 Mpd11‚
2371 2686 2482 2734 L1Ps¹1

1455 2749 1494 2786 &
1514 2749 1644 2789 Polleti
1668 2748 1885 2788 coniecturis
1897 2752 2020 2782 motus
2032 2737 2217 2784 suspicatur
2231 2735 2480 2776 scribendum:

1456 2804 1565 2849 Nepos
1581 2829 1591 2845 ‚
1620 2807 1769 2838 Praetor
1793 2795 2010 2845 designatus,
2037 2787 2095 2834 qui
2121 2785 2187 2845 lege
2209 2786 2258 2841 de⁹
2281 2786 2482 2827 muneribus

1456 2852 1608 2900 quaerit.
1628 2850 1730 2900 quod
1749 2856 1874 2890 tamer}
1896 2841 2068 2888 Optimus
2092 2836 2172 2873 MS.
2197 2839 2343 2880 refutat.
2386 2838 2484 2878 lnte-

1457 2901 1526 2938 rim
1561 2902 1660 2951 plura
1692 2899 1738 2936 ad
1769 2893 2037 2933 illustrationem
2068 2887 2174 2925 huius
2208 2887 2388 2937 Epistolae
2412 2890 2484 2930 illic

1456 2951 1578 2998 legere
1602 2949 1746 2996 poteris.
1875 2991 1879 2997 .
2126 2992 2131 2997 .
2359 2993 2365 2998 ·

1505 3011 1523 3047 3
1555 2993 1770 3042 Edir‘hsm]
1812 2992 1937 3028 qu‘ia
1970 2991 2149 3028 Praetoris
2184 2991 2286 3034 sunt,
2316 2992 2486 3032 Dictatoa'

1452 3059 1534 3084 rum
1557 3049 1666 3085 etiam
1691 3046 2036 3091 imperatorumque
2061 3070 2071 3085 ,
2112 3041 2262 3080 auctore
2296 3043 2481 3093 Dionyfio

1452 3100 1490 3140 in
1526 3096 1592 3137 suis
1630 3094 1902 3146 antiquitatibus
1925 3121 1935 3140 ‚
1967 3096 2005 3133 5<
2043 3092 2262 3144 Lampridio
2300 3093 2483 3186 liigffiico.

2406 3156 2485 3188 laec
