2616 3686
305 193 368 239 68
519 174 2188 235 GPLI'NIICAECILIISECUNDI

221 286 250 320 2
305 264 500 323 Refert
529 276 735 323 tamen,
777 280 791 300 ¹
816 272 1074 320 eventura
1099 258 1287 320 soleaS,
1324 275 1389 311 an
1415 254 1680 309 contraria
1703 254 1980 311 somniare.
2056 257 2199 313 Mihi
2225 266 2392 331 repta:

309 338 444 392 tanti
470 336 736 389 somnium>
763 348 942 388 meum
962 367 975 391 ‚
1012 330 1149 384 istud
1177 329 1326 401 quod
1362 331 1518 382 times
1546 341 1632 388 tu,
1671 327 1946 396 egregiam
1967 328 2230 385 afiionem
2257 349 2381 402 por-

223 425 245 476 3
309 408 535 465 tendere
562 407 789 461 videtur.
866 405 1209 473 Susceperam
1233 401 1440 456 causam
1466 399 1624 469 ²Julii
1650 397 1874 452 Pastoris
1905 415 2030 453 cum
2067 402 2194 456 mihi
2231 407 2382 474 quie-

304 481 467 536 scenti
499 479 601 534 visa
628 477 704 533 est
730 497 744 523 ε
769 481 945 531 socrus
971 492 1089 529 mea
1124 473 1374 526 advoluta
1401 473 1621 541 genibus
1638 510 1661 534 ‚.
1692 486 2001 541 ne-agerem
2031 507 2046 532 ,
2090 473 2382 533 obsecrare.

301 554 373 610 Et
389 569 531 608 eram
559 551 766 605 aelurus
791 568 809 592 ⁴
831 543 1473 602 adolescentuluszadhuc
1501 559 1647 596 eram
1672 541 1684 566 ⁵
1711 543 1766 596 in
1791 541 2127 614 quadruplici
2153 543 2380 607 iudicio:

305 642 451 680 eram
493 637 680 678 contra
713 617 1107 692 potentiffimos
1143 617 1372 671 civitatis
1400 653 1417 678 ,
1467 628 1630 686 atque
1667 616 1829 669 etiam
1867 613 2102 669 Caesaris
2151 618 2384 686 amicos,

308 714 445 769 quae
471 696 664 766 singula
689 706 946 747 excutere
973 703 1215 744 mentem
1242 687 1374 743 mihi
1398 687 1514 760 post
1539 702 1646 742 tam
1669 684 1814 743 triste
1842 686 2106 744 somnium
2121 703 2394 764 poterant,

219 793 252 841 4
313 770 415 842 Egi
442 783 618 824 tamen
643 765 662 788 ⁶
686 765 1020 836 >leym-almis&
1043 761 1204 827 illud,
1239 770 1242 772 ’

606 933 625 986 ἶ
662 926 735 988 Εἷς
758 925 895 987 οἶωνός
919 924 1100 996 ἔρις-ὣν
1132 922 1398 993 οἰμῦνοισθοιι
1427 922 1524 993 περὶ
1549 922 1744 994 πάτρης.

2255 1001 2396 1060 Nam

306 1146 519 1197 generaliter
540 1142 689 1193 quaevis
710 1141 852 1180 somnia
866 1170 876 1188 ,
903 1141 964 1179 vel
985 1140 1167 1190 quaedam
1179 1145 1325 1177 tantum
1362 1137 1425 1176 libi
1444 1138 1505 1175 hic
1526 1136 1630 1175 locus
1644 1130 1867 1180 deciaratur3
1895 1135 2035 1185 quad'ru
2058 1137 2110 1175 lici
2119 1138 2134 1182 ’,
2164 1138 2305 1186 inquit,
2328 1140 2393 1186 ju-

305 1198 349 1235 ab
374 1197 470 1243 Jove
497 1194 566 1233 effe
583 1222 592 1238 ,
619 1194 721 1231 illum
746 1193 866 1231 dicere
890 1191 1182 1231 existimabimus.
1232 1191 1328 1238 Qui—
1367 1188 1448 1226 dicio
1471 1188 1562 1225 bona
1581 1197 1732 1238 paterna
1755 1185 1937 1238 repetebat.
1967 1187 2012 1226 Se
2040 1189 2294 1237 ebantjulices
2305 1200 2399 1236 cen-‚

305 1247 392 1285 dam
415 1248 787 1296 interpretanturHoc
810 1243 1002 1281 somnium.
1032 1243 1227 1279 Surum.
1369 1248 1449 1277 tum
1474 1241 1512 1277 &
1545 1239 1735 1286 oei-aginta
1760 1266 1770 1282 ‚
1798 1246 1856 1275 tot
1893 1238 1994 1275 enim
2033 1249 2191 1289 quatuor
2241 1239 2395 1282 consiliis

361 1311 374 1335 1
410 1294 639 1343 Eventura.]
669 1295 768 1331 Vera
790 1293 930 1331 somnia
945 1322 955 1338 ‚
983 1304 1078 1343 quae
1100 1303 1120 1328 a
1143 1293 1238 1338 Jove
1252 1291 1329 1329 fieri
1373 1290 1653 1328 conscribuntur.
1708 1289 1808 1326 Nam
1831 1289 1876 1327 de
1898 1299 1970 1325 una
1995 1300 2032 1326 re
2054 1290 2191 1329 basilica
2212 1289 2305 1335 Julia
2328 1291 2393 1330 fier

308 1347 530 1391 creduntur,
557 1344 622 1382 test
632 1363 643 1382 ;
671 1345 798 1382 Servio
824 1345 903 1382 Lib.
927 1344 995 1381 VI.
1018 1342 1328 1381 AEneidAE‘lacro-
1372 1341 1457 1379 bant
1479 1348 1637 1390 quatuor
1657 1338 1791 1388 judicia
1803 1339 1901 1388 apud
1911 1338 2068 1377 totidem
2083 1340 2278 1380 tribunalia.
2307 1341 2395 1382 V-id.

308 1396 385 1436 bius
406 1398 527 1443 ’ὄνειρον
548 1397 633 1434 dicit
656 1424 666 1440 ,
695 1393 797 1443 quod
819 1396 909 1443 tegit
931 1393 1052 1443 figuris
1076 1396 1115 1432 δε
1137 1394 1237 1431 velut
1250 1405 1329 1431 am-
1370 1393 1409 1429 &
1431 1391 1511 1429 Lib.
1536 1391 1601 1427 IV.
1625 1389 1691 1438 Ep.
1714 1402 1770 1437 24.
1791 1390 1890 1429 unde
1913 1388 2042 1428 Fabius
2066 1391 2236 1428 Trachali
2270 1399 2395 1431 orato-

306 1446 462 1496 bagibus.
492 1449 524 1485 C
539 1460 560 1483 A
577 1459 599 1482 T
615 1458 636 1482 A
652 1458 686 1482 N.
736 1444 886 1482 Facinus
909 1445 1009 1483 vides
1032 1446 1069 1483 in
1089 1446 1159 1482 hac
1180 1453 1266 1482 nota
1289 1446 1330 1482 il·
1370 1443 1413 1480 ris
1438 1453 1574 1480 vocem
1596 1440 1862 1479 commendans
1884 1440 1967 1478 XII.
1992 1440 2071 1479 Lib.
2096 1453 2171 1491 cap.
2185 1443 2231 1479 V.
2261 1447 2364 1481 Certe
2379 1473 2390 1489 ,

307 1498 397 1543 lius,
428 1500 490 1548 qui
505 1497 704 1541 Catanaei,
731 1497 825 1533 inter
837 1496 1037 1534 Variorum
1049 1493 1330 1538 adnotationes,
1373 1492 1488 1531 scribit
1513 1521 1523 1537 ‚
1549 1503 1626 1529 cum
1659 1491 1696 1529 in
1729 1491 1868 1543 bafilt'ca
1899 1491 2004 1537 Julia
2039 1492 2161 1530 diceret
2195 1491 2392 1532 Trachalus

306 1550 479 1598 vulgavit.
509 1548 580 1586 Sed
613 1558 734 1596 neque
769 1547 975 1584 Catanaeus
995 1575 1006 1591 ‚
1047 1544 1332 1584 siCommenta-
1369 1543 1481 1592 primo
1505 1541 1703 1580 tribunali.-
1734 1553 1886 1591 quatuor
1908 1554 2027 1579 autem
2044 1543 2208 1591 judicia,
2235 1553 2277 1579 ut
2315 1557 2389 1581 mo-

308 1600 404 1637 rium
438 1601 513 1637 eius
548 1597 707 1646 inspicias
733 1626 743 1643 ,
782 1596 937 1636 dilucide
971 1597 1186 1635 sententiam
1231 1595 1331 1634 suam
1374 1593 1420 1630 ris
1443 1592 1511 1640 est,
1538 1603 1857 1648 cogerentuch-Jc.
1885 1592 1995 1628 Dicta
2017 1593 2096 1630 sunt
2119 1595 2394 1633 centumviralia

306 1649 505 1699 proposuit.
559 1650 648 1686 Hoc
666 1649 744 1686 vult
764 1648 909 1686 Plinius.
962 1649 1054 1686 Duo
1078 1646 1148 1686 effe
1170 1646 1334 1686 somnio·
1372 1644 1508 1693 judicia
1539 1655 1559 1681 a
1593 1650 1829 1681 centumviris
1862 1641 2062 1681 secundum
2085 1641 2239 1681 Festum.
2293 1644 2393 1683 Nam

309 1711 393 1737 rum
417 1711 549 1749 genera
565 1729 575 1745 ,
602 1700 756 1739 alterum
773 1726 786 1743 ,
811 1710 887 1748 quo
910 1710 964 1736 res
987 1701 1035 1736 ita
1058 1698 1267 1746 finguntur,
1295 1707 1335 1737 ut

309 1751 391 1789 sunt
425 1760 600 1788 eventura
625 1779 636 1795 ‚
673 1761 707 1787 v.
743 1761 776 1799 g.
809 1749 940 1787 videor
960 1751 1052 1788 milri
1072 1761 1137 1799 per
1160 1750 1332 1786 somnum

309 1800 558 1849 magistratum
581 1800 723 1850 adipisci
747 1829 758 1845 ‚
795 1800 908 1850 idque
930 1811 1056 1838 revera
1079 1799 1210 1837 deinde
1244 1800 1335 1838 mihi

312 1854 460 1896 evenit3
490 1854 644 1891 alterum
659 1880 669 1896 ,
698 1863 775 1901 quo
799 1852 978 1889 contraria
999 1851 1086 1896 illis,
1114 1862 1208 1900 quae
1223 1861 1335 1888 even-

310 1909 390 1939 tura
413 1903 492 1940 sunt
507 1932 516 1948 ,
543 1914 607 1952 pet
630 1903 795 1952 quietem
818 1901 993 1950 adparent
1015 1930 1025 1946 ‚
1064 1913 1097 1939 v.
1119 1912 1151 1950 g.
1185 1902 1334 1949 iugulari

311 1954 403 1992 mihi
425 1953 554 1992 videor
570 1982 580 1999 ‚
609 1955 647 1992 ὃς
671 1962 797 1992 contra
818 1952 961 1989 bonum
983 1952 1134 2003 aliquod
1157 1952 1245 1990 mihi
1270 1954 1335 1995 ob-

311 2005 422 2042 venit.
479 2005 584 2042 I-laec
606 2015 738 2052 genera
762 2002 1008 2051 distinguenda
1033 2005 1166 2054 cuique
1180 2002 1250 2041 esse
1262 2004 1334 2047 ait,

313 2057 352 2092 ὃς
374 2055 618 2103 antiquissima
642 2055 686 2092 de
709 2054 858 2092 somniis
883 2053 1086 2093 observatio
1101 2053 1149 2092 est
1173 2083 1184 2099 ‚
1221 2065 1334 2104 quam

310 2113 351 2142 ut
373 2105 528 2154 adplicet
550 2106 808 2155 Tranquillus,
836 2112 967 2141 monet
987 2106 1130 2143 Plinius.
1159 2104 1336 2154 Apuleius

315 2156 397 2193 Lib.
423 2156 487 2194 IV.
512 2156 667 2193 Metam.
700 2167 778 2204 pag.
816 2167 893 2202 155.
950 2161 1050 2191 Nam
1077 2164 1218 2204 praeter
1245 2158 1337 2205 quod

314 2206 461 2245 diurnae
482 2207 599 2256 quietis
622 2206 788 2255 imagines
802 2205 923 2255 fizlsae
952 2205 1177 2254 perhibentur
1208 2234 1219 2250 ‚
1257 2217 1335 2243 tum

313 2257 422 2294 etiam
448 2261 638 2294 nocturnae
660 2256 804 2306 tht'ones
828 2257 1029 2294 contrarios
1063 2265 1216 2294 eventus
1249 2270 1336 2294 non-

315 2321 514 2358 numquam
535 2308 804 2358 praenunciant.
858 2306 1015 2356 Denique
1029 2306 1114 2357 flere
1146 2317 1193 2347 (7*
1223 2317 1337 2358 vapu-

316 2358 416 2402 lare,
443 2370 487 2398 (9⁴
520 2372 790 2408 nonnumquam
821 2357 974 2407 iugulari
1006 2357 1177 2407 lucrosum
1206 2360 1338 2408 prospe-

315 2422 464 2458 rumque
491 2420 706 2460 proventum
740 2409 935 2451 nunciant,
964 2416 1031 2446 cet.

312 2459 362 2498 ibi
383 2460 573 2498 adnotavit
593 2460 890 2499 Elmenhorstius.
919 2459 1072 2498 Com.

368 2522 387 2546 2
417 2511 512 2555 Juln·
546 2511 728 2559 pastoris]
781 2511 824 2548 In
856 2512 931 2559 ejus
965 2510 1162 2559 conspeetu
1195 2511 1339 2556 testatur

318 2562 455 2599 Scn3ca
470 2590 479 2605 ,
510 2563 551 2598 C.
578 2561 770 2600 Caesarem
793 2561 907 2600 filium
932 2562 1008 2599 eius
1022 2560 1189 2600 occidisse
1204 2591 1214 2607 ‚
1240 2564 1337 2612 apud

317 2623 431 2660 quem
480 2614 589 2650 etiam
620 2611 667 2648 *fit
705 2615 847 2650 mentio
889 2610 1057 2657 pastms,
1086 2613 1337 2652 declamatoris.

319 2662 552 2701 Crediderim·
564 2663 764 2700 Caecilium
779 2661 916 2700 scnslffe
930 2662 1113 2700 Pastorem
1130 2692 1141 2707 ‚
1167 2664 1212 2701 ad
1225 2675 1338 2714 quem

1089 2410 1190 2456 Lege
1205 2437 1215 2454 ,
1244 2422 1338 2460 quae

1377 1698 1479 1733 cum'
1497 1693 1610 1735 essent
1641 1695 1788 1732 Romae
1821 1692 1978 1731 XXXV'.
2031 1692 2167 1733 Tribus
2191 1722 2209 1739 ,.
2227 1695 2322 1732 terni
2348 1707 2395 1733 ex

1378 1744 1520 1794 singulis
1553 1744 1712 1784 tribubus
1746 1745 1825 1783 sunt
1859 1744 1964 1783 elee'ti
1990 1773 2000 1789 ‚
2039 1746 2077 1782 ἃ
2109 1746 2193 1784 licet
2231 1745 2397 1796 quinque

1378 1798 1531 1846 amplius
1556 1796 1713 1840 fuerint,
1739 1803 1865 1834 tamen
1888 1806 1966 1845 quo
1991 1794 2126 1834 facilius
2159 1796 2396 1834 nominaren-

1377 1855 1456 1893 tur,
1487 1848 1705 1885 ceutumvin‘
1726 1847 1806 1884 sunt
1828 1846 1995 1895 appellati
2019 1860 2027 1884 :
2056 1845 2142 1884 dein
2172 1845 2396 1896 procedente

1377 1906 1548 1949 tempore
1571 1898 1666 1938 aucti
1688 1896 1801 1948 usque
1823 1898 1869 1935 ad
1893 1905 2043 1936 centum
2067 1896 2255 1945 ostoginta
2280 1924 2290 1941 ,
2328 1896 2398 1935 ser—

1380 1957 1462 1987 vata
1485 1948 1625 1998 semper
1655 1950 1767 1999 priori
1799 1948 2052 1998 appellatione.
2105 1948 2242 1986 Postea.
2265 1959 2285 1984 a
2321 1948 2399 1986 Vc-

1381 1999 1540 2048 spasiano
1564 2000 1692 2046 elce'ti,
1721 2002 1784 2050 qui
1791 1999 1928 2049 judicia
1941 1999 2215 2036 centumviralia
2230 2026 2239 2041 ,
2268 1998 2397 2048 quibus

1380 2050 1592 2101 peragendis
1615 2052 1677 2089 vix
1700 2050 1891 2090 suffectura
1912 2050 2135 2098 litigatorum
2168 2057 2264 2086 aetas
2296 2047 2402 2088 vide-v

1377 2102 1503 2147 batur,
1534 2110 1632 2140 extra
1666 2101 1835 2139 ordinem
1868 2100 2106 2149 dijudicarent
2129 2128 2139 2143 ‚
2177 2099 2398 2146 redigerent-

1379 2164 1452 2201 que
1474 2153 1520 2190 ad
1541 2153 1791 2191 brevissimum
1814 2161 2022 2189 numerum.
2077 2149 2239 2188 Fuerunt
2260 2149 2398 2188 institu-

1379 2210 1437 2240 tae
1459 2203 1739 2241 centumvitales
1764 2202 1887 2239 causae
1909 2213 1928 2238 a
1954 2202 2040 2239 Cor.
2080 2201 2174 2251 Sylla
2189 2230 2198 2245 ‚
2229 2200 2400 2240 Carbone

1378 2262 1524 2292 oratore
1546 2261 1677 2301 agente
1698 2252 1903 2291 admodum
1922 2253 2061 2301 juvene
2086 2280 2096 2295 ‚
2122 2252 2289 2290 austeres
2320 2251 2399 2290 sunt

1383 2303 1439 2341 M.
1466 2305 1515 2342 T.
1540 2306 1578 2344 ὃς
1599 2304 1840 2354 Pomponius.
1870 2304 1925 2341 11>
1942 2316 1961 2340 ε
1978 2317 2016 2340 M.
2055 2303 2154 2341 Vide
2178 2303 2224 2352 pl.
2250 2302 2396 2346 Turne-

1380 2355 1469 2392 bum
1496 2356 1576 2393 Lib.
1601 2355 1668 2392 IV.
1691 2354 1826 2392 advers.
1850 2366 1878 2391 c.
1904 2366 1936 2404 3.
1960 2352 2170 2392 Rucuma.
2388 2349 2401 2361 “

1430 2406 1452 2442 6
1478 2404 1768 2454 Λογισάμενος.]
1811 2404 2062 2443 Considerans.
2097 2413 2275 2454 reputans.
2311 2403 2394 2447 ‚CA-

1384 2469 1406 2493 τ
1423 2469 1445 2492 A
1458 2459 1538 2496 N.&
1566 2458 1587 2495 S
1604 2471 1626 2495 T
1641 2470 1661 2494 E
1676 2470 1696 2493 1>
1710 2468 1746 2493 rr.
1775 2457 1857 2494 Sine
1884 2456 2090 2494 necessitate
2118 2457 2261 2494 Graeco
2283 2453 2392 2489 verbo

1380 2507 1439 2545 hic
1461 2509 1566 2546 usum
1592 2507 1661 2546 effe
1681 2508 1839 2546 Plinium
1855 2537 1865 2553 ,
1893 2508 2056 2556 plerique
2089 2507 2296 2544 arbitrantur
2317 2529 2328 2545 ‚
2354 2503 2393 2538 &

1382 2561 1515 2598 mulius
1537 2561 1575 2597 in
1597 2571 1644 2596 eo
1668 2558 1715 2597 cst
1742 2559 1968 2605 Stephanus,
1996 2566 2035 2594 ut
2069 2555 2210 2594 excuset
2232 2581 2243 2596 ,
2280 2561 2391 2599 quem

1383 2609 1466 2647 vide
1490 2612 1526 2648 in
1547 2609 1702 2647 Praesat.
1723 2608 1769 2646 ad
1790 2609 1960 2647 Plinium.
2012 2609 2107 2645 Puto
2128 2614 2204 2640 non
2227 2598 2295 2639 esse
2321 2599 2393 2637 La-

1382 2660 1501 2697 tinum
1524 2661 1703 2704 verbum,
1731 2659 1834 2709 quod
1858 2660 2040 2697 Graecum
2062 2652 2147 2695 illud
2160 2650 2317 2701 perfecie
2330 2662 2393 2688 ex-

320 2713 400 2750 Lib.
436 2713 499 2750 IX.
533 2713 663 2761 scripsit
696 2714 802 2751 Mart.
860 2715 902 2751 In
935 2708 1146 2761 quibusdam
1182 2717 1338 2764 exempl.
1379 2711 1535 2757 p1·imat;
1564 2720 1599 2749 at
1621 2710 1797 2760 posterior
1819 2718 1915 2748 aetas
1945 2719 2022 2746 non
2053 2703 2227 2761 dubitavit
2260 2701 2395 2759 ratioci-

320 2774 396 2799 non
421 2764 514 2808 Julii'
537 2764 596 2802 sed
619 2765 725 2811 Junii
746 2765 882 2813 legitur.
927 2764 1080 2801 CATAN.
1116 2766 1217 2804 Prius
1244 2766 1342 2805 haud
1383 2774 1475 2799 nans
1498 2774 1544 2800 CO
1567 2762 1666 2800 sensu
1689 2761 1832 2805 dicere,
1885 2767 2080 2806 Umquam
2113 2750 2149 2792 ld
2182 2751 2302 2800 palmo
2335 2753 2397 2790 ah-

322 2813 420 2850 a‘ssiter
442 2816 510 2851 Pal.
535 2815 662 2853 noster.
698 2817 936 2853 GRU'J'ERUS.
978 2815 1140 2853 Riccard.
1174 2816 1341 2867 Bongars.
1384 2819 1437 2849 ter
1460 2813 1549 2851 olim
1573 2813 1804 2867 acciperem?-
2265 2852 2270 2859 ,

1328 2877 1331 2880 ’
1387 2875 1465 2913 113.
1518 2864 1580 2900 His
1601 2877 1656 2912 ego
1678 2862 1807 2898 auditu
1829 2871 1935 2895 mores
1957 2866 2063 2904 atque
2081 2851 2332 2912 parsimoniam
2348 2864 2399 2890 ra-

1315 2934 1320 2939 ·
1383 2915 1560 2953 tiocinans
1574 2911 1714 2949 Milonis
1727 2937 1738 2955 ,
1764 2908 1882 2946 volens
1909 2920 1947 2943 ue
1958 2918 2012 2942 me
2023 2917 2136 2943 artius
2155 2919 2181 2941 ci
2202 2904 2376 2940 concdmre
2391 2931 2404 2948 ,

373 2974 396 3007 4
426 2965 710 3010 Adolescenmlus
743 2966 896 3014 adhue]
939 2969 1050 3004 Nam.
1085 2967 1185 3006 XXI.
1220 2970 1344 3006 aetatis
1390 2963 1511 3006 Nihil,
1537 2963 1708 3010 inquam,
1731 2971 1847 2996 rerum
1859 2920 1906 2999 il?

325 2864 363 2898 ἃ
389 2863 582 2904 Helinilid.
613 2867 717 2908 Jmn}
744 2867 910 2913 Ραβονὲςς
944 2867 1054 2904 Arnz.
1080 2866 1179 2904 Ninii
1203 2873 1240 2904 P.

373 2923 391 2960 3
422 2916 574 2960 sacrm]
604 2917 781 2964 Psvmpcja
806 2918 982 2955 Celerina.
1011 2917 1164 2955 Cum.

325 3024 423 3051 anno
446 3014 563 3051 dicer:
587 3017 621 3051 in
648 3014 730 3050 soro
754 3019 883 3062 coepit.
914 3016 1027 3053 loram.

1898 2807 2031 2857 puleius
2067 2804 2094 2841 I.
2129 2802 2284 2841 Metam.
2317 2814 2397 2852 pag.

1900 2969 2003 2993 arum
2017 2955 2218 3005 indigemus.
2249 2954 2404 2992 Come.

1440 3024 1457 3057 7
1489 3008 1553 3053 Εἷς
1571 3011 1705 3051 οἷωνῦς,
1735 3006 1834 3056 &c.]
1865 3011 1980 3043 Unum
2003 3007 2189 3056 augurium
2214 3004 2380 3054 optimum
2396 3031 2408 3048 ,

378 3077 396 3112 5
428 3070 469 3101 1η
491 3064 705 3114 quadruplici
719 3064 884 3115 judicia]
917 3064 958 3102 ln
990 3069 1252 3109 centumvirali,
1291 3068 1344 3106 Α-
1384 3072 1541 3112 pugnare
1578 3068 1640 3110 pro
1666 3058 1797 3110 patria.
1852 3058 2035 3097 Sententia
2067 3056 2215 3108 simplex
2239 3083 2250 3101 ‚
2300 3065 2411 3106 quain

2310 3104 2422 3154 APht·
