2616 3686
599 194 954 252 LIBER
1015 191 1082 251 X.
1147 192 1722 246 EPISTOLA
1790 196 1985 255 xxvn

2221 227 2324 284 737

178 286 320 348 bito,
360 291 409 336 te·
431 318 449 346 ‚
487 288 548 334 ut
579 279 802 353 primum
831 277 1052 351 potueris
1074 314 1091 336 ,
1142 272 1158 304 ⁸
1188 271 1257 326 ad
1291 284 1398 325 tam
1430 271 1717 340 distratum
1737 273 1953 345 officmm
1975 285 2316 354 reversurum,

181 365 423 418 Statuam
441 357 555 430 poni
580 357 705 407 mihi
727 370 758 405 a
783 363 831 405 te
854 359 874 383 ²
895 369 971 415 ev,
1015 365 1111 421 quo
1135 344 1409 430 defideras,
1451 345 1550 427 loco
1573 353 1615 408 ³,
1642 365 1951 422 quamquam
1970 357 2208 427 ‘jusmodi
2228 364 2316 418 ho-

178 449 356 489 norum
378 428 715 505 parczſjimus,
741 439 907 482 tamen
925 428 1123 501 patior,
1162 440 1226 478 ne
1249 421 1496 497 ampedtffe
1519 421 1722 496 cursum
1747 441 1868 498 erga
1887 445 1963 483 me
1974 433 2179 502 pietatis
2198 449 2316 494 tuae

177 507 379 563 videar.

396 653 611 712 XXVI.
685 652 840 710 XVI.
916 650 983 706 C.
1059 650 1500 705 PL1N1us
1578 647 2085 723 TRAJANO.

814 776 903 831 De
929 778 1120 830 itinere
1144 774 1240 829 suo
1263 775 1315 828 in
1345 773 1671 847 Bithyniam.

172 906 402 964 szciat
433 904 484 976 se
513 900 698 975 venzffe
739 901 1025 976 Ephesum,
1078 899 1329 973 reliquum
1364 900 1563 951 ittneris
1596 901 1649 951 in
1686 899 1981 975 Bithyniam
1989 904 2301 973 faHurum,

787 981 980 1050 partim
1001 979 1157 1038 navi,
1194 977 1385 1048 partim
1411 972 1675 1030 vehiculis.

327 1222 410 1258 me
436 1201 709 1275 Ephesum
734 1219 859 1256 cum
898 1201 1146 1257 omnibus
1176 1202 1307 1257 meis
1342 1208 1362 1239 ⁴
1383 1205 1476 1264 ὑπὲρ
1505 1208 1675 1252 Μαλέαν
1703 1201 1966 1273 navigasse
1993 1221 2005 1256 :
2057 1209 2299 1276 quamvis

173 1126 375 1288 QU
393 1148 455 1183 IA
499 1125 753 1194 confidO,
791 1125 1033 1181 Domine
1060 1165 1076 1189 ‚
1115 1126 1184 1180 ad
1210 1141 1394 1180 curam
1422 1136 1570 1178 tuam
1595 1128 1896 1196 pertinere,
1937 1130 2139 1183 nuncio
2166 1129 2294 1194 tibi,

220 1448 254 1477 r.
280 1438 346 1476 Ad
363 1447 440 1475 tam
459 1434 650 1483 distriaum
671 1434 857 1483 officium]
891 1433 1070 1473 Videlicet
1098 1441 1201 1481 prae-

165 1488 328 1527 feeuxae
347 1488 468 1526 aerarii
488 1514 499 1531 ,
526 1497 546 1522 a
567 1497 645 1534 quo
661 1488 791 1524 diutius
811 1483 927 1523 abeffe
949 1497 1027 1523 non
1050 1484 1114 1523 erit
1135 1485 1197 1522 nbi

163 1540 358 1588 integrum.
388 1539 420 1575 R
433 1551 446 1574 1
459 1546 487 1574 ‘r
501 1549 522 1573 τ
537 1548 557 1572 ε
570 1548 594 1573 R
609 1550 624 1571 s
635 1547 661 1572 H
675 1548 699 1573 υ
713 1550 744 1573 s.

219 1601 252 1626 2.
281 1595 329 1627 Eo
344 1617 355 1634 ,
380 1587 482 1638 quod
501 1586 669 1631 defideras
683 1615 692 1631 ,
705 1585 811 1636 loca]
843 1585 899 1623 Sic
910 1584 1195 1624 Hackiana-curn

167 1641 279 1678 Aldo.
330 1639 400 1677 Sed
435 1638 692 1676 scribendum:
727 1651 790 1688 quo
817 1635 984 1686 desideras
1008 1664 1019 1682 ,
1046 1646 1086 1675 ut
1118 1639 1194 1686 jam

166 1690 352 1740 Gryphius
372 1690 503 1738 aliique
527 1688 726 1727 ediderunt.

219 1752 252 1791 3.
285 1742 522 1797 Qamquam
551 1739 716 1787 ejusmodi
744 1739 908 1777 honorum
932 1736 1192 1789 parcissimus]

166 1791 319 1829 Cauiam
341 1793 452 1841 aperit
475 1789 597 1829 noster
608 1793 727 1838 paneg
752 1793 798 1828 ad
809 1791 1009 1840 Trajanum
1020 1799 1094 1837 cap.
1107 1790 1190 1825 LV.

166 1841 220 1880 his
243 1845 357 1880 verbis
378 1855 387 1881 z
425 1847 484 1879 Ac
505 1842 591 1880 mihi
611 1841 761 1880 intuenti
773 1842 982 1891 sapientiam
1005 1852 1106 1877 tuam
1127 1841 1191 1877 mi-

168 1905 234 1929 nus
254 1894 383 1930 mirum
401 1893 543 1930 videtur
565 1920 577 1938 ‚
604 1892 694 1942 quod
714 1893 874 1930 mortales
892 1892 966 1938 istos
985 1891 1193 1941 caducosque

167 1943 288 1981 titulos
306 1954 370 1980 aut
389 1943 567 1992 depreceris
589 1970 600 1985 ,
635 1953 699 1980 aut
716 1952 882 1993 temperes.
938 1943 1005 1980 Scis
1022 1942 1114 1980 em'm
1133 1943 1192 1979 ubi

167 2005 255 2031 vera
272 1993 429 2043 principis
449 2021 460 2037 ,
492 1992 551 2030 ubl
578 1993 781 2041 sempiterna
798 1995 849 2047 fit
872 1993 983 2043 gloria
1006 2009 1018 2029 :
1045 1993 1103 2029 ubi
1114 1994 1190 2046 fint

166 2044 304 2082 honores
317 2072 327 2088 ,
353 2046 390 2082 in
408 2056 488 2094 quos
507 2042 593 2081 m'hit
605 2043 788 2092 flammis,
801 2043 888 2081 nihil
900 2044 1191 2092 seneC'lutimihil

155 2094 391 2144 succefforibus
410 2095 508 2132 liceat
527 2122 538 2139 ‚
576 2099 614 2131 ὅ(
637 2106 730 2144 quae
748 2095 945 2145 sequuntur
965 2095 1014 2132 ibi
1030 2095 1094 2132 alia
1117 2095 1189 2133 huc

163 2149 386 2194 pertinentia.
437 2144 535 2182 Cum
556 2145 638 2183 dicit
658 2174 667 2188 ,
705 2156 770 2183 aut
789 2156 973 2195 temperes;
1013 2155 1098 2182 cum
1127 2146 1187 2185 illo

165 2197 333 2244 congruit
347 2224 357 2239 ‚
376 2196 478 2244 quod
498 2197 555 2234 hic
568 2195 798 2245 parciffimum
819 2195 919 2235 fuiffe
936 2196 1060 2234 scribit.
1088 2197 1184 2235 Nam

161 2249 356 2296 utrobique
376 2245 545 2294 fignificat
558 2273 568 2288 ‚
604 2257 682 2283 non
700 2247 848 2295 quidem
869 2245 1038 2286 recusasse
1058 2247 1185 2298 Traja-

164 2309 255 2335 num
277 2299 437 2335 honores
458 2296 686 2345 penitus‚sed
707 2296 883 2335 admififfe
905 2309 1031 2345 parce,
1044 2300 1183 2337 &tem-

162 2347 317 2398 peraffe‚
343 2349 416 2385 hoc
435 2347 487 2385 est
507 2374 516 2390 ,
544 2346 590 2384 ad
611 2346 764 2384 modum
790 2348 972 2396 quendam
991 2348 1187 2397 redegisse,

167 2409 213 2437 ue
231 2400 333 2437 nimii
350 2397 567 2436 viderentur.
620 2403 719 2434 Nam
738 2399 888 2448 recusare
908 2411 1039 2440 omnes,
1069 2407 1108 2436 ut
1124 2401 1185 2439 ibi.

166 2449 252 2489 dem
274 2449 403 2487 Noster
420 2448 595 2497 praeclare
608 2475 619 2491 ,
630 2448 827 2486 ambittoms
841 2450 1103 2492 moderationis
1120 2452 1186 2500 eft,

161 2501 277 2550 eligere
290 2501 507 2551 parciffimos.
532 2498 560 2536 B
571 2510 596 2536 U
612 2512 633 2534 c
646 2511 696 2534 HN
713 2511 729 2535 ε
747 2512 782 2536 κ.

214 2564 249 2597 4.
276 2552 533 2595 r‘mpMoenioev
553 2549 569 2599 ]
599 2555 701 2599 Super
714 2549 1186 2599 Maleam,quae&Mae)ter'a

164 2598 308 2646 dicitur,
334 2601 531 2640 secundum
552 2601 794 2648 Stephanum,
823 2602 1115 2648 promontorium
1138 2604 1186 2641 est

165 2649 401 2701 Peloponnesi
414 2681 424 2696 ,
451 2664 497 2688 ex
515 2662 591 2700 quo
611 2651 654 2688 ad
675 2652 824 2689 Cretam
844 2651 991 2689 insulam
1005 2679 1016 2696 ,
1029 2650 1052 2688 fi
1071 2653 1186 2692 Plinio

165 2702 362 2744 credimus,
387 2703 597 2740 certiffimus
617 2702 744 2739 cursus.
771 2702 998 2740 intervallum
1017 2711 1141 2741 autem
1163 2717 1183 2743 a

171 2751 290 2789 Malea
312 2753 358 2791 ad
387 2754 576 2791 columnas
606 2753 800 2791 Herculeas
823 2751 848 2789 fi
870 2754 948 2801 quis
967 2761 1181 2802 computet,

171 2809 215 2835 ex
232 2803 434 2842 auctoritate
455 2804 564 2843 Strab.
585 2805 748 2842 inveniet
767 2803 958 2841 stadiorum
974 2804 1179 2851 vigintiduo

173 2847 277 2886 millia
295 2855 331 2889 ὅ(
348 2854 551 2903 quingenta.
587 2856 696 2893 maria
713 2854 783 2903 ipsa
805 2876 817 2898 s
852 2855 1057 2903 praesertim
1080 2856 1181 2904 supra

174 2898 352 2944 Maleam,
378 2913 520 2953 propter
539 2906 705 2944 adversos
726 2913 920 2943 ventorum
943 2904 1044 2943 flatus
1066 2934 1076 2951 ,
1104 2918 1181 2944 non

172 2950 273 2986 fuere
288 2959 370 2988 tuta.
396 2954 477 2992 inde
506 2964 629 2994 natum
657 2956 769 3004 vulgo
797 2955 1027 3004 proverbium
1046 2983 1057 2998 ‚
1091 2961 1182 2994 Cum

175 2999 333 3037 Maleam
351 3002 516 3050 deflexeris
535 3033 545 3049 ‚
582 3008 768 3052 domesticos
788 3007 991 3057 obliviscere.
1017 3007 1184 3056 Virgilius

174 3049 318 3089 Maleae
337 3052 449 3091 undas
456 3055 610 3105 sequaces
633 3058 835 3108 appellavit.
862 3060 895 3098 C
910 3071 933 3097 Α
947 3071 971 3097 '1’
983 3072 1003 3096 Λ
1016 3071 1053 3097 Ν.
1077 3058 1183 3108 Υπὲρ

2167 1297 2300 1334 COH-

1262 1435 1446 1486 Moeas'av]
1484 1439 1597 1487 Supra
1619 1436 1771 1473 Malean
1793 1463 1804 1481 ‚
1831 1436 1890 1474 vel
1911 1463 1921 1480 ‚
1949 1434 2057 1473 ultra.
2085 1432 2214 1472 Obiter
2234 1432 2299 1473 21³⁴

1261 1493 1337 1524 tem
1362 1486 1408 1524 de
1426 1488 1498 1526 hoc
1519 1488 1686 1525 monebo
1709 1514 1720 1532 ,
1759 1492 1923 1525 Retentus
1948 1487 2006 1525 hic
2027 1486 2098 1533 legi
2120 1496 2198 1523 non
2216 1493 2298 1524 tan-

1260 1544 1340 1576 tum
1361 1540 1398 1576 in
1418 1538 1479 1575 ifla
1499 1549 1583 1577 mea
1603 1537 1698 1576 Edit.
1731 1537 1792 1575 sed
1816 1539 1855 1575 in
1886 1538 1960 1575 aliis
1989 1536 2096 1574 etiam
2126 1536 2298 1574 omnibus

1259 1597 1347 1637 quas
1380 1589 1532 1627 viderim
1557 1602 1568 1627 z
1609 1599 1727 1637 quum
1753 1596 1880 1626 tamen
1910 1594 2094 1626 Retentum
2128 1586 2296 1635 scripfiffe

1259 1639 1414 1677 Plinium
1428 1667 1440 1684 ,
1466 1642 1504 1677 &
1525 1640 1675 1677 scribere
1693 1638 1855 1677 debuisse
1875 1666 1886 1683 ,
1911 1650 1959 1676 ne
1979 1639 2017 1676 in
2036 1639 2291 1677 soloecismum

1257 1689 1434 1728 incideret
1454 1717 1465 1733 ,
1496 1690 1714 1728 existimem.
1738 1689 1892 1738 Alioqui
1912 1697 2008 1727 certe
2030 1690 2102 1726 Sim
2121 1696 2185 1725 aut
2204 1694 2293 1727 Fue-

1255 1739 1324 1776 rim
1345 1748 1429 1778 ante
1449 1746 1612 1778 Retentus
1633 1736 1802 1779 omissum
1834 1749 2000 1788 putarem
2022 1751 2032 1777 ε
2070 1747 2133 1776 aut
2162 1740 2290 1789 (quod

1254 1791 1384 1829 rationi
1403 1790 1687 1829 consentaneum
1722 1791 1874 1829 minime
1897 1791 2067 1836 videtur)
2091 1790 2289 1839 jungerem

1254 1846 1417 1879 Retentut
1439 1854 1525 1880 curn
1547 1843 1709 1879 Nuntio.-
1735 1842 1809 1879 hoc
1830 1842 1949 1880 modo
1971 1870 1982 1887 ‚
2009 1841 2198 1895 Qamvis
2212 1854 2290 1879 con-

1251 1893 1372 1932 trariis
1393 1893 1507 1930 ventis
1524 1904 1676 1931 retentus
1698 1920 1708 1936 ‚
1752 1893 1872 1931 nuntio
1894 1921 1906 1938 ‚
1944 1894 2016 1931 &c.
2039 1896 2061 1930 δ
2077 1904 2162 1930 TE?
2175 1903 2200 1929 fl
2214 1906 2234 1929 Α
2249 1905 2288 1932 Ν.

1252 1941 1337 1980 Sine
1366 1943 1484 1981 cauffa
1512 1945 1646 1981 laborat
1672 1944 1871 1991 Stephanus
1902 1945 1940 1981 in
1980 1953 2074 1980 voce
2103 1952 2254 1981 retentus
2271 1971 2285 1990 ,

1251 2004 1337 2033 cum
1360 2004 1497 2034 certum
1527 1995 1570 2033 fit
1589 2022 1601 2039 ,
1632 1994 1767 2040 fuerim
1794 2002 1854 2032 aut
1873 1994 1943 2043 sim
1969 1994 2117 2042 intelligi
2140 1993 2286 2032 debere.

1250 2045 1401 2095 Alioqui
1416 2057 1495 2083 non
1516 2046 1726 2094 infrequens
1744 2043 1793 2082 est
1809 2045 1900 2083 haec
1919 2044 2089 2093 Enallage
2101 2071 2111 2088 ‚
2137 2051 2176 2082 ut
2196 2044 2288 2083 vidi-

1249 2106 1331 2133 mus
1350 2096 1395 2134 ad
1414 2098 1556 2135 Lucani
1583 2096 1667 2135 Lib.
1680 2096 1753 2135 1V.
1774 2107 1827 2135 vs.
1838 2107 1902 2133 20.
1912 2096 2047 2133 Arator
2059 2094 2283 2145 Aet.Apost.

1249 2146 1331 2184 Lib.
1354 2149 1382 2186 l.
1409 2158 1462 2187 vs.
1485 2158 1570 2197 173.

1296 2255 1337 2287 Se
1355 2262 1483 2300 quoque
1500 2249 1702 2300 permittens
1715 2276 1726 2293 ,
1750 2248 1846 2287 fusus
1863 2248 2038 2297 genitricis
2056 2248 2101 2285 ab
2119 2247 2222 2294 alvo,

1296 2302 1428 2338 Carnis
1437 2303 1524 2351 jura
1541 2302 1637 2350 pati,
1667 2301 1785 2338 vitam
1808 2313 1849 2337 ne
1860 2301 2017 2349 perderet
2033 2299 2122 2337 orbis
2134 2325 2147 2345 ,

1295 2352 1431 2389 Maluit
1456 2351 1523 2401 ipse
1547 2354 1646 2391 mori.

1245 2450 1301 2489 Sic
1321 2451 1398 2489 duo
1416 2453 1493 2491 libri
1511 2452 1625 2502 scripti
1646 2480 1658 2498 ‚
1692 2463 1852 2501 quorum
1878 2457 2044 2500 excerpta
2073 2449 2272 2496 habemus,

1247 2503 1284 2539 ὃς
1305 2504 1397 2541 ratio
1415 2505 1554 2552 planior
1575 2504 1646 2548 est,
1675 2514 1788 2552 quam
1811 2502 1906 2552 apud
1930 2502 2100 2542 Plinium.
2123 2502 2273 2540 Tamen

1245 2553 1399 2592 editores
1429 2556 1591 2594 fecerunt
1620 2554 1786 2593 insulsum
1807 2567 1816 2591 ε
1850 2553 2046 2596 permittens
2066 2553 2161 2591 fusae
2178 2554 2273 2601 geni·

1243 2604 1344 2642 tricis.
1371 2613 1440 2643 cet.
1465 2605 1611 2654 Duplici
1631 2604 1760 2654 Figura
1782 2606 1955 2643 Annaeus
1973 2604 2092 2642 noster
2122 2603 2204 2642 Lib.
2225 2603 2273 2641 V.

1246 2666 1298 2692 vs.
1320 2655 1407 2706 365.

1293 2779 1361 2786 -—-
1388 2769 1564 2808 unumque
1577 2764 1684 2806 caput
1704 2768 1780 2795 tam
1800 2768 1929 2806 magna
1939 2756 2110 2803 juventus

1293 2806 1485 2844 Privatum
1497 2810 1646 2855 fet-§Zara
1667 2809 1790 2852 timet,
1816 2809 1914 2844 velut
1933 2806 2064 2856 enfibus
2083 2806 2157 2856 ipfis

1295 2862 1461 2905 Imperet,
1486 2859 1600 2896 invito
1622 2868 1789 2896 moturus
1812 2858 1923 2895 milite
1927 2860 2083 2904 ferrum.

1246 2955 1442 2995 De‘dieco
1471 2959 1560 2999 ’ὑπὲρ
1593 2961 1737 2996 manian,
1769 2966 1872 2997 notat
1902 2959 2083 3008 quaedam
2100 2960 2159 3007 Jo.
2180 2960 2270 3000 Bro-

1245 3008 1353 3097 qagus
1381 3009 1509 3090 Lib'.¹⁰
1534 3009 1685 3049 Miscen.
1719 3021 1796 3059 cap.
1816 3010 1974 3050 XXXV.
2006 3012 2117 3061 princ.
2146 3012 2273 3051 Con-

1597 3109 1759 3150 Aaaaa
1787 3123 1808 3148 2
2108 3124 2140 3151 1.
2166 3111 2273 3155 Desti-
2307 3117 2311 3122 '
