2616 3686
532 183 872 239 LIBER
917 180 1674 238 VIL'EPISTOL‘A
1741 189 1913 238 xvir.
2158 203 2246 255 5¹3

112 257 320 326 Nonne
339 278 508 337 quum
531 264 698 334 surgis
724 260 791 316 ad
819 261 1091 330 agendum
1116 297 1132 323 ,
1170 273 1302 314 tunc
1329 263 1559 315 maxime
1586 262 1681 315 tibi
1707 264 1812 331 ipse
1840 261 2076 316 diffidis?
2118 276 2246 319 tunc
2292 283 2323 321 9

110 346 487 400 -commutata‘,
532 351 642 392 non
678 335 806 390 dico
837 334 1063 403 plurima
1095 334 1127 394 ,³
1173 331 1262 385 sed
1299 332 1482 385 omnia
1517 334 1709 402 cupis?
1763 335 1950 402 utique
1986 333 1997 352 ¹
2036 334 2072 386 fi
2098 335 2251 388 latior

114 413 301 472 scena,
341 407 396 462 δε
441 425 641 463 corona
676 403 932 463 diffufior.
961 422 1082 458 nam
1108 405 1223 458 illos
1247 419 1468 473 quoque
1493 410 1510 430 ²
1539 403 1783 459 sordidos
1809 405 2142 477 pullatosque
2168 423 2250 459 re-

115 477 382 538 veremur.
459 482 656 536 Nonne
697 478 943 549 fi‘prima
982 493 1228 549 quaeque
1264 476 1554 547 improbari
1587 490 1746 547 putes
1774 514 1789 539 ,
1854 474 2145 530 debilitaris
2194 477 2245 530 &
2299 481 2357 513 ¹0

113 555 355 610 concidis
379 555 398 608 ?
436 554 650 624 Opinor
675 584 692 613 ,
743 551 864 622 quia
888 550 946 604 in
971 565 1200 604 numero
1225 548 1336 618 ipso
1364 549 1439 602 est
1463 549 1742 619 quoddam
1769 549 1782 575 ³
1808 564 2062 618 magnum
2091 548 2252 601 colla-

113 638 340 698 tumque
377 626 649 683 confilium
679 663 695 688 ,
731 621 1034 696 quibusque
1071 622 1282 691 singulis
1303 621 1491 690 judicii
1516 638 1732 693 parum,
1768 635 1790 660 4
1815 619 2063 674 omnibus
2091 621 2252 691 pluri-

97 716 278 755 mum.
354 701 540 770 Itaque
580 695 910 766 Pomponius
945 695 1227 750 Secundus
1255 733 1269 757 ,
1310 693 1322 718 ⁵
1360 693 1446 747 hic
1487 695 1711 765 scriptor
1740 692 2171 762 tragoediarum,
2210 692 2248 747 fi
2297 703 2345 742 τι

107 772 244 842 quid
269 774 409 826 forte
433 769 738 824 familiarior
766 773 968 823 amicus
995 767 1321 827 tollendum,
1354 766 1463 836 ipse
1494 767 1838 821 retinendum
1868 766 2250 829 arbitraretur,

111 845 296 897 dicere
333 841 569 904 solebat,
618 862 700 898 AD
755 858 1078 897 POPULUM
1127 855 1490 894 paovoco:
1546 852 1706 910 atque
1738 843 1806 893 ita
1843 854 1910 891 ex
1949 841 2132 908 populi
2161 839 2245 892 vel

109 913 342 978 filentio,
380 916 462 969 vel
485 913 716 978 assensu,
756 926 845 968 aut
871 913 1048 974 suam,
1087 926 1175 967 aur
1198 912 1354 965 amici
1379 909 1697 965 sententiam
1721 911 2049 983 sequebatur.
2096 913 2245 965 Tan-

107 999 223 1042 tum
262 989 348 1043 ille
383 986 402 1009 ⁶
435 988 638 1060 populo
682 987 858 1052 dabat.
934 984 1140 1049 Reum
1177 1001 1242 1040 an
1278 983 1460 1046 seem,
1499 984 1630 1040 nihil
1670 984 1736 1039 ad
1768 1001 1873 1039 me.
1946 982 2068 1054 hlgo
2097 984 2239 1038 enim
2291 996 2351 1044 ιι

2128 1073 2240 1113 non

106 1197 195 1239 'tunc
224 1202 402 1241 omittunt
427 1228 437 1245 ,
464 1212 543 1240 non
556 1209 688 1242 autem
710 1202 930 1241 veterrimae
950 1199 1132 1240 membra·
1199 1210 1280 1239 tum
1312 1197 1494 1248 consilium
1528 1198 1577 1238 est
1595 1229 1606 1246 ,
1649 1197 1752 1249 quod
1785 1208 1830 1235 ex
1854 1198 2015 1246 plurium
2040 1196 2240 1233 rationibus

106 1261 186 1290 nae.
216 1251 313 1290 Infra
334 1251 490 1292 Helmst.
520 1260 645 1291 Nonne
664 1254 852 1292 locuturus
871 1265 950 1289 cum
963 1250 1132 1301 aliquo...
1201 1252 1362 1290 sumitur.
1418 1253 1594 1301 Quorum
1629 1263 1715 1288 cum
1748 1248 1890 1296 semper
1919 1251 2006 1287 alius
2034 1247 2101 1284 alia
2128 1255 2241 1295 :itque

105 1314 215 1352 quam
250 1316 328 1341 cum
362 1304 486 1343 multis
520 1304 578 1343 vel
610 1306 766 1343 indoctis.
805 1304 936 1342 Obiter
962 1303 1132 1341 distincti·
1202 1305 1268 1341 alia
1291 1303 1414 1341 videat
1430 1331 1439 1347 ,
1467 1302 1531 1348 fit,
1558 1310 1598 1340 ut
1623 1314 1668 1340 ex
1687 1301 1883 1338 collatione
1908 1300 2170 1337 sententiarum
2185 1308 2241 1336 re-

105 1363 218 1390 onem
256 1356 442 1404 vulgarem
467 1369 475 1393 :
526 1349 847 1405 quamlibet‘docto
878 1368 947 1392 uno
971 1382 982 1398 ,
1010 1366 1133 1392 tamen
1202 1354 1291 1392 <fiius
1322 1354 1539 1404 pleniusque
1565 1352 1722 1400 judicari
1756 1351 1800 1388 de
1835 1361 1872 1387 re
1913 1361 1954 1387 ac
1975 1350 2077 1387 statui
2101 1356 2238 1396 queat,

99 1402 220 1441 minus
244 1414 312 1443 cet.
337 1409 373 1443 in
396 1407 526 1445 melius
552 1408 704 1445 mutavi.
1202 1416 1314 1453 quam
1353 1404 1380 1441 fi
1416 1405 1475 1442 vel
1513 1416 1607 1442 unus
1624 1434 1633 1448 ‚
1657 1403 1716 1441 vel
1751 1401 1953 1450 pauciffimi
1991 1400 2237 1437 consulantur.

148 1466 173 1492 >1
201 1457 237 1493 si
257 1456 365 1493 latior
379 1457 486 1504 scena
512 1486 522 1502 ,
560 1457 662 1504 eya]
694 1458 865 1505 Amplior
887 1458 926 1494 &
947 1455 1134 1504 spatiofior
1201 1455 1354 1503 Singulis
1373 1456 1599 1504 enimjudicii
1610 1466 1739 1503 parum
1753 1481 1762 1497 ,
1788 1450 2153 1500 omnibusplurimum
2167 1449 2234 1495 est,

101 1502 228 1549 locus;
259 1509 297 1544 ὃς
330 1515 455 1544 coetus
491 1507 551 1544 seu
583 1508 716 1544 concio
750 1505 894 1542 densior
926 1518 967 1542 ac
1002 1509 1134 1556 major.
1205 1517 1297 1542 mox
1334 1505 1473 1552 subjicit
1502 1506 1646 1544 Noster.
1692 1504 1739 1541 Et
1782 1504 1961 1550 Panegyr.
1999 1511 2076 1548 cap.
2114 1500 2238 1539 thl.

96 1560 243 1593 corone
270 1556 403 1605 οἴγυςις
426 1556 472 1593 est
496 1569 503 1591 :
535 1556 642 1603 (alibi
674 1555 844 1594 circulum
878 1556 1036 1604 vocatz)
1061 1559 1134 1594 hoc
1201 1555 1326 1591 ‘melius
1352 1583 1361 1598 ‚
1389 1556 1506 1604 inquit
1536 1584 1546 1600 ‚
1573 1555 1734 1593 omnibus
1759 1566 1867 1601 quam
1889 1550 2034 1600 ‘singulis
2051 1552 2235 1595 creditur,

105 1605 154 1642 est
168 1634 177 1649 ‚
205 1607 242 1643 in
267 1608 355 1645 orbe
377 1606 607 1644 circumstans
633 1607 747 1644 turba.
779 1605 804 1641 Β
819 1616 878 1641 uc
894 1617 917 1641 H
933 1617 957 1641 N
973 1619 994 1643 ε
1008 1620 1046 1644 ιι.
1077 1608 1133 1645 Sic
1194 1605 1328 1654 singuli
1351 1605 1442 1643 enim
1465 1606 1610 1655 decipere
1631 1616 1675 1645 <5⁵
1697 1604 1798 1651 decipi
1818 1602 1951 1651 possunt
1969 1630 1979 1646 ,
2018 1614 2134 1639 omnes
2164 1615 2236 1638 non

106 1654 189 1693 Lib.
215 1657 260 1695 ΙΙ.
284 1657 392 1706 Epist.
414 1657 519 1695 le.
541 1670 575 1694 n.
598 1657 630 1693 6.
660 1655 820 1695 Lib..VI.
835 1655 942 1704 Epist.
955 1656 1131 1696 XXXHI.
1197 1657 1748 1705 poſjuntssucnmssnNei-bum
1769 1653 1936 1690 collatum
1952 1654 2082 1691 melius
2094 1663 2238 1703 cogno-

103 1716 140 1743 n.
175 1719 208 1756 3.
248 1710 361 1758 Supra
385 1709 537 1746 verbum
562 1709 633 1745 dico
657 1709 694 1745 in
717 1707 848 1755 scriptis
871 1709 1130 1747 recentioribus
1201 1713 1271 1744 icas
1295 1718 1340 1745 ex
1363 1714 1452 1744 nota
1472 1707 1692 1755 :td-Lucani
1713 1704 1796 1742 Lib.
1820 1703 1849 1740 I.
1874 1715 1924 1741 vs.
1947 1715 2033 1750 477.

104 1756 334 1797 defideramr.
364 1761 435 1797 Pro
457 1759 619 1808 sequenti
632 1759 802 1807 proxime
818 1765 910 1795 Nam
925 1784 935 1801 ‚
964 1757 1132 1798 Barthius

99 1809 260 1848 malebat
281 1812 366 1848 iam.
392 1811 492 1848 nullo
515 1812 616 1854 iure,
643 1821 711 1847 nec
732 1807 829 1847 sensu
851 1808 1071 1847 commodo.
1255 1808 1374 1857 Ipsum
1405 1821 1524 1848 omnes
1557 1807 1697 1859 aquilas
1719 1834 1730 1852 ,
1770 1804 1963 1854 conataque
1985 1803 2092 1856 signa
2108 1807 2232 1854 feren-

153 1870 174 1895 2
205 1861 406 1909 sordidos.]
440 1861 615 1908 Agrestes.
647 1856 919 1908 Pullatosque.]
951 1859 1125 1903 Anates,
1302 1871 1386 1897 tem.

102 1909 293 1956 imperitos
308 1939 318 1955 ,
346 1912 553 1948 lacernatos.
577 1911 810 1960 Tranquillus
823 1911 858 1947 in
871 1909 1037 1957 Augusto
1051 1923 1128 1960 cap.

101 1958 184 1994 XL.
223 1965 279 1995 Ac
311 1962 391 2009 visa
423 1963 601 2008 quondam
630 1973 688 2008 pro
721 1961 876 1998 concione
904 1959 1125 2008 pullatorum
1199 1959 1380 1999 Obiicitut
1412 1962 1589 2011 confilium
1621 1960 1780 2007 divisum
1801 1988 1811 2005 ,
1849 1957 1952 2008 quod
1985 1957 2067 1996 fane
2089 1957 2228 2006 superat

101 2009 563 2058 turbarindignabunduser
575 2012 762 2049 clamitans
778 2040 788 2055 ‚
815 2021 888 2049 erc.
915 2009 1044 2049 Fabius
1058 2013 1127 2051 Vl.
1196 2010 1374 2060 consilium
1394 2021 1518 2051 totuin
1542 2015 1580 2052 δε
1603 2012 1786 2050 collatum.
1841 2010 1883 2046 ln
1907 2007 2060 2047 limilem
2084 2009 2225 2046 sensum

99 2062 275 2107 Imperitis
304 2074 343 2097 ac
361 2063 461 2110 saepe
482 2062 640 2111 pullatae
670 2062 794 2099 turbae
822 2061 1043 2111 relinquunt.
1080 2064 1128 2103 Et
1195 2062 1364 2101 collatam
1387 2075 1504 2102 ratem
1522 2064 1618 2112 apud
1640 2064 1811 2101 Plautum
1834 2060 1963 2098 BaCCh-
1988 2059 2227 2099 A&.1V.Sc.

104 2108 153 2146 11.
190 2111 284 2154 Jam
309 2112 460 2150 collidere
482 2126 610 2150 manus
632 2142 642 2157 ,
679 2123 793 2150 terrae
810 2113 928 2159 pedem
949 2112 1123 2160 incutere,
1194 2112 1264 2151 VI.
1288 2125 1338 2152 vs.
1360 2126 1419 2160 27.
1442 2116 1604 2164 capiebat
1626 2116 1774 2152 Douza.

93 2159 241 2215 femur,
264 2165 403 2211 pectus,
429 2166 583 2208 frontem
606 2164 742 2201 caedere
763 2165 852 2201 mire
874 2163 924 2199 ad
941 2164 1123 2213 pullatum
1243 2176 1267 2211 4
1293 2166 1466 2204 Omnibus
1497 2166 1705 2215 plurimum.
1726 2163 1740 2213 ]
1772 2162 1954 2212 Respec'iu
1974 2163 2145 2198 omnium
2175 2160 2225 2199 est

104 2212 270 2248 circulum
295 2215 400 2260 jacit.
428 2215 531 2253 Cirr
553 2227 572 2251 Α
587 2226 645 2252 Ν.·
676 2215 835 2252 sordidos
852 2213 1082 2264 pullatosque.
1106 2216 1121 2264 'j
1193 2212 1395 2253 summum.
1451 2217 1549 2254 Nam
1573 2215 1598 2252 s1
1620 2227 1730 2264 parva
1752 2214 1867 2251 multa
1887 2215 1923 2250 in
1948 2224 2065 2249 unum
2090 2220 2224 2249 contu-

102 2260 296 2300 Romana:
328 2274 435 2313 togate
465 2266 566 2302 color
601 2265 710 2302 albus.
763 2265 835 2301 Hic
870 2274 908 2301 ut
931 2276 1055 2303 recens
1084 2269 1122 2305 ὃς
1192 2266 1271 2303 letis
1293 2294 1303 2310 ‚
1333 2267 1477 2313 surgent
1497 2269 1535 2304 in
1555 2267 1762 2314 maximum
1786 2263 1977 2299 cumu'um
2004 2289 2013 2304 ‚
2053 2263 2090 2298 &
2113 2262 2222 2300 Cice-

100 2311 233 2350 nitidus
256 2313 339 2351 ell'st
354 2344 362 2358 ,
390 2316 559 2352 lautiores
579 2314 881 2362 honestiotcsque
911 2314 1120 2356 studebant:
1191 2318 1289 2354 tonis
1310 2316 1522 2353 testimonio
1549 2343 1558 2359 ‚
1587 2325 1709 2351 Orator
1732 2314 1830 2360 Vulgi
1853 2312 1987 2348 assensu
2002 2339 2011 2354 ,
2040 2312 2079 2347 &
2100 2322 2220 2359 POPU·

101 2362 198 2411 plebs
229 2366 429 2412 neg1igebat
454 2395 463 2410 ,
502 2368 540 2403 ὃς
565 2365 623 2401 vel
652 2365 756 2412 plane
778 2366 888 2412 pull-as
910 2364 984 2403 five
1007 2369 1122 2413 nigras
1188 2366 1252 2402 lari
1274 2367 1538 2414 approbatione
1555 2365 1709 2415 judicari
1736 2364 1832 2400 solet.
1875 2363 2001 2406 ltaque
2025 2372 2216 2409 nunquam

101 2413 216 2451 vestes
237 2414 456 2459 alienabat,
481 2425 520 2452 ut
541 2424 702 2464 parceret
721 2415 853 2452 sumtui
879 2443 888 2458 ‚
917 2417 955 2453 δε
976 2417 1122 2455 nititan-
1190 2416 1235 2453 de
1256 2416 1359 2453 bono
1383 2425 1529 2453 emtore
1544 2444 1553 2459 ‚
1580 2424 1642 2452 aut
1665 2426 1742 2450 non
1766 2413 1889 2455 bono,
1919 2411 2034 2449 doctis
2054 2411 2220 2449 homini-

104 2462 140 2502 di
166 2475 249 2501 curn
274 2477 399 2504 vacare
421 2465 545 2515 poffet.
591 2465 691 2503 Hinc
709 2464 840 2514 pullati
862 2466 958 2513 apud
993 2467 1122 2505 Sueto·
1187 2466 1252 2503 bus
1275 2477 1358 2502 cum
1386 2467 1525 2514 populo
1550 2463 1715 2503 difl‘enfio
1738 2462 1816 2499 fuit.
1845 2462 1887 2498 Id
1910 2463 2008 2498 enim
2032 2461 2143 2508 ipsum
2170 2461 2219 2500 est

101 2515 201 2553 nium
218 2545 228 2560 ,
257 2518 295 2554 &
325 2517 464 2564 pullam
493 2517 600 2553 turba
636 2516 731 2564 apud
765 2516 1080 2563 Quinctilianum,
1108 2521 1122 2557 ὁ
1151 2492 1156 2574 l
1187 2517 1319 2553 summi
1345 2518 1496 2554 oratoris
1518 2516 1707 2553 summum
1735 2521 1920 2551 oratorem
1935 2513 2074 2562 populo
2090 2510 2220 2551 videri.

105 2563 257 2612 χυδαῖος
305 2568 414 2611 ‘0'55223
451 2567 636 2615 plebecu'a
677 2567 782 2603 vilis:
821 2578 889 2603 nec
930 2567 1028 2604 aliter
1065 2569 1124 2607 hie
1189 2567 1381 2604 CATAN.

100 2615 227 2666 pullati
252 2617 652 2666 &flrdidiaccipiendi
680 2618 889 2654 ssucflxea.
915 2617 1120 2658 Videhanc
1152 2575 1157 2670 l
1241 2630 1259 2665 ς
1293 2617 1365 2654 Hic
1378 2617 1527 2666 scriptor
1549 2614 1852 2664 tragoediarum]
1882 2613 2096 2651 Pronomen
2119 2612 2216 2651 abest

107 2667 146 2705 in
175 2678 251 2705 rem
289 2669 333 2717 pl.
368 2669 516 2705 Castrub.
537 2668 580 2705 ad
607 2669 704 2705 Suet.
725 2670 760 2704 in
786 2666 935 2715 August.
956 2667 1058 2705 XLI.
1089 2673 1126 2708 &
1191 2668 1234 2704 ab
1263 2668 1395 2716 scriptis
1428 2667 1623 2705 iunioribus
1648 2695 1657 2711 ‚
1699 2666 1789 2703 Edd.
1821 2667 1908 2702 Vet.
1942 2664 2099 2712 Grypliii
2121 2693 2131 2706 ‚
2161 2666 2215 2702 Si-

111 2717 246 2756 Salmas.
278 2719 313 2756 in
348 2719 428 2756 Lib.
463 2718 618 2756 Tertull.
650 2717 694 2755 de
726 2718 837 2755 Pallio
862 2746 872 2761 ‚
895 2720 943 2765 ‘p.
979 2730 1028 2755 m.
1067 2721 1124 2758 80.
1192 2718 1312 2754 chard.
1335 2720 1431 2761 aliis;
1460 2719 1771 2764 Optimustamen
1784 2723 1895 2753 tenet.
1927 2715 2087 2752 Sicinlra
2103 2713 2211 2764 Epist.

107 2767 258 2806 VEENH.
293 2770 435 2807 Vitiose
468 2769 658 2807 Mediccus
682 2782 690 2805 :
722 2770 880 2815 sordidos
899 2768 1124 2818 pollutosque.
1192 2768 1332 2804 XXiV.
1355 2781 1389 2805 n.
1411 2770 1441 2806 8.
1476 2774 1598 2804 Laetor
1618 2769 1726 2804 etiam
1750 2795 1759 2809 ‚
1786 2767 1878 2815 quod
1898 2767 2021 2802 domus
2043 2765 2211 2815 aliquan-

105 2817 206 2869 Rulla
231 2821 353 2866 vestis,
376 2820 519 2869 pullata
541 2820 667 2862 turba,
692 2819 850 2869 pullatus
873 2818 1017 2855 circulus
1037 2830 1123 2858 nota
1191 2819 1233 2854 do
1269 2817 1394 2866 Caffii,
1421 2820 1527 2856 huius
1560 2817 1618 2866 qui
1638 2816 1817 2863 Caffianae
1840 2816 1974 2864 scholae
1993 2815 2146 2864 princeps
2167 2825 2212 2854 (9¹

104 2868 196 2906 tunt.
221 2871 316 2909 Vide
336 2873 546 2919 interpretes
569 2871 611 2907 ad
627 2871 812 2918 Lamprid.
829 2870 1033 2907 Commod.
1047 2883 1124 2919 cap.
1185 2878 1312 2916 parens
1329 2870 1403 2915 fuit
1418 2898 1428 2914 ,
1447 2869 1580 2918 serviet
1593 2868 1730 2905 domino
1742 2880 1810 2904 non
1822 2868 1961 2904 minori.
1991 2866 2085 2902 Mox
2100 2866 2211 2903 iidem

35 2945 39 2948 -
106 2917 212 2957 XVI.
238 2919 374 2959 Seneca
403 2921 513 2970 Epist.
555 2922 674 2959 CXV.
715 2921 849 2957 Mirari
880 2921 1018 2969 quidem
1053 2935 1121 2958 non
1190 2922 1431 2957 recentiores:
1452 2918 1487 2967 si
1515 2919 1602 2968 quid
1623 2920 1719 2964 farte
1743 2918 1967 2965 familiarior
1987 2915 2118 2953 amicus
2140 2916 2213 2954 tol-
2283 2935 2285 2937 ·

111 2968 224 3015 debes,
252 2982 409 3009 corruota
437 2973 540 3021 excipi
568 2986 637 3009 non
665 2983 812 3009 tantum
840 2984 862 3006 a
892 2982 1028 3007 corona
1051 2973 1122 3009 sor-
1189 2971 1277 3007 leret
1297 2970 1384 3006 dum
1409 2971 1473 3018 ipse
1495 2970 1718 3006 retinendum
1743 2978 1811 3007 cet.
1834 2975 2013 3016 corrupte.

110 3017 271 3064 didiore,
291 3023 353 3070 scd
372 3023 415 3059 ab
437 3022 502 3060 hac
524 3024 629 3060 turba
654 3036 784 3072 quoque
807 3023 968 3059 cultiore.
1239 3021 1260 3053 6
1289 3020 1413 3067 Populo
1452 3019 1576 3058 dabat.
1601 3019 1612 3064 l
1663 3019 1863 3056 Defert-bat
1904 3018 2037 3064 jndicio
2075 3018 2214 3065 populi.

156 3081 179 3122 3
210 3077 382 3120 Magnum
406 3073 637 3126 collatumque
664 3072 847 3124 confilium
878 3072 934 3121 est.
954 3071 974 3128 ]
1002 3072 1123 3111 Collo·
1189 3073 1314 3120 Quare
1337 3072 1470 3112 Cicero
1490 3071 1535 3108 de
1538 3069 1656 3160 {laris
1678 3071 1894 3109 Orator-ibus
1914 3070 2052 3120 inquit:
2082 3068 2215 3105 Tibicen

1605 3128 1619 3159 t
1645 3129 1659 3159 t
2131 3126 2214 3156 An—
