2616 3686
337 223 354 238 .,
409 222 435 267 2

271 325 294 333 ³-
338 228 746 362 &Praeceptum
781 303 810 340 e

570 216 629 264 c,
695 196 1661 262 P'EIN11·0AEC1L'11
1731 188 2242 247 SEeUND1

815 284 856 339 st
891 286 906 306 ²
943 280 1255 343 Suburano«,
1305 291 1361 332 ut
1402 289 1614 330 vacaret
1651 274 1855 329 finitam
1897 273 2101 328 causam
2143 273 2472 342 retractanti,

246 376 296 416 1¹
348 364 382 420 fi
415 363 548 437 quid
589 362 720 417 novi
756 356 986 414 afferret.
1064 354 1269 408 Aderat
1296 351 1448 404 matri
1471 349 1637 418 julius
1666 347 1980 413 AfricanuS,
2021 363 2186 417 nepos
2218 346 2232 373 ⁵
2260 347 2382 417 julii
2409 362 2476 404 0‘..

346 436 536 492 ratoris
561 473 577 500 ,
627 449 770 509 (quo
805 428 991 485 audito
1029 424 1047 448 ⁴
1083 424 1352 480 Passienus
1387 421 1606 492 Crispus
1643 420 1811 484 dixit,
1869 418 2012 473 Bene
2038 454 2054 481 ,
2105 437 2182 472 me
2219 416 2478 486 Hercule',

352 648 451 686 dedit
466 675 476 691 ,
502 644 660 695 pluribus
681 638 920 680 adstruximus
941 635 987 674 acl
1010 635 1155 674 Lucani
1167 633 1250 673 Lib.
1261 630 1373 672 vm.

355 710 407 737 vs.
435 709 454 747 3
463 708 520 747 32-

405 803 485 834 Una
507 796 578 834 dies
601 793 727 833 mundi
748 791 944 830 damnavit
959 791 1049 838 sata
1064 799 1079 829 Ξ
1106 787 1307 829 secundum

407 848 620 888 Emathiam
642 846 683 884 lis
705 853 814 882 tanta
838 841 972 881 datur?

2331 493 2496 551 bene‘22

1451 643 1598 670 merum
1618 633 1849 682 ineptiarum.
1874 633 2040 671 Primum
2057 659 2068 677 ,
2095 642 2180 669 cum
2202 631 2339 670 Plinius
2360 630 2478 672 desuo

1453 680 1595 720 silentio
1630 683 1749 723 dicere
1781 682 1978 723 instituisset
2003 711 2012 726 ‚
2040 684 2101 721 hic
2123 683 2212 720 alius
2240 683 2398 721 breviter
2425 695 2480 725 re-

1455 731 1631 780 spondet,
1660 735 1697 772 &
1720 735 1912 784 respondet
1931 734 2113 772 Paffienus
2137 733 2316 770 Africano
2328 735 2480 784 nepoti,

1456 782 1559 831 quod
1580 793 1642 831 per
1663 792 1820 823 aetatem
1841 784 2058 834 impossibile
2078 784 2157 822 fuit.
2185 783 2332 821 Deinde
2343 785 2482 824 accedit

1455 843 1602 877 novus,
1630 832 1689 871 sed
1708 835 1950 873 insulfiffirnus
1975 864 1985 880 ‚
2011 835 2232 879 advocatus,
2259 834 2386 878 Julius
2412 842 2479 873 Na-

1451 891 1511 932 pos
1533 911 1544 928 ,
1574 884 1612 921 ὅ(
1633 890 1762 921 tamen
1783 896 1874 923 mox
1898 887 2033 924 Plinius
2054 898 2132 924 non
2152 886 2238 924 huic
2262 913 2271 929 ,
2299 883 2359 923 sed
2381 886 2483 926 Afri-

410 962 427 990 1
459 927 695 998 Praeceptum·
719 947 774 996 est.
801 947 817 997 ]
856 945 931 984 Hic
961 944 1139 983 habemus
1173 943 1388 990 exemplum
1458 943 1552 971 cano
1575 934 1783 982 respondet.
1807 935 1860 973 At
1882 936 1990 974 MSS.
2011 947 2142 975 omnes
2165 937 2212 974 δε»
2227 936 2294 974 Ed.
2304 935 2501 976 Vennon-

357 1001 571 1041 retractatae
594 999 718 1038 causae
738 998 818 1048 post
840 997 1121 1047 pronunciatam
1158 993 1391 1032 sententiam.

356 1056 468 1102 Quae
491 1051 694 1089 observatio
716 1049 763 1086 ad
781 1051 839 1100 jus
862 1049 967 1085 civile
989 1047 1144 1095 pertinet
1189 1056 1257 1083 nec
1289 1054 1392 1091 prae-

360 1105 457 1142 teriit
480 1103 652 1150 Cujacius
671 1128 682 1144 ,
706 1112 820 1150 quem
843 1097 929 1138 vide
951 1097 1034 1136 Lib.
1055 1095 1200 1135 XVIH.
1236 1094 1392 1134 Observ.

362 1166 439 1203 cap.
463 1152 620 1191 XXXV.
649 1152 860 1189 Euenum.

413 1217 435 1242 2
463 1201 679 1251 serviano]
721 1203 809 1240 Hoc
841 1212 984 1239 nomen
1014 1197 1225 1249 praeferunt
1260 1209 1392 1236 omnes

361 1256 530 1304 vulgatae
553 1270 564 1298 ;
604 1254 656 1292 At
687 1252 878 1291 Mediceus
902 1281 912 1296 ,
953 1261 1159 1297 omnesque
1196 1251 1254 1288 alii
1275 1250 1389 1297 scripti

361 1315 472 1354 atque
507 1307 672 1354 primitus
705 1303 776 1340 cufi
801 1315 887 1340 cum
920 1303 1020 1340 Aldo
1047 1300 1254 1346 Suburano,
1285 1302 1322 1338 δε
1344 1299 1391 1337 fic

362 1356 456 1394 infra
486 1356 599 1394 iidem
635 1354 757 1393 Codd.
791 1365 825 1391 n.
858 1366 914 1392 11.
954 1360 1039 1402 Rogo
1062 1379 1074 1397 ,
1101 1352 1220 1401 inquit
1243 1379 1255 1396 ,
1282 1350 1393 1389 Subu-

365 1419 465 1445 rane.

415 1469 434 1507 3
465 1456 564 1502 Julii
585 1454 794 1504 Oratoris.]
825 1455 965 1504 Qui&
998 1454 1068 1502 ipse
1106 1452 1299 1492 AfrIcanus
1330 1464 1393 1490 co-

362 1510 599 1555 gnominatus
620 1517 717 1552 erat,
743 1509 781 1545 &
802 1518 914 1556 quern
933 1505 1058 1544 vidiffe
1081 1504 1227 1542 testatur
1255 1504 1394 1543 Fabius.

363 1558 449 1597 Fuit
481 1569 608 1597 autem
641 1559 842 1597 concitatus
877 1567 1000 1594 orator
1022 1572 1031 1600 ;
1061 1555 1122 1595 sed
1144 1557 1180 1592 in
1202 1566 1286 1593 cura
1310 1566 1396 1594 ver-

366 1609 501 1648 borum
535 1612 572 1648 &
605 1608 881 1657 compositione
908 1610 1077 1647 nimius:
1119 1618 1393 1656 nonnunquam

365 1659 512 1709 longior
528 1690 537 1706 ,
567 1663 604 1699 ὅ(
625 1660 911 1698 transsationibus
933 1671 1062 1708 parum
1091 1656 1270 1695 modicus.
1322 1657 1395 1696 Hic

367 1710 416 1749 est
438 1713 495 1750 ille
520 1711 738 1755 Africanus,
767 1710 867 1757 cujus
890 1711 1074 1758 inopinata
1105 1708 1288 1756 insigniter
1318 1709 1398 1746 sen·

365 1764 479 1801 tentia
513 1763 608 1811 apud
642 1762 835 1799 Neronem
868 1759 912 1797 de
945 1769 1066 1798 morte
1098 1760 1219 1796 matris
1255 1759 1396 1806 profer-

366 1819 427 1850 tur
450 1841 460 1858 ,
487 1819 625 1862 Rogant
648 1824 679 1850 te
704 1812 835 1859 Caesar
860 1809 1000 1848 Galliae
1031 1822 1112 1848 tuae
1137 1837 1147 1854 ‚
1177 1820 1217 1848 ut
1238 1809 1398 1858 felicita-

368 1873 438 1901 tem
462 1876 563 1901 tuam
575 1865 851 1910 fortiter-feras.
884 1862 1037 1899 Cama.
1287 1903 1291 1906 Δ

420 1927 444 1961 4
471 1913 646 1963 Paffienus
667 1913 820 1963 Crispus.
842 1910 857 1960 ]
898 1912 956 1949 Bis
979 1912 1115 1950 Consul
1138 1914 1177 1950 δε
1198 1920 1320 1950 orator
1343 1914 1397 1951 in<-

368 1963 497 2012 fignis‚
526 1967 628 2013 cujus
659 1964 744 2003 illud
773 1963 869 2013 apud
903 1963 1083 2001 Tacitum
1115 1964 1242 2001 scitum
1279 1964 1324 2002 de
1357 1965 1399 2002 C.

376 2015 530 2053 Caesare
561 2016 700 2053 dietum
723 2043 733 2060 ‚
779 2026 863 2052 cum
899 2016 1104 2052 immanem
1135 2016 1302 2051 animum
1336 2014 1399 2053 sub

372 2063 530 2105 Tiberio
559 2066 704 2105 subdula
738 2064 914 2104 modestia
945 2073 1085 2112 tegeret
1109 2094 1118 2110 ,
1146 2076 1224 2102 non
1248 2065 1400 2104 damna-

370 2117 476 2155 tione
499 2119 621 2155 matris
642 2146 652 2163 ,
692 2128 769 2154 non
787 2116 897 2154 exilio
920 2114 1072 2152 fratrum
1094 2127 1230 2153 vocem
1254 2128 1402 2164 rumpe-

371 2175 449 2212 ret,
479 2168 622 2217 qualern
659 2167 830 2206 Tiberius
862 2165 958 2203 diem
996 2164 1163 2204 induisset
1183 2167 1259 2213 pari
1281 2168 1402 2205 habitu

370 2218 470 2257 haud
493 2220 651 2256 multum
678 2216 883 2255 distantibus
910 2215 1025 2254 verbis
1040 2245 1050 2261 ‚
1074 2217 1209 2266 Neque
1228 2217 1401 2255 meliorem

372 2279 537 2319 unquam
555 2270 703 2319 servum
726 2279 849 2317 neque
869 2267 1071 2305 deteriorem
1094 2269 1277 2306 dominum
1292 2268 1406 2309 fuiffe.

371 2319 599 2370 Agrippinae
623 2320 862 2358 matrimonio
877 2347 886 2362 ‚
915 2320 952 2356 ὅ(
977 2318 1132 2356 Nerone
1153 2321 1322 2367 privigno
1335 2321 1404 2357 cla-

375 2372 461 2409 rior.
506 2372 671 2409 Moriens
697 2370 952 2418 ampliffimam
988 2369 1131 2407 Neroni
1164 2369 1404 2409 hereditatem

376 2422 530 2471 reliquit.
559 2422 732 2460 Eusebius
750 2423 784 2459 in
808 2418 974 2468 Augusto
996 2449 1006 2464 ,
1039 2420 1235 2468 Paffienus,
1263 2422 1405 2470 inquit,

373 2479 476 2520 pater
498 2472 714 2510 declamator
735 2471 875 2520 infignis
900 2471 990 2507 diem
1004 2469 1112 2508 obiit.-
1141 2473 1402 2522 paterinquarn

373 2522 467 2560 illius
498 2524 647 2561 Paffieni
686 2522 798 2570 Crispi
823 2550 834 2566 ,
863 2523 924 2570 qui
948 2521 1244 2560 cum-audivisset
1266 2524 1403 2569 Julium

374 2573 596 2611 Africanum
622 2574 807 2611 dicentem
822 2599 833 2617 ,
870 2571 1079 2610 laudaverat
1101 2574 1154 2611 his
1178 2573 1294 2612 verbis
1318 2569 1405 2613 aeti'-

377 2634 492 2661 onem
517 2625 617 2673 ejus,
649 2629 758 2666 Bene,
785 2637 838 2660 me
859 2622 995 2660 hercule
1020 2652 1028 2665 ,
1065 2623 1147 2661 bene
1170 2623 1285 2670 dixisti
1309 2642 1318 2661 :
1340 2626 1406 2675 sed

377 2675 463 2723 quid
500 2684 579 2724 opus
603 2675 730 2722 suerat
762 2673 821 2711 hoc
854 2685 931 2710 tam
966 2673 1047 2711 bene
1078 2674 1214 2719 dicere,
1253 2688 1331 2712 cum
1368 2677 1407 2713 id

375 2724 478 2771 causa
503 2739 572 2762 non
592 2725 778 2775 exigeret?
807 2725 921 2763 lomi.
958 2725 1058 2764 Nihil
1080 2725 1151 2765 sani
1174 2734 1248 2764 erat
1271 2728 1307 2763 in
1330 2728 1408 2765 vul-

378 2782 461 2818 gata
494 2776 655 2815 lectione
676 2804 686 2819 ‚
725 2786 837 2824 quam
870 2788 938 2813 nos
961 2804 972 2818 ‚
998 2776 1205 2824 praefiscine
1229 2777 1383 2815 dixerim
1401 2807 1409 2822 ,

382 2821 578 2876 feiiciffirne
602 2825 891 2864 emendavimus.
942 2826 1011 2863 Sed
1041 2839 1086 2864 ne
1113 2836 1236 2876 pereat
1259 2829 1408 2866 ramle-

379 2870 505 2925 pidum
529 2883 788 2912 commentum
812 2903 822 2917 ‚
853 2876 1047 2925 postquam
1070 2889 1113 2915 ex
1139 2886 1319 2915 contextu
1340 2880 1409 2917 mi·-

377 2928 495 2967 ΒΓΑ-’,ἰ
521 2949 530 2961 ,
558 2923 617 2957 hic
642 2924 763 2960 saitem
786 2925 931 2971 legatur.
983 2927 1035 2962 Ita
1060 2938 1147 2974 ergo
1174 2940 1305 2965 omnes
1328 2929 1408 2965 vul-

379 2979 507 3018 gatae:
539 2972 674 3007 Aderat
698 2976 809 3008 matri
836 2974 941 3009 lulius
969 2977 1185 3021 Africanus,
1209 2987 1304 3026 nepos
1330 2976 1410 3014 mlii

386 3021 583 3060 Oramus:
635 3032 710 3068 quo
744 3022 865 3058 audito
904 3023 1074 3068 Paffi'cnur
1118 3028 1254 3073 Crispus
1290 3027 1408 3074 dixit,

388 3075 475 3107 Bene
491 3099 498 3112 ,
527 3069 737 3113 mehercule,
766 3070 867 3107 bewe:
892 3071 956 3119 sed
977 3086 1040 3121 quo
1063 3084 1137 3110 tam
1160 3078 1267 3114 bene?
1298 3077 1407 3115 Iulius

387 3121 516 3171 Nepcs
537 3122 672 3161 iuvenis
696 3121 883 3171 ingeniosus
909 3131 973 3161 cet.
1005 3123 1115 3163 vide.
1137 3138 1311 3175 inagnum
1340 3138 1405 3165 nu-

1458 984 1568 1022 lulius
1595 990 1705 1034 Nepos
1728 1013 1754 1029 ,.
1777 985 1836 1023 sed
1855 985 1959 1023 huius
1981 995 2076 1033 nepos
2098 986 2279 1025 exhibent.
2332 988 2486 1036 Quare..

1457 1046 1506 1072 ne
1537 1036 1700 1085 vulgares
1738 1034 1857 1074 sordes
1899 1036 2021 1073 multis
2053 1039 2232 1084 exagitem
2257 1065 2266 1082 ‚
2304 1036 2419 1088 scripsi
2447 1041 2485 1078 ὄε

1462 1084 1605 1125 distinxi
1632 1099 1640 1124 :
1671 1087 1816 1125 Aderat
1840 1087 1951 1124 matri
1976 1086 2084 1123 Iulius
2107 1087 2304 1133 Africanus
2324 1115 2335 1132 ,
2372 1101 2489 1139 nepos

1463 1137 1545 1175 iulii
1568 1140 1721 1176 oratoris
1747 1142 1837 1188 (quo
1860 1137 1981 1175 audito
2001 1135 2176 1185 Passienus
2199 1137 2341 1186 Crispus
2363 1139 2485 1178 dixit.-

1465 1188 1547 1226 bene
1561 1217 1572 1234 ‚
1599 1187 1789 1226 mehercule
1804 1217 1814 1234 ‚
1842 1188 1945 1227 bene:
1974 1188 2032 1236 sed
2056 1199 2122 1236 quo
2144 1197 2224 1224 tam
2238 1186 2495 1236 ben23)huius

1463 1251 1578 1288 nepos
1600 1240 1948 1290 iuvenis=ingeniosus
1972 1240 2042 1277 &c.
2084 1238 2262 1276 Sicvides
2284 1240 2410 1276 omnia
2434 1251 2489 1279 ref·

1462 1290 1519 1328 ete
1543 1291 1754 1340 procedere.
1783 1292 1890 1329 Unus
1913 1291 2106 1328 Africanus
2126 1300 2243 1338 nepos
2265 1288 2372 1327 dicit:
2403 1302 2507 1330 euur

1461 1340 1623 1381 describit
1645 1343 1689 1380 ab
1710 1353 1783 1379 avo
1805 1342 1870 1380 suo
1895 1369 1905 1387 ,
1943 1353 2020 1391 quo
2041 1352 2114 1378 avo
2132 1340 2259 1378 audito
2293 1340 2511 1389 aliquando-

1461 1392 1641 1432 Paffienus
1667 1392 1728 1432 ista
1754 1393 1915 1431 dixerat:
1945 1394 1983 1430 &
2006 1391 2085 1440 post
2103 1392 2194 1430 haec
2218 1390 2263 1429 de
2284 1401 2358 1429 avo
2380 1392 2493 1431 inter-,⁴

1462 1441 1577 1492 pofita
1596 1444 1752 1483 adsumit
1772 1447 2005 1482 orationem:
2036 1441 2140 1481 huius
2153 1470 2164 1486 ,
2195 1442 2346 1492 inquam
2362 1471 2373 1487 ,
2395 1452 2492 1493 nepos

1463 1502 1531 1531 cet.
1572 1494 1708 1532 Forma
1730 1495 1903 1533 scribendi
1928 1523 1938 1539 ‚
1965 1502 2005 1532 ut
2027 1495 2162 1543 legenti
2186 1493 2390 1531 consulatur
2405 1521 2415 1538 ,
2443 1493 2492 1533 est

1463 1544 1749 1596 frequentissima
1764 1574 1774 1590 ‚
1804 1547 1842 1584 8<
1866 1547 1964 1596 plura
1989 1546 2157 1595 exempla
2167 1545 2252 1594 ‹peti
2276 1543 2421 1593 poflunt
2444 1557 2490 1584 ex

1463 1596 1503 1634 iis
1518 1624 1528 1641 ,
1556 1609 1650 1647 quae
1672 1597 1914 1648 produximus
1936 1596 1989 1634 ad¹
2008 1597 2085 1635 Lib.
2109 1598 2158 1633 V.
2180 1594 2289 1644 Epist.
2313 1595 2381 1633 ΙΙΙ.
2404 1607 2439 1633 n.
2458 1597 2492 1645 ςὲ
2548 1599 2551 1602 “

1464 1651 1535 1684 Αην
1564 1659 1635 1697 ego
1668 1660 1794 1687 verear
1828 1649 2030 1697 <nemi-nem
2063 1648 2270 1686 viventium
2302 1647 2395 1695 cet.)
2425 1647 2512 1696 sedv

1465 1709 1535 1747 ego
1557 1711 1683 1738 verear
1697 1729 1706 1745 ,
1736 1713 1777 1738 ne
1797 1714 1850 1738 me
1871 1713 1940 1738 non
1954 1700 2192 1749 satisdeceat
2216 1707 2285 1736 cet.
2310 1699 2348 1736 &
2369 1698 2414 1736 ad
2435 1697 2491 1737 Ei.

1467 1750 1554 1788 Lib.-
1580 1750 1688 1800 Epist.
1719 1752 1786 1789 VI.
1820 1764 1852 1790 n.
1883 1763 1945 1798 23.
1970 1752 2024 1788 cui
2048 1750 2163 1800 subest
2189 1750 2397 1788 fonticulus.
2450 1754 2492 1787 In

1464 1800 1537 1838 hoc
1571 1802 1675 1841 fonte
1709 1814 1824 1841 crater
1857 1811 1927 1841 cet.
1966 1802 2104 1840 Gellius
2141 1801 2217 1839 Lib.
2252 1799 2394 1838 XVIII.
2417 1812 2512 1851 cap..

1465 1851 1552 1889 VII.
1576 1855 1688 1901 prInc.
1718 1855 1892 1891 Domitio
1916 1853 2048 1892 homini
2073 1853 2170 1890 doc‘lo
2185 1880 2194 1896 ,
2221 1852 2272 1889 cus·
2293 1863 2491 1900 cognomen-

1465 1912 1543 1940 tum
1573 1906 1696 1953 insano
1722 1907 1867 1952 faflum
1898 1905 2003 1952 est...
2039 1905 2071 1942 ei
2096 1904 2267 1942 Domitio
2292 1903 2489 1940 Favorinus

1466 1953 1574 2000 noster
1595 1968 1673 1993 cum
1692 1959 1785 2002 forre
1795 1955 1938 1993 obviam
1954 1954 2109 2004 veniffet.
2138 1955 2315 2004 Apuleius
2328 1954 2488 2002 Apolog;

1464 2015 1544 2054 pag.
1566 2007 1650 2055 285.
1675 2013 1730 2044 At
1748 2008 1841 2044 enim
1870 2007 1997 2046 Manio
2022 2007 2162 2050 Curio,
2190 2016 2238 2042 tot
2254 2005 2385 2042 adoreis
2398 2004 2505 2052 longe*

1437 2076 1438 2079 =
1467 2056 1619 2113 ιἠιίιιιο,
1637 2059 1764 2114 ‘quippe
1797 2058 1856 2105 qui
1884 2070 1936 2095 ter
1959 2056 2182 2106 triumphum
2205 2069 2279 2092 una
2299 2065 2399 2104 porta
2420 2066 2487 2102 ege·

1466 2119 1540 2150 7¹1⁴,
1569 2110 1600 2146 ei
1633 2121 1741 2157 tgttur
1776 2109 1906 2148 Manio
1938 2109 2053 2147 Curio
2087 2109 2171 2145 duos
2193 2107 2283 2156 solas
2318 2107 2356 2144 in
2378 2103 2486 2152 castris

1468 2158 1601 2197 calones
1628 2160 1731 2210 fuisse
1752 2169 1767 2198 ?
1815 2160 1878 2208 qui
1911 2159 2090 2209 Apuleius
2123 2159 2198 2197 fere
2233 2160 2364 2197 nimius
2385 2155 2484 2194 estin

1468 2210 1541 2247 hoc
1563 2221 1707 2258 genere.
1736 2210 1958 2258 Augustinus
1982 2211 2027 2249 de
2050 2218 2112 2248 rat.
2136 2209 2346 2247 animae-ad
2359 2207 2487 2244 Hiero-

1469 2272 1573 2309 nym.
1607 2263 1699 2309 Quis
1723 2273 1843 2299 autem
1866 2264 1996 2307 novit,
2024 2262 2112 2311 quid
2136 2261 2326 2309 parvulus,
2347 2258 2391 2313 'de
2407 2268 2489 2306 quo-

1467 2325 1549 2348 rum
1581 2313 1790 2350 cruciatibus
1817 2313 1960 2350 -duritia
1989 2314 2163 2350 maiorum
2187 2309 2487 2349 contundunt...-

1470 2365 1549 2412 quis
1569 2376 1645 2411 ergo
1668 2366 1773 2401 novit
1789 2393 1798 2409 ,
1827 2365 1914 2413 quid
1937 2363 2012 2414 ipfis
2036 2364 2192 2413 parvulis
2211 2362 2358 2411 refirvet
2381 2358 2489 2394 deus?

1473 2417 1511 2453 ὅ(
1532 2415 1653 2463 paullo
1677 2414 1754 2465 post
1778 2428 1785 2451 :
1827 2416 1904 2464 quis
1927 2426 2048 2452 autem
2070 2415 2190 2452 novit.
2205 2442 2213 2450 .
2227 2441 2253 2451 ..
2275 2411 2350 2462 quis
2371 2418 2490 2462 auten'ff

1469 2466 1582 2503 novit.
1618 2467 1732 2504 itain
1764 2467 1967 2505 veterrimis
1997 2465 2215 2503 membranis
2244 2460 2366 2508 reperi.
2417 2456 2488 2492 Ahl

1471 2516 1619 2566 inquam
1652 2516 1704 2555 bis
1738 2516 1916 2555 secundae
1939 2515 2110 2554 clausulae
2132 2513 2296 2551 inserunt.
2345 2503 2489 2559 Λυέζοζ

1473 2568 1518 2605 de
1542 2569 1617 2605 Vir.
1641 2568 1856 2616 Contempl.
1881 2569 1960 2607 Lib.
1985 2565 2038 2602 ΙΙ,
2054 2575 2130 2610 cap.
2152 2560 2234 2596 XV.
2280 2561 2327 2591 Et
2353 2554 2486 2589 donum

1473 2618 1578 2666 nostri
1608 2619 1678 2656 levi
1714 2629 1827 2657 onere
1857 2617 1974 2666 (quod
1991 2613 2156 2662 subiecl‘os
2186 2619 2252 2643 non
2279 2613 2399 2665 oneraxt
2426 2605 2489 2650 sed

1474 2669 1625 2707 honorat
1645 2697 1655 2714 ,
1679 2683 1737 2707 nec
1758 2667 1920 2717 deprimit
1941 2663 2102 2702 omnino,
2121 2658 2186 2706 sed
2201 2654 2365 2702 subl‘2'‘⁷‘
2417 2655 2489 2709 1¹0ss

1474 2735 1550 2769 ergo
1570 2721 1643 2758 levi
1667 2731 1779 2757 onere
1796 2713 1985 2766 posthabito
2004 2706 2203 2762 plumbum¹
2221 2704 2353 2761 paudus
2369 2703 2489 2763 nostri„-

1475 2770 1664 2808 cervicibus
1693 2778 1905 2817 aggeramus.
1960 2761 2011 2799 Ita
2043 2770 2087 2796 ex
2119 2755 2364 2807 antiquissimo
2396 2754 2492 2813 god.

1475 2823 1576 2858 locus
1608 2820 1665 2858 ille
1695 2812 1971 2855 constituendus.
1998 2808 2188 2845 Homerus
2219 2804 2348 2854 Odyll.
2368 2820 2417 2848 γ.
2442 2817 2491 2845 vs.

1475 2871 1560 2909 218.
1589 2871 1625 2907 ὃ(
1654 2879 1737 2915 223.

1527 2965 1578 3004 ’.Ει
1610 2965 1683 3014 γάρ
1716 2965 1751 2999 ‹r'
1781 2958 1819 3003 ὣς
1858 2959 1980 2997 ἐθέλοι
2011 2958 2142 3003 oraim
2184 2958 2395 3000 γλκυκῶπις
2435 2959 2515 2998 'A'w

1574 3017 1622 3055 -923
1640 3032 1656 3054 n

1526 3066 1590 3106 Ὠς
1614 3065 1689 3101 τότ’
1709 3059 1906 3104 'odoni—*foc
1929 3060 2134 3110 πεξικέὸετο
2158 3057 2368 3098 ›evdoez'uoaeo
2466 3103 2482 3114 ,

1515 3114 1574 3153 '‘Ea
1591 3117 1622 3152 ν’
1646 3115 1742 3159 Era-3
1768 3115 1804 3158 ‘l’
1827 3114 1949 3151 wia„
1971 3111 2100 3160 φιλέειν
2127 3140 2136 3159 ‚
2163 3108 2299 3153 κζ’ἶοιτό
2319 3126 2354 3147 τε
2379 3111 2519 3154 θὺριῳ..

2427 3161 2514 3208 ce¹¹⁴
