2616 3686
262 214 359 257 ποθ
501 195 2166 252 C-PLI'NIICAECILIISECU-N'DT

258 280 527 345 tendunt;
567 290 630 336 ut
690 277 871 335 audias
928 277 1126 334 isaeum
1175 296 1190 333 ε
1241 277 1329 334 vel
1376 276 1508 334 ideo
1569 288 1779 333 tantum
1826 312 1849 343 ,.
1902 273 1920 325 ἶ
1975 288 2041 334 ut
2100 275 2366 335 audierss’c
2442 289 2444 291 ’

268 352 419 412 Vale..

351 513 460 572 IV.
533 512 605 570 C.
679 512 1115 570 P21N1us
1189 515 1209 535 ⁸
1280 509 1825 567 CALVINAE
1897 506 2146 566 SuA-r.
2217 506 2269 567 S.

274 649 555 717 Persoluto
593 668 713 703 aere
751 650 916 701 alieno
940 686 957 711 ‚
1006 665 1102 721 quo
1124 640 1474 718 premebatur
1510 646 1770 700 Calvinae
1799 658 1968 718 pater
1998 685 2014 711 ,
2064 665 2118 702 eo
2159 656 2375 702 mortuo·

347 723 501 777 Plin.
530 722 778 775 hortatur
789 720 996 790 filiam,
1033 733 1095 774 ut
1122 719 1279 774 adeat
1304 717 1717 784 haereditatem,
1754 738 1908 792 quam
1935 729 2165 792 propter
2195 737 2373 794 gran--

347 794 410 849 de
438 792 668 847 debitum
691 798 924 866 recipere
945 793 1194 848 timebat„

371 930 393 984 I
429 929 667 1001 pluribus
705 942 855 1002 pater
891 943 1012 985 tuus
1039 928 1079 994 ,“
1105 928 1191 984 vel
1229 929 1319 984 uni
1359 927 1579 984 cuilibet
1627 946 1644 972 ³
1673 928 1761 997 alii
1787 966 1815 992 ‚.
1863 944 2025 1000 quam
2063 926 2223 993 mihi,
2269 928 2380 985 de·-

378 1002 566 1057 buiss'et
597 1043 611 1065 ,
665 1001 841 1058 fuiffet
890 1001 1105 1059 fortaffe
1155 1000 1514 1057 dubitandum
1539 1037 1556 1064 ‚
1606 1018 1672 1055 an
1709 1009 1731 1033 ⁴
1763 999 1935 1054 adires
1973 1001 2364 1060 haereditatem

192 1101 230 1136 2
278 1080 438 1135 etiarn
480 1076 596 1130 viro
638 1092 886 1147 gravem:
927 1093 1054 1130 cum
1092 1091 1227 1129 vero
1267 1092 1373 1146 ego
1412 1073 1604 1128 duf'tus
1642 1073 1654 1099 ⁵
1696 1071 1981 1127 adfinitatis
2021 1072 2244 1138 officie,
2281 1075 2364 1131 di-

276 1150 441 1206 missis
482 1149 760 1210 omnibus,
800 1149 924 1219 qui,
957 1165 1068 1203 non
1107 1146 1235 1201 dico
1271 1147 1632 1211 molestiores,
1668 1144 1758 1200 sed
1785 1145 2153 1216 diligent-iores
2184 1163 2364 1215 erant,

274 1223 521 1278 creditor
573 1222 712 1277 solus
765 1223 1078 1276 extiterim:
1127 1234 1147 1258 ⁶
1196 1237 1431 1291 cumque
1482 1235 1587 1288 ego
1634 1217 1861 1273 nubenti
1911 1217 2011 1273 tibi
2058 1221 2116 1273 in
2174 1216 2367 1278 dotem

276 1310 498 1352 centum
541 1294 701 1349 millia
740 1293 1093 1357 contulerim,
1131 1307 1344 1364 praeter
1383 1308 1501 1346 eam
1539 1291 1828 1353 summam,
1865 1306 2028 1361 quam
2054 1301 2385 1360 patertuusy,

273 1369 418 1441 quasi
456 1367 528 1423 de
568 1384 692 1422 meo
730 1367 868 1422 dixit
923 1369 1070 1438 (erat
1109 1368 1256 1421 enirn
1293 1363 1547 1420 solvenda
1585 1364 1655 1420 de
1694 1365 1851 1423 meo)
1900 1379 2156 1434 magnum
2207 1364 2384 1422 habes>

1928 1465 1932 1468 ·
2238 1438 2370 1494 fac-i·

326 1597 343 1624 1
373 1586 419 1618 Ut
441 1579 635 1629 audieris]
673 1579 730 1617 Ut
762 1590 828 1630 per
849 1589 894 1617 ea·
913 1578 1110 1628 cognoscas
1132 1577 1221 1616 isaei
1242 1578 1298 1616 in·
1335 1574 1587 1618 haereditate,
1612 1581 1655 1613 ut
1675 1576 1798 1625 potius
1831 1582 2029 1624 parentum-
2060 1585 2172 1625 quam
2205 1570 2374 1624 ipsorum

275 1637 426 1684 genium
461 1632 499 1668 &
533 1631 785 1680 eloquentiam
817 1637 995 1679 tanquam
1028 1630 1054 1668 fi
1086 1641 1173 1667 eum
1197 1628 1299 1666 audi-
1338 1627 1435 1664 bona
1457 1625 1617 1665 fimiliter
1636 1639 1658 1664 a
1687 1625 1922 1664 creditoribus
1945 1624 2200 1675 poffideantur.
2239 1625 2369 1665 Calvi·

276 1683 394 1724 viffes.
450 1681 538 1718 Hoc
572 1682 685 1729 magis
716 1681 833 1730 placet
859 1709 869 1724 ,
908 1692 1020 1729 quam
1044 1679 1104 1717 vel
1126 1680 1302 1717 duntaxat
1340 1690 1389 1713 na
1420 1679 1526 1725 igitur
1560 1679 1666 1726 patris
1700 1674 1893 1715 neceffaria
1914 1677 2041 1714 haeres
2063 1676 2257 1714 verebatur
2278 1676 2376 1718 hae-

278 1737 401 1774 audias
416 1761 426 1777 ‚
455 1740 495 1770 ut
516 1731 623 1780 poffit
643 1731 846 1780 gloriante
868 1729 1044 1769 audiviffe
1075 1729 1188 1769 illum.
1217 1712 1326 1802 Cia-l
1343 1727 1534 1766 redit-atem
1568 1727 1726 1777 parentis
1757 1728 1918 1776 recipere
1950 1724 2105 1776 preffam
2138 1727 2260 1764 multo
2282 1737 2368 1767 aere

282 1801 309 1827 a·
325 1799 346 1823 A
362 1799 396 1823 Ν.
1347 1778 1479 1816 alieno.
1509 1778 1664 1816 Cum.

330 1849 350 1874 2
380 1832 600 1882 Calvinae.]
640 1830 823 1870 Calvinas
852 1839 924 1869 tres
959 1830 1062 1870 fuiffe
1092 1830 1205 1879 lego,
1234 1830 1307 1876 Ju-
1397 1842 1416 1877 ς
1448 1827 1818 1877 Adfinitatisofficio.]
1848 1828 2199 1874 Videturinnuere,
2226 1827 2369 1866 acal·
2610 1828 2616 1860 l

279 1887 380 1926 niam
404 1886 607 1924 Calvinum
630 1884 814 1932 originem
835 1883 880 1920 ab
894 1882 1062 1930 Augusto
1073 1882 1307 1927 trahentem,
1344 1879 1475 1929 visium
1498 1887 1690 1929 parentem
1714 1881 1897 1917 Domitiae
1909 1878 2097 1917 Calvinae
2107 1878 2257 1918 Caecilio
2271 1878 2371 1918 areta

277 1950 376 1989 quae
401 1934 626 1985 Vespafiano
656 1934 853 1983 supervixit
877 1945 885 1970 ε
925 1934 1033 1971 aliam
1069 1933 1307 1977 meretricem,
1346 1932 1620 1980 propinquitate
1631 1930 1884 1978 conjunctum.
1913 1931 2028 1968 IDEM.
2058 1930 2158 1968 Alii:
2186 1928 2370 1970 adductus

279 1991 426 2028 tertiam
451 1986 601 2025 Calvini
623 2013 632 2030 ,
652 1985 698 2023 ad
723 1996 836 2034 quem
860 1983 976 2021 scribit
1002 1983 1188 2029 juvenalis
1213 2011 1223 2028 ‚
1245 1992 1310 2033 pa-
1345 1980 1552 2025 adfinitatis
1574 1980 1677 2028 officio
1704 2009 1716 2026 ,
1742 1981 1846 2029 quod
1869 1981 1982 2018 etiam
2006 1979 2114 2018 MSS.
2147 1980 2299 2029 quidam
2332 1991 2374 2018 a-

280 2052 429 2078 rentem.
484 2040 712 2086 Quanquam
737 2038 775 2073 &
797 2034 979 2072 Calvinae
1012 2034 1200 2084 epistolam
1227 2034 1311 2072 mis-
1349 2031 1538 2078 gnoscunt.
1565 2032 1664 2069 Mox
1696 2031 1874 2069 dimittere
1906 2030 2110 2069 creditorem
2132 2030 2181 2068 est
2204 2031 2375 2071 creditori

281 2091 356 2129 sam
379 2091 534 2138 legimus
550 2117 559 2133 ,
589 2099 684 2138 quae
707 2088 882 2124 maritum
901 2086 1027 2123 habuit
1051 2085 1219 2122 Anulum
1232 2086 1312 2123 Ve-
1348 2082 1547 2122 satisfacere
1570 2111 1581 2128 ‚
1618 2089 1660 2120 ut
1694 2082 1805 2120 etiarn
1839 2081 2004 2120 debitores
2029 2111 2040 2128 ‚
2068 2083 2133 2133 qui
2153 2082 2392 2129 liberantur..

284 2153 369 2181 rum
400 2143 572 2179 Praetura
604 2137 777 2174 functum
802 2165 812 2181 ,
852 2147 898 2172 ex
922 2147 999 2185 quo
1023 2132 1140 2173 filium
1163 2135 1313 2185 suscepit
1350 2132 1487 2170 dimitti
1517 2134 1694 2172 dicuntur.
1750 2133 1842 2182 Leg.
1874 2133 1930 2172 28.
1963 2148 2003 2170 π.
2036 2132 2228 2182 depactis
2263 2128 2374 2172 dofaL

286 2192 341 2230 M.
377 2191 616 2230 Antoninum
642 2218 653 2234 ,
689 2188 812 2225 virum
846 2187 883 2223 in
916 2187 1026 2224 omni
1058 2187 1131 2224 vita
1154 2186 1312 2234 philoso-
1350 2183 1385 2218 Si
1402 2187 1508 2233 pasta
1521 2183 1573 2232 fit
1596 2184 1745 2227 mulier,
1772 2195 1812 2221 ut
1834 2197 1877 2221 ex
1897 2183 2004 2228 fundi
2017 2182 2198 2231 fruHibus
2220 2211 2230 2227 ,
2269 2197 2374 2235 quem

286 2244 464 2291 phantem
480 2270 490 2287 ,
518 2242 582 2290 qui
606 2241 812 2287 Imperator
837 2245 976 2275 creatus
999 2237 1096 2274 vitae
1127 2236 1313 2275 sanstitate
1350 2234 1449 2271 dedit
1468 2234 1505 2270 in
1529 2235 1669 2278 dotem,
1699 2232 1855 2272 creditor
1878 2235 2033 2272 mulieris
2063 2234 2263 2273 dimittatur
2286 2262 2297 2279 ,
2333 2235 2373 2273 &

286 2289 421 2332 omnes
453 2293 632 2342 principes
665 2289 855 2338 superavit.
897 2287 954 2326 In
968 2300 989 2324 E
1004 2300 1044 2324 M.
1099 2287 1291 2326 Mediceus
1305 2318 1314 2334 ,
1351 2295 1464 2321 mox:
1493 2285 1568 2321 iam
1590 2286 1632 2322 de
1645 2286 1710 2335 suo
1733 2287 1887 2324 maritus
1905 2285 2092 2335 paciscitur
2115 2313 2127 2330 ‚
2155 2296 2196 2322 ut
2218 2285 2372 2324 dinuttat

290 2345 423 2394 aliique
446 2343 555 2383 nostri
576 2343 614 2380 in
637 2341 792 2378 nomine
815 2338 996 2377 Calvinae
1029 2338 1118 2376 nihil
1152 2339 1314 2383 variant3
1354 2335 1587 2374 creditorem.

291 2403 328 2432 at
351 2396 396 2433 illi
422 2406 553 2432 omnes
575 2392 714 2430 addunt
737 2397 845 2435 suae,
872 2389 976 2439 quod
1001 2388 1158 2426 editores
1171 2388 1317 2429 fortafi'e
1402 2385 1426 2421 6
1453 2391 1612 2436 Cumque
1634 2387 1785 2424 vivente
1808 2398 1855 2426 eo
1879 2385 2025 2424 nubenti
2044 2383 2148 2434 tibi]
2179 2385 2232 2424 Ita
2257 2383 2367 2432 vulgo

294 2458 340 2483 ex
368 2445 498 2483 frivola
523 2443 638 2481 causta
654 2470 664 2487 ‚
692 2454 739 2479 ne
763 2441 939 2479 familiare
963 2440 1071 2478 nimis
1103 2448 1167 2479 aut
1200 2440 1316 2489 suspe-
1356 2436 1661 2476 circumferebant
1686 2466 1696 2482 ‚
1723 2448 1792 2474 nec
1816 2438 1893 2475 vitii
1914 2438 2108 2487 quisquam
2130 2435 2284 2484 suspecta
2305 2434 2368 2471 ha-

297 2497 399 2533 etum
435 2507 503 2544 pro
537 2495 675 2532 femina
712 2491 798 2530 ess'et
822 2520 832 2536 ,
873 2491 1082 2529 omiserunt.
1112 2491 1223 2530 Certe
1246 2491 1317 2530 tale
1356 2486 1467 2533 buit,
1506 2496 1589 2527 utut
1621 2490 1694 2527 iam
1725 2486 1832 2527 sonus
1863 2490 2062 2526 verborum
2085 2488 2228 2524 vivente
2247 2497 2282 2520 eo
2302 2495 2368 2519 nu-

296 2546 387 2594 quid
410 2549 447 2585 in
471 2554 636 2582 mentem
660 2543 761 2580 venit
783 2543 932 2580 Bai-thio
954 2541 1046 2580 infra
1067 2541 1114 2579 ad
1138 2543 1218 2580 Lib.
1253 2542 1318 2581 ΙΙΙ.
1357 2536 1453 2575 hemi
1474 2539 1538 2576 tibi
1559 2551 1686 2577 aurem
1711 2539 1842 2577 vellere
1864 2537 2044 2589 potuiffet.
2089 2534 2161 2574 Sed
2179 2532 2367 2570 absurdum

299 2596 406 2646 Epist.
434 2597 476 2633 Χ.
530 2596 619 2633 Non
644 2603 771 2632 tamen
794 2594 841 2631 ita
865 2593 1002 2631 solliciti
1026 2591 1174 2630 fuerunt
1207 2593 1319 2632 iidem
1359 2589 1470 2626 etiam
1495 2589 1567 2634 est,
1594 2591 1653 2628 hic
1675 2590 1821 2629 vivente
1840 2603 1874 2628 eo
1895 2589 2002 2631 addi,
2029 2596 2112 2622 cum
2127 2591 2222 2621 Ceste
2236 2610 2246 2626 2
2274 2593 2367 2631 quae

301 2648 349 2685 iffi
375 2648 452 2687 Lib,
479 2647 545 2684 IV,
568 2645 676 2695 Epist.
702 2643 802 2680 XIX.
830 2644 909 2681 Lib.
932 2643 1021 2681 Vll,
1045 2643 1323 2692 Epist,X1V,&
1358 2639 1459 2688 supra
1482 2642 1730 2685 memoravit,
1757 2652 1834 2678 non
1857 2641 1976 2677 minus
1997 2637 2142 2690 vivegm
2157 2642 2257 2689 patre
2286 2632 2369 2670 Cal-

302 2706 384 2736 tuto
410 2728 420 2742 ‚
448 2698 598 2735 arbitror
624 2725 634 2741 ,
661 2696 720 2733 hic
744 2695 853 2733 etiam
877 2695 1107 2732 membranas
1130 2693 1324 2744 sequimur.
1360 2691 1470 2729 vinae
1502 2693 1693 2730 evenerint
1715 2719 1725 2736 ‚
1754 2698 1795 2728 ut
1816 2701 1951 2736 nempe
1971 2685 2116 2724 dimissrs
2138 2690 2288 2727 ceteris,
2315 2683 2370 2721 sO-

356 2761 374 2796 3
407 2749 512 2792 Alii,
539 2761 647 2798 quam
673 2744 797 2794 mihi]
841 2745 1051 2789 Sichardus,
1077 2745 1263 2794 Gryphius
1288 2748 1326 2784 ὅ(
1359 2741 1413 2780 lus
1437 2742 1595 2781 creditor
1617 2741 1804 2780 cxfisteret.
1861 2739 1951 2776 Non
1970 2734 2108 2791 urgebo
2127 2760 2142 2790 .’
2170 2733 2272 2790 quod
2295 2733 2374 2773 stilo

306 2796 385 2834 alii:
415 2800 476 2837 alii
498 2799 574 2846 plus
589 2827 598 2842 ‚
626 2811 735 2848 quam
756 2795 870 2841 mihi,
899 2796 1002 2845 quod
1033 2804 1158 2834 tamen
1190 2796 1328 2834 addita-
1366 2792 1488 2830 Nostri
1511 2794 1631 2831 minus
1655 2792 1876 2829 conveniens
1897 2787 1959 2831 fit,
1986 2786 2044 2821 liic
2065 2783 2135 2832 legi
2157 2794 2305 2822 vivente
2316 2799 2393 2831 eo„

262 2879 267 2884 ,
310 2858 478 2884 mentum
528 2849 631 2886 MSS.
680 2850 858 2896 ignorant.
907 2847 1105 2885 Lindenbr.
1135 2848 1173 2884 ὅ(
1201 2847 1329 2885 Oxon.
1367 2854 1452 2880 cum
1486 2843 1653 2892 sequatur
1674 2850 1776 2890 pater
1808 2849 1899 2875 tuus.
1951 2832 2135 2872 Faccffimt
2158 2845 2246 2883 ergo
2269 2835 2376 2874 odio-

311 2895 433 2944 aliqua
451 2898 558 2933 etiam
581 2898 680 2934 mihi.
721 2898 812 2934 Illud
835 2898 956 2947 aliqua
979 2898 1153 2946 profluxit
1187 2910 1232 2935 ex
1266 2910 1330 2936 ve-
1367 2894 1421 2931 fire
1443 2893 1522 2930 inae
1545 2903 1680 2933 voces,
1707 2892 1746 2927 &
1767 2888 2025 2926 adhaereamus
2046 2885 2267 2923 membranis
2293 2886 2398 2926 Me..

314 2949 379 2983 teri
403 2946 566 2995 scriptura
589 2947 663 2990 ali,
692 2958 759 2993 pro
781 2947 853 2983 alii.
907 2949 959 2984 Ita
984 2949 1083 2985 enim
1117 2950 1154 2986 in
1167 2948 1331 2988 Riccard.
1368 2944 1475 2980 <liceis
1499 2970 1510 2986 2
1548 2942 1584 2978 5¹1
1617 2940 1744 2989 quibus
1776 2940 1821 2976 ita
1847 2937 1986 2984 legitur.
2039 2940 2197 2985 Cumque
2219 2946 2290 2984 ego
2314 2949 2389 2975 nu-

314 2996 451 3044 legitur.
484 2996 682 3033 Hclmstad.
704 2995 766 3033 alii
787 3009 897 3044 quam
915 2999 1022 3033 etiam
1048 2998 1148 3035 mihi.
1370 2993 1465 3030 hemi
1498 2990 1560 3027 tibi
1591 2990 1627 3027 in
1661 2989 1775 3025 dotem
1809 2991 1850 3023 C.
1883 2987 1982 3024 mitia
2003 2986 2216 3023 contulerim.
2272 2987 2406 3037 Suprass

366 3059 392 3093 4
420 3048 550 3083 Adires
583 3045 879 3091 haereditatem]
932 3047 1144 3086 Neccssariis
1168 3047 1334 3087 haeredi-
1369 3042 1568 3090 scripserat:
1598 3051 1683 3076 cum
1708 3052 1788 3075 vero
1810 3049 1880 3086 ego
1903 3038 2026 3074 duetus
2050 3039 2124 3085 ads.
2149 3036 2201 3085 off
2226 3037 2264 3075 ὅ(
2286 3049 2386 3077 nunc

317 3096 382 3141 bus
416 3098 591 3148 permittit
623 3098 772 3137 Praetor
806 3094 1010 3136 volentibus
1043 3097 1077 3137 se
1099 3098 1272 3142 abstinere
1293 3098 1337 3138 ab
1372 3093 1520 3133 altera-m
1555 3087 1711 3130 cauffam
1743 3088 1875 3128 addit:
1903 3101 2046 3138 cum-1¹⁴⁶
2090 3101 2145 3138 eg·
2182 3095 2249 3126 cet.
2303 3088 2408 3127 Nec·

2282 3147 2388 3189 repe:
2402 3170 2405 3171 ν
