2616 3686
316 197 417 270 '770'

555 195 615 244 c,
681 178 1653 246 PL1*·N«11*‘CA·EC·1L1‹1
1724 189 2241 247 s-EcUNDt

321 291 453 331 vum
473 272 707 345 adjicere
732 282 1072 344 coeperunt,
1115 273 1266 342 cujus
1294 277 1348 328 in
1373 271 1571 342 angulo
1598 269 1674 327 est
1702 277 1717 301 ¹
1739 271 1896 326 aedes
1925 274 2269 330 vetustiffima
2298 283 2317 308 ²
2342 274 2472 335 Ma:

326 352 422 405 tris
445 367 695 422 magnae,
736 361 826 402 aut
852 344 1162 409 reficienda,
1187 360 1277 402 aut
1299 346 1706 410 transferenda,
1735 345 1808 400 ob
1833 346 1939 402 hoc
1966 344 2281 420 praecipue,
2306 353 2462 419 quod

289 423 407 480 zest
432 426 601 478 multo
628 421 922 494 depr-eliior
949 438 1115 491 opere
1141 438 1207 474 eo
1226 461 1242 483 ‚
1283 420 1477 493 3‘quod
1508 441 1631 476 cum
1660 421 1894 475 maxime
1925 423 2102 495 surgit.
2141 431 2160 461 ⁴
2190 420 2479 497 Ego'cum,
2556 476 2563 480 .

333 516 679 572 quaererem,
722 515 851 550 num
879 495 1005 550 effer
1034 495 1204 564 aliqua
1229 502 1243 530 ⁵
1267 496 1354 550 lex
1385 495 1523 550 diei-a
1553 498 1759 568 templo
1790 514 1801 549 z
1843 500 2111 568 cognovi,
2152 501 2312 554 alium
2348 502 2485 566 hie,⁴

335 575 495 627 alium
535 572 676 643 apud
719 588 814 624 nos
847 568 948 623 effe
988 585 1199 623 morem
1235 568 1609 625 dedicationis.

335 661 492 718 putes
517 648 700 701 aedem
724 684 738 708 ‚
777 646 796 673 ⁶
825 645 912 696 cui
936 643 1077 696 nulla
1099 643 1188 698 lex
1218 642 1358 698 dieta
1380 643 1454 697 est
1481 684 1496 708 ,
1537 645 1673 700 salva
1702 646 1964 716 religione

335 728 364 795 3,
379 723 578 795 alioqui
601 715 1096 776 commodiffimum
1121 718 1223 783 est,
1265 717 1302 773 fi
1327 719 1515 794 religio
1545 737 1656 775 non
1681 720 1926 793 impedit.

386 1040 418 1069 1.—
446 1031 560 1069 Aedes
576 1026 838 1082 vetustiffima.]
864 1029 925 1068 De
947 1027 1043 1067 reeta
1061 1026 1242 1067 eleetlone
1260 1028 1363 1066 loco-

332 1091 413 1119 rum
427 1082 506 1126 ‚ubi
522 1081 629 1120 aedes
641 1082 755 1119 sacrae
771 1082 937 1119 Deorum
960 1080 1173 1119 Dearumve
1196 1078 1365 1117 constitui

332 1131 552 1177 debuerint,
590 1132 766 1171 videndus
798 1133 983 1171 Vitruvius
1024 1131 1104 1169 Lib.
1128 1131 1154 1172 1,
1196 1141 1272 1179 cap.
1300 1130 1362 1169 ult.

333 1182 368 1224 R
382 1196 396 1221 1
406 1196 433 1222 T
447 1198 467 1222 r
482 1197 501 1223 ε
515 1197 538 1222 R
553 1198 568 1221 s
581 1197 607 1223 H
622 1196 646 1222 u
659 1197 688 1222 ε.

377 1246 413 1273 2.
449 1236 579 1274 Matris
614 1235 803 1285 Magnae]
844 1241 965 1273 Mater
1001 1244 1131 1281 magna
1154 1260 1164 1276 ‚
1193 1229 1359 1278 Cybele,

325 1295 421 1332 quae
439 1288 477 1325 ὅς
498 1287 600 1324 Rhea
614 1314 624 1330 ,
653 1288 692 1324 &
713 1287 792 1334 Ops
809 1300 821 1330 3
860 1297 953 1335 quae
975 1285 1080 1322 Deos
1099 1281 1261 1331 genuiffe
1280 1292 1359 1318 cre-

325 1334 397 1373 dita
415 1363 426 1380 ‚
463 1337 559 1375 unde
588 1338 626 1374 &
653 1347 770 1375 mater
799 1349 928 1385 magna
950 1363 961 1381 ‚
997 1342 1037 1372 ut
1059 1333 1145 1371 hic:
1186 1334 1224 1370 &
1246 1342 1362 1370 mater

325 1390 443 1424 Deum
465 1416 476 1434 ‚
509 1396 549 1425 ut
569 1387 733 1436 sequenti
754 1387 899 1435 epistola
923 1414 933 1430 ‚
971 1385 1177 1433 appellatur.
1204 1382 1269 1420 Bu
1285 1395 1360 1420 cn—

325 1447 442 1476 Nsa.
479 1437 574 1476 Item
608 1438 770 1476 Straboni
803 1439 940 1484 Geogr.
978 1436 1059 1473 Lib.
1089 1434 1135 1473 X.
1171 1445 1249 1483 pag.
1273 1443 1359 1482 7¹9·

326 1486 504 1526 Suetonio
542 1490 636 1536 Aug.
673 1501 750 1537 cap.
772 1487 950 1525 LXVlH.
988 1486 1124 1524 Tacito
1159 1485 1224 1524 1V.
1257 1485 1358 1522 Ann.

325 1549 402 1587 cap.
427 1540 564 1579 LXIV.
600 1540 815 1578 Herodiano
854 1537 998 1577 Lib..l.
1033 1548 1111 1580 cap.
1143 1535 1208 1574 XI.
1244 1535 1283 1572 δε
1317 1536 1353 1573 in

324 1589 432 1629 Inscr.
465 1590 561 1641 apud
597 1590 805 1629 Reinefiurn
846 1590 950 1627 lnscr.
990 1585 1098 1626 Class.
1128 1585 1155 1624 1.
1200 1597 1236 1623 n.
1268 1587 1356 1624 226.

322 1641 641 1688 quemadmodum
663 1643 769 1680 etiam
793 1651 908 1679 mater
931 1651 1062 1687 magna
1081 1637 1242 1685 Euripidi
1259 1637 1356 1685 apud

323 1691 538 1730 Strabonem
568 1693 647 1731 Lib.
666 1695 704 1731 X
739 1703 818 1741 pag.
840 1704 926 1734 720.
952 1689 1121 1727 Ciceroni
1137 1699 1205 1738 pro
1229 1687 1353 1725 Sextio

321 1752 399 1791 cap.
414 1744 552 1782 XXVI.
583 1744 752 1781 Minucio
787 1742 893 1780 Felici
925 1739 1059 1777 Oeiav.
1081 1740 1149 1777 VI.
1176 1751 1211 1777 n.
1230 1750 1266 1776 2.
1293 1739 1354 1775 In-

318 1793 499 1842 scriptioni
528 1794 624 1843 apud
671 1795 871 1831 Gruterum
917 1789 1126 1828 CCCVIlI.
1164 1802 1198 1837 ς.
1236 1797 1277 1826 ut
1314 1790 1351 1826 δε

319 1855 433 1883 mater
457 1846 561 1883 Idaea
583 1846 751 1884 Ciceroni
769 1843 814 1880 de
835 1842 986 1890 Harusp.
1009 1840 1113 1888 Resp.
1132 1851 1209 1885 cap.
1227 1841 1273 1877 X.
1305 1839 1351 1877 de

321 1895 449 1943 Legib.
478 1897 556 1934 Lib.
575 1896 621 1933 ll.
659 1907 736 1943 cap,
761 1895 824 1933 IX.
865 1894 973 1931 Livio
1011 1891 1091 1928 Lib.
1110 1891 1248 1929 XXIX.
1274 1901 1352 1939 cap.

316 1945 422 1984 XlV.
450 1947 591 1986 Ovidio
613 1947 679 1984 lV.
707 1946 798 1984 Fast.
821 1957 873 1983 vs.
897 1943 978 1981 182.
1015 1942 1162 1980 Valerio
1186 1942 1352 1979 Maximo

320 1997 401 2035 Lib.
431 1998 518 2038 Vll.
551 2010 627 2046 cap.
662 1998 712 2034 V.
749 2008 849 2036 n.-2.
886 1994 1054 2032 Minucio
1090 1993 1194 2030 Felici
1217 1992 1349 2030 oelav.

320 2059 399 2098 cap.
419 2049 506 2088 Vll.
543 2062 578 2087 n.
602 2062 636 2099 3.
662 2048 784 2087 XXV.
808 2058 866 2083 ir.
888 2058 944 2083 ro.
981 2045 1099 2081 immo
1133 2054 1247 2080 mater
1272 2043 1350 2079 κη’

323 2099 444 2146 ianm
488 2100 628 2139 Ovidio
663 2099 753 2137 Fan.
790 2097 861 2136 IV.
894 2108 934 2133 vs
976 2105 1062 2142 250.
1109 2094 1352 2141 Haephe'slio·

321 2151 361 2188 ni
392 2162 473 2200 pag.
506 2163 568 2196 40.
603 2152 693 2188 item
731 2147 885 2187 Pindaro
911 2174 922 2191 ,
960 2145 1153 2182 Polluci&
1178 2144 1352 2181 Moscho-

320 2202 410 2249 pulo
448 2213 468 2239 a
506 2202 663 2251 Neapoli
699 2199 744 2238 ad
781 2197 895 2237 Ovid.
933 2196 1105 2234 excitatis.
1153 2196 1352 2232 Lonoo-

321 2263 448 2291 trus
646 2275 649 2278 -

348 2292 352 2294 ’
379 2317 413 2355 3.
445 2304 652 2342 officum
675 2292 866 2350 mxima]
907 2299 963 2337 Sic
999 2297 1053 2335 est
1076 2306 1094 2333 a
1115 2307 1228 2333 manu
1251 2295 1353 2333 Pii-nii

319 2342 569 2407 quamssobis
608 2356 783 2402 integram
823 2350 976 2388 servavit
1013 2349 1190 2385 Gruterus
1214 2347 1249 2383 in
1282 2346 1334 2384 Ed

313 2409 397 2453 sua,
424 2416 533 2457 atque
555 2408 600 2444 ita
625 2408 734 2444 etiam
756 2401 953 2451 legendum
986 2399 1197 2446 conjecerat
1218 2425 1227 2440 ,
1258 2396 1346 2434 dum

313 2460 477 2502 viveret,
506 2457 696 2496 CLCorre.
723 2455 836 2492 Favet
855 2451 1248 2506 emendationi-margo
1273 2447 1345 2485 Ca-

312 2511 461 2550 sauboni
486 2510 524 2546 &
542 2509 678 2546 Minois
691 2506 782 2544 Edd.
810 2515 891 2555 quot
917 2516 993 2539 cum
1017 2512 1195 2556 maxime,
1220 2499 1267 2535 al.
1281 2512 1344 2556 quo

313 2574 392 2599 cum
415 2561 591 2602 maxime,
618 2570 711 2608 quae
737 2556 861 2594 ultima
884 2554 994 2593 etiam
1016 2563 1082 2601 pro
1104 2561 1197 2587 varia
1217 2549 1345 2587 1αᾶιο-

314 2624 363 2650 ne
385 2613 528 2652 exhibet
551 2607 821 2649 Thomafiana.
850 2607 887 2643 ὅ(
910 2606 946 2642 in
966 2611 1108 2642 textum
1131 2606 1344 2647 receperunt

315 2663 447 2702 Aldina
480 2671 632 2709 utraque
657 2689 667 2704 ,
706 2661 832 2705 Juntae
854 2658 891 2694 δε
916 2654 1099 2692 Schurerii.
1128 2652 1172 2688 Et
1189 2652 1270 2708 sane
1292 2651 1342 2688 di-

316 2714 390 2752 etio
415 2728 492 2752 cum
511 2712 664 2751 maxime
696 2711 745 2749 est
778 2705 964 2749 Secundi,
1002 2706 1058 2743 cui
1086 2713 1183 2740 nunc
1210 2714 1246 2739 1n
1275 2701 1342 2739 hac

315 2776 414 2803 nova
451 2765 518 2803 Ed.
554 2762 676 2812 paffim
711 2773 791 2799 eam
819 2758 1014 2795 restitutam
1042 2754 1160 2793 habes.
1186 2751 1279 2809 Vide
1305 2754 1341 2790 in

316 2817 434 2861 primis
474 2815 552 2853 Lib.
583 2813 650 2851 Vl.
688 2811 792 2858 Epist.
818 2808 954 2848 XXXl.
1000 2819 1037 2844 n.
1073 2818 1128 2844 rr.
1172 2803 1251 2841 Lib.
1279 2804 1343 2842 lX.

317 2865 425 2912 Epist.
444 2869 523 2905 XX.
550 2877 573 2902 n
609 2875 643 2902 2.
667 2865 739 2901 hoc
753 2861 843 2900 libro
870 2858 976 2907 Epist.
997 2855 1174 2896 XXVIIl.
1194 2861 1283 2891 extr.
1303 2855 1341 2891 &

319 2922 406 2951 nota
431 2944 440 2958 ‚
481 2916 736 2952 Brummerum
756 2913 791 2951 in
815 2923 891 2948 uno
913 2910 955 2947 ab
976 2910 1009 2947 se
1029 2908 1243 2945 collatorum
1265 2904 1342 2961 Cr>-

318 2963 439 3002 dicum
472 2964 644 3002 invenisse
676 2965 768 3001 halle
801 2962 998 2999 dittlonem
1038 2959 1117 2996 Lib.
1137 2957 1208 2994 Vl.
1233 2954 1341 3002 Epist.

318 3016 453 3056 XXXI.
480 3026 514 3050 n.
541 3026 594 3053 tr.
626 3014 773 3050 Adi-ider
792 3024 878 3059 ergo
899 3010 1007 3049 lectio
1028 3010 1064 3046 in
1088 3008 1197 3045 Livio
1221 3004 1338 3043 Lib.I.

315 3077 393 3116 GP·
411 3069 467 3111 X.
484 3063 578 3102 Cod.
605 3063 850 3101 Senatoriimt
878 3070 1058 3110 raptarum
1076 3067 1232 3107 parentes
1247 3066 1334 3094 cum

1688 569 1907 641 Dispice
1937 589 2068 643 ergo
2095 573 2358 637 Domine,
2397 594 2464 631 an

1987 645 2134 718 poffe
2157 649 2462 714 transferri,
2479 701 2482 705 ,

2319 881 2474 941 LIX.
2488 932 2493 937 ,

1429 1030 1587 1069 maxime
1598 1027 1745 1077 fhrdida
1768 1027 1855 1076 veste
1868 1056 1879 1074 ,
1905 1027 2134 1080 lacrymisque
2152 1031 2194 1069 (9¹
2211 1031 2354 1081 querelis
2378 1032 2466 1070 civi-

1400 1090 1402 1105 ·
1431 1091 1521 1120 tates
1552 1080 1785 1118 concitabant.
1827 1079 1925 1118 unde
1961 1088 2086 1117 natum
2134 1080 2183 1117 est
2222 1082 2491 1120 Gaertneriani:

1430 1131 1595 1170 insulsum
1614 1142 1690 1168 cum
1711 1131 1882 1171 maxima.
1906 1138 2002 1168 certe
2034 1130 2202 1168 omnium
2223 1131 2371 1179 peffime
2390 1134 2472 1171 vul·

1432 1193 1497 1231 gus
1535 1191 1613 1218 tum
1650 1184 1815 1220 maxime.
1841 1180 1951 1220 Adde
1990 1181 2189 1219 Graevium
2228 1181 2273 1220 ad
2302 1182 2379 1220 Cic.
2398 1194 2468 1231 pro

1430 1232 1604 1271 Cluentio
1640 1243 1716 1281 cap.
1739 1233 1789 1270 V.
1821 1234 1860 1271 &
1891 1232 1937 1270 ad
1962 1231 2112 1270 Sueton.
2142 1231 2229 1269 Tib.
2266 1244 2343 1282 cap.
2364 1234 2469 1274 XIV.

1427 1284 1487 1322 ubi
1505 1282 1649 1321 Salmas.
1676 1283 1772 1321 Cod.
1791 1296 1868 1321 cum
1888 1283 2065 1327 maxime,
2091 1281 2148 1320 alii
2168 1294 2357 1330 perperam
2380 1295 2465 1322 tunc
2480 1302 2487 1320 s

1426 1334 1579 1372 maxime
1599 1360 1610 1376 ,
1646 1333 1843 1383 quomodo
1877 1334 2066 1372 Riviniana
2085 1334 2122 1377 in
2143 1334 2259 1371 Plinio
2279 1334 2323 1371 ad
2343 1343 2464 1373 extre-

1428 1396 1532 1424 mum
1570 1386 1719 1433 paginae
1757 1385 1919 1422 ostentat.
1973 1381 2130 1421 Faceffat
2166 1394 2251 1431 ergo
2288 1384 2434 1423 tandem
2451 1414 2464 1432 ,
2486 1422 2487 1425 ,

1425 1435 1525 1484 quod
1547 1435 1664 1473 adhuc
1687 1436 1723 1474 in
1741 1435 1858 1473 Plinio
1881 1435 2064 1484 vulgatum
2084 1434 2274 1471 fuitznunc
2294 1436 2463 1476 maxime.

1424 1487 1457 1524 L
1473 1501 1496 1525 ο
1510 1500 1533 1524 Ν
1549 1497 1574 1522 G
1590 1498 1613 1522 ο
1627 1497 1648 1522 1.
1663 1498 1677 1522 1
1691 1499 1714 1523 u
1729 1499 1760 1524 s.

1470 1560 1505 1594 4.
1535 1549 1615 1596 Ego
1642 1561 1719 1585 cum
1747 1547 1981 1598 quaererem]
2011 1546 2130 1584 Prima
2155 1547 2223 1585 Ed.
2250 1548 2349 1598 Ergo
2377 1561 2454 1587 cum

1420 1611 1615 1648 quaererem
1640 1627 1650 1643 ,
1677 1600 1872 1648 quomodo
1893 1600 2001 1637 etiam
2025 1598 2163 1642 Aldus,
2192 1599 2395 1639 Schurerius
2414 1602 2453 1638 ὅ(

1418 1650 1602 1698 Gryphius
1623 1650 1955 1698 repraesentarunt,
1984 1649 2293 1699 Casaubonusque
2316 1652 2354 1689 ὃς
2375 1651 2451 1696 Mi-¹

1417 1707 1492 1738 nos*
1505 1702 1543 1739 in
1565 1701 1738 1748 margine.

1472 1768 1504 1804 ς.
1533 1760 1604 1792 Lex
1623 1756 1715 1793 ditia
1734 1756 1893 1807 templa]
1931 1755 2072 1794 Solebat
2106 1757 2141 1794 in
2169 1756 2314 1796 aedium
2338 1757 2449 1797 sacra-

1417 1815 1497 1842 rum
1524 1807 1561 1843 &
1580 1808 1802 1855 templorum
1825 1807 2049 1846 dedicatione
2069 1815 2164 1845 certa
2183 1809 2286 1858 adjici
2303 1810 2363 1846 lex
2385 1810 2447 1847 seu

1416 1855 1578 1894 conditio
1591 1885 1600 1901 ‚
1622 1857 1710 1895 ficut
1733 1861 1770 1896 ὅ(
1790 1858 1869 1908 ipfis
1883 1859 2132 1896 monumentis
2152 1869 2194 1895 ac
2207 1859 2376 1907 religiosis
2394 1860 2451 1898 10-

1415 1907 1473 1945 cis.
1535 1907 1594 1945 Est
1624 1909 1720 1946 enim
1748 1911 1791 1948 in.
1812 1911 1986 1958 cujusque
2023 1907 2198 1958 potestate
2220 1937 2231 1953 ‚
2269 1911 2411 1958 Legem
2435 1937 2447 1954 ‚

1417 1968 1526 2005 quam
1548 1959 1654 2003 velit,
1683 1960 1732 1997 rei
1753 1961 1834 1999 suae
1854 1961 1970 1998 dicere
1989 1987 2000 2003 ,
2037 1970 2115 1997 non
2149 1959 2264 1997 solum
2282 1961 2316 1998 in
2339 1960 2452 1999 tradi·-

1415 2009 1515 2048 tione
1537 2011 1702 2058 privatim
1727 2011 1816 2048 faeta
1832 2039 1842 2055 ,
1863 2012 1922 2049 sed
1944 2012 2052 2049 etiam
2074 2011 2111 2048 in
2131 2011 2450 2049 consecratione&

1417 2058 1644 2098 dedicatione
1665 2075 1676 2104 ;
1717 2073 1833 2111 eaque
1851 2062 1909 2098 lex
1943 2060 2072 2099 servari
2107 2060 2213 2099 debet
2235 2089 2246 2105 ‚
2284 2073 2354 2100 nec
2372 2063 2449 2101 sine

1415 2109 1579 2159 sacrilegii
1597 2112 1747 2149 crimine
1773 2140 1784 2156 ,
1818 2121 1881 2149 aut
1902 2111 2055 2149 violatae
2074 2111 2252 2159 religionis
2276 2139 2287 2156 ,
2322 2113 2446 2151 violari

1418 2162 1546 2208 potest.
1575 2163 1606 2199 R
1619 2174 1632 2199 1
1649 2175 1672 2200 τ
1687 2174 1714 2199 Τ
1729 2175 1751 2199 ιτ.
1765 2176 1786 2199 R
1805 2176 1819 2198 s
1835 2175 1859 2199 H
1873 2175 1899 2200 u
1913 2175 1942 2200 s.
1969 2161 2075 2200 Voff.
2096 2161 2149 2200 lex
2170 2162 2283 2200 dicata
2302 2164 2445 2214 templo,
2465 2197 2469 2200 .

1418 2212 1506 2249 item
1528 2213 1689 2262 princeps
1712 2213 1776 2250 Ed.
1802 2214 1839 2250 &
1861 2213 2034 2251 Catanaei
2057 2241 2067 2258 ,
2105 2212 2207 2260 quod
2236 2214 2275 2251 ὅ(
2293 2214 2445 2252 adnota-

1417 2271 1499 2300 runt
1522 2264 1750 2302 ‹jasaubonus
1782 2265 1820 2301 ὃς
1854 2265 1977 2302 Minos
1997 2265 2035 2301 in
2054 2264 2228 2312 margine.
2263 2264 2442 2313 Equidem

1417 2314 1505 2351 novi
1527 2314 1594 2363 lege
1608 2315 1728 2365 aliqua
1747 2315 1862 2352 dicare
1882 2314 2047 2364 templum
2072 2342 2083 2359 ,
2108 2314 2303 2363 quomodo
2322 2314 2369 2351 est
2390 2312 2444 2350 vi-

1417 2363 1500 2402 dere
1519 2365 1556 2402 in
1576 2365 1730 2414 inscript.
1749 2365 1846 2414 apud
1866 2366 2064 2404 Gruterum
2088 2364 2206 2404 Tom.
2226 2365 2255 2401 Ι.
2274 2373 2352 2412 pag.
2373 2362 2437 2400 61.

1416 2426 1452 2453 n.
1476 2427 1509 2465 3.
1534 2415 1614 2460 sed,
1643 2418 1706 2466 qui
1728 2417 1794 2454 isto
1814 2416 1941 2454 modo>
1962 2417 2105 2454 locutus
2127 2414 2169 2453 fit
2190 2441 2201 2458 ‚
2228 2424 2296 2461 ego
2318 2411 2436 2449 nemi·

1415 2477 1501 2502 nem
1521 2466 1591 2504 scio
1607 2495 1616 2510 ,
1644 2479 1712 2505 nec
1735 2479 1803 2504 me
1818 2475 1973 2505 movent
1995 2495 2006 2510 ‚
2032 2476 2125 2515 quae
2145 2464 2341 2501 Catanaeus
2360 2461 2435 2499 fine
2457 2482 2461 2485 ·

1411 2515 1576 2565 suffragio
1597 2519 1742 2568 alicujus
1759 2517 1803 2555 ad
1824 2518 1850 2555 h
1881 2518 1902 2555 l.
1921 2517 2086 2554 disseruit.
2112 2513 2247 2569 Contra
2269 2512 2372 2568 dicere
2391 2512 2438 2549 le-

1406 2580 1444 2615 ge
1454 2582 1481 2603 vn
1504 2569 1626 2618 templo
1646 2569 1768 2617 paffim
1790 2570 1825 2606 in
1847 2568 1997 2616 antiquis
2019 2571 2265 2603 monumentis
2284 2562 2434 2608 legitur,

1408 2630 1490 2657 cum
1514 2620 1559 2658 de
1580 2620 1804 2658 dedicatione
1823 2617 1864 2655 fit
1880 2617 2040 2659 mentio,
2054 2610 2358 2662 quemadmodum
2373 2612 2439 2649 sta·

1408 2671 1476 2708 tint
1497 2671 1562 2709 hac
1585 2671 1742 2719 epistola.
1769 2667 2015 2707 Videinterim
2031 2661 2240 2701 Briffonium
2256 2659 2300 2698 de
2310 2661 2436 2703 Form.

1413 2721 1492 2760 Lib.
1516 2721 1543 2759 Ι.
1570 2732 1648 2769 pag.
1676 2733 1756 2770 τις.

1459 2785 1494 2824 6,
1523 2785 1590 2823 Cui
1609 2783 1708 2819 nulla
1727 2783 1781 2820 lex
1814 2779 1946 2825 dista]
1983 2777 2090 2823 Quae
2120 2775 2213 2811 nulla
2242 2783 2335 2813 certa
2356 2777 2438 2829 lege
2463 2798 2465 2801 ·

1409 2836 1570 2875 dedicata
1591 2833 1639 2872 est
1654 2861 1665 2878 ,
1703 2843 1774 2881 qua
1796 2827 2044 2878 prohiberetur
2064 2826 2253 2865 translatio.
2282 2826 2306 2862 Β
2322 2839 2345 2865 υ
2359 2839 2380 2864 c
2397 2839 2442 2864 Η·

1487 2900 1524 2923 R·

1414 2900 1496 2994 Νῖ,
1528 2944 1672 2995 Alioqui
1693 2935 2089 2993 commodiſjimamtest]
2131 2936 2206 2974 Nisi
2237 2939 2441 2988 impedierit

1404 2999 1525 3045 religio
1550 3023 1562 3040 ,
1598 2989 1798 3032 commode
1829 2995 1961 3038 poterit
1991 2999 2028 3025 ln
2046 2987 2157 3026 alium
2180 2989 2305 3030 locum
2329 2999 2443 3033 trans-

1402 3049 1498 3086 ferri.
1526 3046 1558 3084 C
1573 3056 1633 3082 Αἰ·
1649 3053 1746 3080 ΑΝ..

2344 3102 2376 3130 1.
2403 3096 2472 3137 Ιθξῑτ
