<?xml version="1.0" encoding="UTF-8"?>
<!DOCTYPE html PUBLIC "-//W3C//DTD XHTML 1.0 Transitional//EN"
    "http://www.w3.org/TR/xhtml1/DTD/xhtml1-transitional.dtd">
<html xmlns="http://www.w3.org/1999/xhtml" xml:lang="en" lang="en">
 <head>
  <title>
</title>
<meta http-equiv="Content-Type" content="text/html;charset=utf-8" />
  <meta name='ocr-system' content='tesseract 3.04.00' />
  <meta name='ocr-capabilities' content='ocr_page ocr_carea ocr_par ocr_line ocrx_word'/>
</head>
<body>
  <div class='ocr_page' id='page_1' title='image "./caiipliniicaecil00plin_0585.png"; bbox 0 0 2616 3686; ppageno 0'>
   <div class='ocr_carea' id='block_1_1' title="bbox 109 190 2233 916">
    <p class='ocr_par' dir='ltr' id='par_1_1' title="bbox 109 190 2233 916">
     <span class='ocr_line' id='line_1_1' title="bbox 487 190 2229 260; baseline -0.009 -8"><span class='ocrx_word' id='word_1_1' title='bbox 487 197 831 252; x_wconf 81' lang='lat' dir='ltr'>LIBER</span> <span class='ocrx_word' id='word_1_2' title='bbox 897 190 1657 246; x_wconf 77' lang='lat' dir='ltr'>VILEPISTOLA</span> <span class='ocrx_word' id='word_1_3' title='bbox 1723 191 1842 240; x_wconf 86' lang='lat' dir='ltr'>xx.</span> <span class='ocrx_word' id='word_1_4' title='bbox 2145 214 2229 260; x_wconf 59' lang='grc' dir='ltr'>μ,</span> 
     </span>
     <span class='ocr_line' id='line_1_2' title="bbox 138 263 2233 349; baseline -0.007 -17"><span class='ocrx_word' id='word_1_5' title='bbox 138 282 330 349; x_wconf 86' lang='lat' dir='ltr'>&#39;quam</span> <span class='ocrx_word' id='word_1_6' title='bbox 364 289 451 329; x_wconf 88' lang='lat' dir='ltr'>me</span> <span class='ocrx_word' id='word_1_7' title='bbox 488 269 716 326; x_wconf 71' lang='lat' dir='ltr'>delet‘lat</span> <span class='ocrx_word' id='word_1_8' title='bbox 744 305 760 330; x_wconf 86' lang='lat'>,</span> <span class='ocrx_word' id='word_1_9' title='bbox 799 267 948 338; x_wconf 89' lang='lat' dir='ltr'>quod</span> <span class='ocrx_word' id='word_1_10' title='bbox 988 264 1025 319; x_wconf 87' lang='lat' dir='ltr'>fi</span> <span class='ocrx_word' id='word_1_11' title='bbox 1060 281 1164 336; x_wconf 91' lang='lat' dir='ltr'>qua</span> <span class='ocrx_word' id='word_1_12' title='bbox 1198 263 1413 336; x_wconf 88' lang='lat' dir='ltr'>posteris</span> <span class='ocrx_word' id='word_1_13' title='bbox 1450 281 1576 317; x_wconf 85' lang='lat' dir='ltr'>cura</span> <span class='ocrx_word' id='word_1_14' title='bbox 1609 263 1812 326; x_wconf 87' lang='lat' dir='ltr'>nostri,</span> <span class='ocrx_word' id='word_1_15' title='bbox 1850 279 2233 338; x_wconf 81' lang='lat' dir='ltr'>usquequaque</span> 
     </span>
     <span class='ocr_line' id='line_1_3' title="bbox 113 335 2230 416; baseline -0.006 -13"><span class='ocrx_word' id='word_1_16' title='bbox 113 348 435 409; x_wconf 81' lang='lat' dir='ltr'>narrabitur,</span> <span class='ocrx_word' id='word_1_17' title='bbox 471 361 575 416; x_wconf 88' lang='lat' dir='ltr'>qua</span> <span class='ocrx_word' id='word_1_18' title='bbox 599 338 920 401; x_wconf 88' lang='lat' dir='ltr'>concordia,</span> <span class='ocrx_word' id='word_1_19' title='bbox 959 338 1292 408; x_wconf 77' lang='lat' dir='ltr'>simplicitate</span> <span class='ocrx_word' id='word_1_20' title='bbox 1316 373 1332 398; x_wconf 93' lang='lat'>,</span> <span class='ocrx_word' id='word_1_21' title='bbox 1371 335 1480 388; x_wconf 87' lang='lat' dir='ltr'>fide</span> <span class='ocrx_word' id='word_1_22' title='bbox 1517 336 1823 391; x_wconf 77' lang='lat' dir='ltr'>vixerimus,</span> <span class='ocrx_word' id='word_1_23' title='bbox 1896 337 2012 388; x_wconf 66' lang='lat' dir='ltr'>Erit</span> <span class='ocrx_word' id='word_1_24' title='bbox 2052 355 2230 393; x_wconf 89' lang='lat' dir='ltr'>rarum</span> 
     </span>
     <span class='ocr_line' id='line_1_4' title="bbox 117 406 2232 487; baseline -0.006 -13"><span class='ocrx_word' id='word_1_25' title='bbox 117 421 170 474; x_wconf 84' lang='lat'>&amp;</span> <span class='ocrx_word' id='word_1_26' title='bbox 199 414 399 487; x_wconf 77' lang='lat' dir='ltr'>infigne</span> <span class='ocrx_word' id='word_1_27' title='bbox 425 455 441 480; x_wconf 88' lang='lat'>,</span> <span class='ocrx_word' id='word_1_28' title='bbox 492 417 628 471; x_wconf 90' lang='lat' dir='ltr'>duos</span> <span class='ocrx_word' id='word_1_29' title='bbox 663 411 908 467; x_wconf 88' lang='lat' dir='ltr'>homines</span> <span class='ocrx_word' id='word_1_30' title='bbox 941 413 958 434; x_wconf 83' lang='lat'>²</span> <span class='ocrx_word' id='word_1_31' title='bbox 993 423 1166 464; x_wconf 88' lang='lat' dir='ltr'>aetate</span> <span class='ocrx_word' id='word_1_32' title='bbox 1194 447 1209 472; x_wconf 90' lang='lat'>‚</span> <span class='ocrx_word' id='word_1_33' title='bbox 1250 407 1514 479; x_wconf 83' lang='lat' dir='ltr'><strong>dignitate</strong></span> <span class='ocrx_word' id='word_1_34' title='bbox 1538 406 1932 476; x_wconf 85' lang='lat' dir='ltr'>propemodum</span> <span class='ocrx_word' id='word_1_35' title='bbox 1959 411 2232 476; x_wconf 79' lang='lat' dir='ltr'>aequales,</span> 
     </span>
     <span class='ocr_line' id='line_1_5' title="bbox 112 475 2230 553; baseline -0.005 -8"><span class='ocrx_word' id='word_1_36' title='bbox 112 491 410 545; x_wconf 87' lang='lat' dir='ltr'>nonnullius</span> <span class='ocrx_word' id='word_1_37' title='bbox 436 492 489 545; x_wconf 90' lang='lat' dir='ltr'>in</span> <span class='ocrx_word' id='word_1_38' title='bbox 511 486 669 544; x_wconf 89' lang='lat' dir='ltr'>literis</span> <span class='ocrx_word' id='word_1_39' title='bbox 695 483 958 544; x_wconf 81' lang='lat' dir='ltr'>nominiS,</span> <span class='ocrx_word' id='word_1_40' title='bbox 986 485 1191 553; x_wconf 89' lang='lat' dir='ltr'>(cogor</span> <span class='ocrx_word' id='word_1_41' title='bbox 1214 480 1357 535; x_wconf 88' lang='lat' dir='ltr'>enim</span> <span class='ocrx_word' id='word_1_42' title='bbox 1385 480 1455 534; x_wconf 87' lang='lat' dir='ltr'>de</span> <span class='ocrx_word' id='word_1_43' title='bbox 1480 494 1535 533; x_wconf 90' lang='lat' dir='ltr'>te</span> <span class='ocrx_word' id='word_1_44' title='bbox 1566 495 1787 549; x_wconf 90' lang='lat' dir='ltr'>quoque</span> <span class='ocrx_word' id='word_1_45' title='bbox 1815 475 1829 502; x_wconf 81' lang='lat'>³</span> <span class='ocrx_word' id='word_1_46' title='bbox 1856 478 2060 548; x_wconf 88' lang='lat' dir='ltr'>parcius</span> <span class='ocrx_word' id='word_1_47' title='bbox 2083 480 2230 534; x_wconf 90' lang='lat' dir='ltr'>dice-</span> 
     </span>
     <span class='ocr_line' id='line_1_6' title="bbox 109 547 2227 634; baseline -0.006 -16"><span class='ocrx_word' id='word_1_48' title='bbox 109 579 194 627; x_wconf 89' lang='lat' dir='ltr'>re,</span> <span class='ocrx_word' id='word_1_49' title='bbox 229 562 353 634; x_wconf 88' lang='lat' dir='ltr'>quia</span> <span class='ocrx_word' id='word_1_50' title='bbox 387 562 457 616; x_wconf 92' lang='lat' dir='ltr'>de</span> <span class='ocrx_word' id='word_1_51' title='bbox 496 577 581 615; x_wconf 90' lang='lat' dir='ltr'>me</span> <span class='ocrx_word' id='word_1_52' title='bbox 613 559 759 614; x_wconf 75' lang='lat' dir='ltr'>simul</span> <span class='ocrx_word' id='word_1_53' title='bbox 799 555 958 623; x_wconf 89' lang='lat' dir='ltr'>dico)</span> <span class='ocrx_word' id='word_1_54' title='bbox 999 556 1222 609; x_wconf 87' lang='lat' dir='ltr'>alterum</span> <span class='ocrx_word' id='word_1_55' title='bbox 1249 553 1460 607; x_wconf 84' lang='lat' dir='ltr'>alterius</span> <span class='ocrx_word' id='word_1_56' title='bbox 1483 550 1654 605; x_wconf 85' lang='lat' dir='ltr'>studia</span> <span class='ocrx_word' id='word_1_57' title='bbox 1678 549 1881 605; x_wconf 85' lang='lat' dir='ltr'>fovifl&#39;e.</span> <span class='ocrx_word' id='word_1_58' title='bbox 1956 547 2227 620; x_wconf 85' lang='lat' dir='ltr'>Equidem</span> 
     </span>
     <span class='ocr_line' id='line_1_7' title="bbox 109 620 2226 698; baseline -0.005 -9"><span class='ocrx_word' id='word_1_59' title='bbox 109 634 560 697; x_wconf 87' lang='lat' dir='ltr'>adolescentulus,</span> <span class='ocrx_word' id='word_1_60' title='bbox 595 630 614 656; x_wconf 74' lang='lat'><strong>⁴</strong></span> <span class='ocrx_word' id='word_1_61' title='bbox 637 647 761 685; x_wconf 90' lang='lat' dir='ltr'>cum</span> <span class='ocrx_word' id='word_1_62' title='bbox 781 625 886 697; x_wconf 86' lang='lat' dir='ltr'>jam</span> <span class='ocrx_word' id='word_1_63' title='bbox 913 639 969 680; x_wconf 92' lang='lat' dir='ltr'>tu</span> <span class='ocrx_word' id='word_1_64' title='bbox 999 626 1170 690; x_wconf 82' lang='lat' dir='ltr'>fama,</span> <span class='ocrx_word' id='word_1_65' title='bbox 1207 626 1486 698; x_wconf 85' lang='lat' dir='ltr'>gloriaque</span> <span class='ocrx_word' id='word_1_66' title='bbox 1513 620 1765 685; x_wconf 77' lang='lat' dir='ltr'>florereS‚</span> <span class='ocrx_word' id='word_1_67' title='bbox 1807 636 1860 676; x_wconf 88' lang='lat' dir='ltr'>te</span> <span class='ocrx_word' id='word_1_68' title='bbox 1887 622 2061 693; x_wconf 89' lang='lat' dir='ltr'>sequi,</span> <span class='ocrx_word' id='word_1_69' title='bbox 2105 623 2226 679; x_wconf 78' lang='lat' dir='ltr'>5tibi</span> 
     </span>
     <span class='ocr_line' id='line_1_8' title="bbox 109 693 2228 778; baseline -0.006 -17"><span class='ocrx_word' id='word_1_70' title='bbox 109 708 302 778; x_wconf 85' lang='lat' dir='ltr'>Iong0,</span> <span class='ocrx_word' id='word_1_71' title='bbox 331 705 420 760; x_wconf 88' lang='lat' dir='ltr'>sed</span> <span class='ocrx_word' id='word_1_72' title='bbox 443 706 741 778; x_wconf 80' lang='lat' dir='ltr'>proximuS,</span> <span class='ocrx_word' id='word_1_73' title='bbox 783 700 1060 756; x_wconf 87' lang='lat' dir='ltr'>intervallo</span> <span class='ocrx_word' id='word_1_74' title='bbox 1091 699 1145 753; x_wconf 87' lang='lat'>&amp;</span> <span class='ocrx_word' id='word_1_75' title='bbox 1173 699 1308 762; x_wconf 82' lang='lat' dir='ltr'>effe,</span> <span class='ocrx_word' id='word_1_76' title='bbox 1348 698 1404 750; x_wconf 71' lang='grc' dir='ltr'>δε</span> <span class='ocrx_word' id='word_1_77' title='bbox 1427 695 1610 751; x_wconf 88' lang='lat' dir='ltr'>haberi</span> <span class='ocrx_word' id='word_1_78' title='bbox 1650 693 2113 761; x_wconf 82' lang='lat' dir='ltr'>concupiscebam.</span> <span class='ocrx_word' id='word_1_79' title='bbox 2152 695 2228 749; x_wconf 86' lang='lat' dir='ltr'>Et</span> 
     </span>
     <span class='ocr_line' id='line_1_9' title="bbox 111 764 2226 842; baseline -0.004 -9"><span class='ocrx_word' id='word_1_80' title='bbox 111 793 257 833; x_wconf 89' lang='lat' dir='ltr'>erant</span> <span class='ocrx_word' id='word_1_81' title='bbox 293 779 454 832; x_wconf 89' lang='lat' dir='ltr'>multa</span> <span class='ocrx_word' id='word_1_82' title='bbox 491 773 765 831; x_wconf 85' lang='lat' dir='ltr'>clariffima</span> <span class='ocrx_word' id='word_1_83' title='bbox 801 773 1012 842; x_wconf 82' lang='lat' dir='ltr'>ingenia</span> <span class='ocrx_word' id='word_1_84' title='bbox 1039 811 1054 836; x_wconf 91' lang='lat'>‚</span> <span class='ocrx_word' id='word_1_85' title='bbox 1107 770 1198 826; x_wconf 92' lang='lat' dir='ltr'>sed</span> <span class='ocrx_word' id='word_1_86' title='bbox 1244 784 1302 826; x_wconf 89' lang='lat' dir='ltr'>tu</span> <span class='ocrx_word' id='word_1_87' title='bbox 1338 769 1468 824; x_wconf 87' lang='lat' dir='ltr'>mihi</span> <span class='ocrx_word' id='word_1_88' title='bbox 1508 764 1653 839; x_wconf 87' lang='lat' dir='ltr'>(ita⁶</span> <span class='ocrx_word' id='word_1_89' title='bbox 1689 767 1980 822; x_wconf 74' lang='lat' dir='ltr'>similitudo</span> <span class='ocrx_word' id='word_1_90' title='bbox 2006 781 2226 824; x_wconf 86' lang='lat' dir='ltr'>naturae</span> 
     </span>
     <span class='ocr_line' id='line_1_10' title="bbox 110 839 2226 916; baseline -0.003 -12"><span class='ocrx_word' id='word_1_91' title='bbox 110 850 343 916; x_wconf 87' lang='lat' dir='ltr'>ferebat)</span> <span class='ocrx_word' id='word_1_92' title='bbox 369 850 594 904; x_wconf 86' lang='lat' dir='ltr'>maxime</span> <span class='ocrx_word' id='word_1_93' title='bbox 620 844 914 908; x_wconf 82' lang='lat' dir='ltr'>imitabilis,</span> <span class='ocrx_word' id='word_1_94' title='bbox 955 846 1186 899; x_wconf 83' lang='lat' dir='ltr'>maxime</span> <span class='ocrx_word' id='word_1_95' title='bbox 1210 841 1498 898; x_wconf 86' lang='lat' dir='ltr'>imitandus</span> <span class='ocrx_word' id='word_1_96' title='bbox 1538 839 1816 895; x_wconf 60' lang='lat' dir='ltr'>videbaris</span> <span class='ocrx_word' id='word_1_97' title='bbox 1894 840 2024 913; x_wconf 87' lang='lat' dir='ltr'>Quo</span> <span class='ocrx_word' id='word_1_98' title='bbox 2059 841 2226 912; x_wconf 88' lang='lat' dir='ltr'>magis</span> 
     </span>
    </p>
   </div>
   <div class='ocr_carea' id='block_1_2' title="bbox 108 910 2230 1055">
    <p class='ocr_par' dir='ltr' id='par_1_2' title="bbox 108 910 2230 1055">
     <span class='ocr_line' id='line_1_11' title="bbox 108 910 2225 1039; baseline -0.003 -64"><span class='ocrx_word' id='word_1_99' title='bbox 108 920 349 995; x_wconf 87' lang='lat' dir='ltr'>gaude0‚</span> <span class='ocrx_word' id='word_1_100' title='bbox 388 919 536 993; x_wconf 88' lang='lat' dir='ltr'>quod</span> <span class='ocrx_word' id='word_1_101' title='bbox 572 919 608 974; x_wconf 87' lang='lat' dir='ltr'><strong>fi</strong></span> <span class='ocrx_word' id='word_1_102' title='bbox 642 921 760 993; x_wconf 87' lang='lat' dir='ltr'>quis</span> <span class='ocrx_word' id='word_1_103' title='bbox 787 918 854 972; x_wconf 88' lang='lat' dir='ltr'>de</span> <span class='ocrx_word' id='word_1_104' title='bbox 879 915 1060 973; x_wconf 89' lang='lat' dir='ltr'>studiis</span> <span class='ocrx_word' id='word_1_105' title='bbox 1083 917 1284 980; x_wconf 77' lang='lat' dir='ltr'>ferme,</span> <span class='ocrx_word' id='word_1_106' title='bbox 1325 914 1342 941; x_wconf 94' lang='lat'>⁷</span> <span class='ocrx_word' id='word_1_107' title='bbox 1368 931 1470 970; x_wconf 87' lang='lat' dir='ltr'>una</span> <span class='ocrx_word' id='word_1_108' title='bbox 1496 917 1867 978; x_wconf 83' lang='lat' dir='ltr'>nominamur,</span> <span class='ocrx_word' id='word_1_109' title='bbox 1902 910 2055 1039; x_wconf 54' lang='lat' dir='ltr'>quoltg</span> <span class='ocrx_word' id='word_1_110' title='bbox 2077 912 2145 968; x_wconf 89' lang='lat' dir='ltr'>de</span> <span class='ocrx_word' id='word_1_111' title='bbox 2172 928 2225 969; x_wconf 89' lang='lat' dir='ltr'>te</span> 
     </span>
     <span class='ocr_line' id='line_1_12' title="bbox 2060 1001 2230 1055; baseline 0.012 -15"><span class='ocrx_word' id='word_1_112' title='bbox 2060 1001 2230 1055; x_wconf 91' lang='lat' dir='ltr'>quen-</span> 
     </span>
    </p>
   </div>
   <div class='ocr_carea' id='block_1_3' title="bbox 1197 1122 2227 1331">
    <p class='ocr_par' dir='ltr' id='par_1_3' title="bbox 1197 1122 2227 1280">
     <span class='ocr_line' id='line_1_13' title="bbox 1201 1122 2222 1175; baseline -0.006 -8"><span class='ocrx_word' id='word_1_113' title='bbox 1201 1129 1290 1167; x_wconf 84' lang='lat' dir='ltr'>Vet.</span> <span class='ocrx_word' id='word_1_114' title='bbox 1322 1140 1402 1166; x_wconf 86' lang='lat' dir='ltr'>cum</span> <span class='ocrx_word' id='word_1_115' title='bbox 1432 1129 1506 1166; x_wconf 83' lang='lat' dir='ltr'>iam</span> <span class='ocrx_word' id='word_1_116' title='bbox 1536 1135 1598 1167; x_wconf 87' lang='lat' dir='ltr'>tua</span> <span class='ocrx_word' id='word_1_117' title='bbox 1624 1128 1733 1175; x_wconf 89' lang='lat' dir='ltr'>fama</span> <span class='ocrx_word' id='word_1_118' title='bbox 1764 1139 1797 1174; x_wconf 87' lang='lat' dir='ltr'>g.</span> <span class='ocrx_word' id='word_1_119' title='bbox 1831 1123 1996 1167; x_wconf 57' lang='lat' dir='ltr'>floreret„</span> <span class='ocrx_word' id='word_1_120' title='bbox 2023 1122 2222 1170; x_wconf 79' lang='lat' dir='ltr'>Vulgatam</span> 
     </span>
     <span class='ocr_line' id='line_1_14' title="bbox 1197 1172 2227 1229; baseline -0.007 -11"><span class='ocrx_word' id='word_1_121' title='bbox 1197 1188 1321 1218; x_wconf 88' lang='lat' dir='ltr'>tuetur</span> <span class='ocrx_word' id='word_1_122' title='bbox 1342 1180 1518 1229; x_wconf 85' lang='lat' dir='ltr'>Optimus</span> <span class='ocrx_word' id='word_1_123' title='bbox 1532 1209 1543 1225; x_wconf 95' lang='lat'>,</span> <span class='ocrx_word' id='word_1_124' title='bbox 1570 1188 1729 1228; x_wconf 88' lang='lat' dir='ltr'>eamque</span> <span class='ocrx_word' id='word_1_125' title='bbox 1744 1175 1914 1224; x_wconf 83' lang='lat' dir='ltr'>frequens</span> <span class='ocrx_word' id='word_1_126' title='bbox 1927 1172 2043 1211; x_wconf 82' lang='lat' dir='ltr'>Tullii</span> <span class='ocrx_word' id='word_1_127' title='bbox 2054 1173 2227 1211; x_wconf 81' lang='lat' dir='ltr'>aliorum·</span> 
     </span>
     <span class='ocr_line' id='line_1_15' title="bbox 1197 1229 1599 1280; baseline -0.002 -11"><span class='ocrx_word' id='word_1_128' title='bbox 1197 1242 1271 1280; x_wconf 89' lang='lat' dir='ltr'>que</span> <span class='ocrx_word' id='word_1_129' title='bbox 1292 1230 1372 1268; x_wconf 87' lang='lat' dir='ltr'>usus</span> <span class='ocrx_word' id='word_1_130' title='bbox 1395 1229 1599 1269; x_wconf 86' lang='lat' dir='ltr'>confirmat.</span> 
     </span>
    </p>

    <p class='ocr_par' dir='ltr' id='par_1_4' title="bbox 1249 1273 2224 1331">
     <span class='ocr_line' id='line_1_16' title="bbox 1249 1273 2224 1331; baseline -0.007 -11"><span class='ocrx_word' id='word_1_131' title='bbox 1249 1295 1267 1331; x_wconf 87' lang='grc' dir='ltr'><em>ς</em></span> <span class='ocrx_word' id='word_1_132' title='bbox 1289 1279 1371 1319; x_wconf 85' lang='lat' dir='ltr'>&#39;Tibi</span> <span class='ocrx_word' id='word_1_133' title='bbox 1401 1281 1500 1331; x_wconf 83' lang='lat' dir='ltr'>longo</span> <span class='ocrx_word' id='word_1_134' title='bbox 1532 1292 1603 1320; x_wconf 66' lang='grc' dir='ltr'>υτ.</span> <span class='ocrx_word' id='word_1_135' title='bbox 1628 1280 1644 1330; x_wconf 86' lang='lat'>]</span> <span class='ocrx_word' id='word_1_136' title='bbox 1684 1277 1831 1317; x_wconf 83' lang='lat' dir='ltr'>Gaudet</span> <span class='ocrx_word' id='word_1_137' title='bbox 1855 1273 2040 1314; x_wconf 86' lang='lat' dir='ltr'>Secundus</span> <span class='ocrx_word' id='word_1_138' title='bbox 2063 1274 2129 1313; x_wconf 86' lang='lat' dir='ltr'>suis</span> <span class='ocrx_word' id='word_1_139' title='bbox 2149 1277 2224 1324; x_wconf 87' lang='lat' dir='ltr'>epi-</span> 
     </span>
    </p>
   </div>
   <div class='ocr_carea' id='block_1_4' title="bbox 107 1127 1133 1336">
    <p class='ocr_par' dir='ltr' id='par_1_5' title="bbox 108 1127 1133 1224">
     <span class='ocr_line' id='line_1_17' title="bbox 162 1127 1133 1182; baseline -0.001 -13"><span class='ocrx_word' id='word_1_140' title='bbox 162 1142 178 1169; x_wconf 82' lang='grc' dir='ltr'><em>ι</em></span> <span class='ocrx_word' id='word_1_141' title='bbox 205 1133 325 1181; x_wconf 72' lang='lat' dir='ltr'>Qum</span> <span class='ocrx_word' id='word_1_142' title='bbox 348 1146 402 1171; x_wconf 83' lang='lat' dir='ltr'>me</span> <span class='ocrx_word' id='word_1_143' title='bbox 425 1132 583 1172; x_wconf 64' lang='lat' dir='ltr'>delectat.</span> <span class='ocrx_word' id='word_1_144' title='bbox 610 1130 626 1182; x_wconf 94' lang='lat'>]</span> <span class='ocrx_word' id='word_1_145' title='bbox 667 1130 733 1169; x_wconf 84' lang='lat' dir='ltr'>Ista</span> <span class='ocrx_word' id='word_1_146' title='bbox 757 1127 980 1169; x_wconf 78' lang='lat' dir='ltr'>emendandi</span> <span class='ocrx_word' id='word_1_147' title='bbox 1002 1128 1133 1169; x_wconf 79' lang='lat' dir='ltr'>vicissi-</span> 
     </span>
     <span class='ocr_line' id='line_1_18' title="bbox 108 1181 433 1224; baseline 0.015 -6"><span class='ocrx_word' id='word_1_148' title='bbox 108 1181 210 1220; x_wconf 83' lang='lat' dir='ltr'>tudo.</span> <span class='ocrx_word' id='word_1_149' title='bbox 240 1184 272 1220; x_wconf 89' lang='lat' dir='ltr'>C</span> <span class='ocrx_word' id='word_1_150' title='bbox 286 1196 307 1220; x_wconf 79' lang='lat' dir='ltr'><strong>A</strong></span> <span class='ocrx_word' id='word_1_151' title='bbox 320 1198 343 1222; x_wconf 80' lang='grc' dir='ltr'><strong><em>τ</em></strong></span> <span class='ocrx_word' id='word_1_152' title='bbox 358 1197 379 1221; x_wconf 85' lang='lat' dir='ltr'>A</span> <span class='ocrx_word' id='word_1_153' title='bbox 397 1197 433 1224; x_wconf 81' lang='grc' dir='ltr'>Ν.</span> 
     </span>
    </p>

    <p class='ocr_par' dir='ltr' id='par_1_6' title="bbox 107 1231 1132 1336">
     <span class='ocr_line' id='line_1_19' title="bbox 158 1231 1132 1286; baseline 0.001 -16"><span class='ocrx_word' id='word_1_154' title='bbox 158 1244 178 1270; x_wconf 89' lang='lat'><em>2</em></span> <span class='ocrx_word' id='word_1_155' title='bbox 209 1241 338 1272; x_wconf 83' lang='lat' dir='ltr'><em>Aetate</em></span> <span class='ocrx_word' id='word_1_156' title='bbox 353 1236 608 1286; x_wconf 81' lang='lat' dir='ltr'>propemodum.</span> <span class='ocrx_word' id='word_1_157' title='bbox 629 1234 645 1284; x_wconf 87' lang='lat'><em>]</em></span> <span class='ocrx_word' id='word_1_158' title='bbox 677 1234 776 1271; x_wconf 86' lang='lat' dir='ltr'>Nam</span> <span class='ocrx_word' id='word_1_159' title='bbox 801 1231 986 1270; x_wconf 88' lang='lat' dir='ltr'>Secundus</span> <span class='ocrx_word' id='word_1_160' title='bbox 1006 1234 1132 1281; x_wconf 84' lang='lat' dir='ltr'>junior</span> 
     </span>
     <span class='ocr_line' id='line_1_20' title="bbox 107 1282 1129 1336; baseline 0.003 -16"><span class='ocrx_word' id='word_1_161' title='bbox 107 1290 191 1320; x_wconf 90' lang='lat' dir='ltr'>erat.</span> <span class='ocrx_word' id='word_1_162' title='bbox 218 1283 331 1322; x_wconf 74' lang='lat' dir='ltr'>IDEM.</span> <span class='ocrx_word' id='word_1_163' title='bbox 360 1291 493 1325; x_wconf 81' lang='lat' dir='ltr'>Aetate</span> <span class='ocrx_word' id='word_1_164' title='bbox 508 1285 754 1336; x_wconf 80' lang='lat' dir='ltr'>propemodum</span> <span class='ocrx_word' id='word_1_165' title='bbox 774 1293 846 1322; x_wconf 62' lang='grc' dir='ltr'>σε.</span> <span class='ocrx_word' id='word_1_166' title='bbox 869 1282 884 1332; x_wconf 84' lang='grc'>]</span> <span class='ocrx_word' id='word_1_167' title='bbox 918 1284 974 1321; x_wconf 84' lang='lat' dir='ltr'>Sic</span> <span class='ocrx_word' id='word_1_168' title='bbox 996 1285 1067 1322; x_wconf 86' lang='lat' dir='ltr'>Pal.</span> <span class='ocrx_word' id='word_1_169' title='bbox 1091 1288 1129 1323; x_wconf 71' lang='grc' dir='ltr'>ὃς</span> 
     </span>
    </p>
   </div>
   <div class='ocr_carea' id='block_1_5' title="bbox 34 2388 1126 2498">
    <p class='ocr_par' dir='ltr' id='par_1_7' title="bbox 34 2388 1126 2498">
     <span class='ocr_line' id='line_1_21' title="bbox 34 2388 758 2440; baseline 0.01 -17"><span class='ocrx_word' id='word_1_170' title='bbox 34 2406 36 2416; x_wconf 54' lang='grc' dir='ltr'>ι</span> <span class='ocrx_word' id='word_1_171' title='bbox 103 2388 183 2432; x_wconf 86' lang='lat' dir='ltr'>fuit</span> <span class='ocrx_word' id='word_1_172' title='bbox 205 2402 375 2438; x_wconf 86' lang='lat' dir='ltr'>procerus</span> <span class='ocrx_word' id='word_1_173' title='bbox 399 2422 409 2437; x_wconf 86' lang='lat'>‚</span> <span class='ocrx_word' id='word_1_174' title='bbox 429 2396 554 2440; x_wconf 83' lang='lat' dir='ltr'>forma</span> <span class='ocrx_word' id='word_1_175' title='bbox 579 2401 722 2430; x_wconf 85' lang='lat' dir='ltr'>comtus</span> <span class='ocrx_word' id='word_1_176' title='bbox 748 2421 758 2437; x_wconf 92' lang='lat'>‚</span> 
     </span>
     <span class='ocr_line' id='line_1_22' title="bbox 36 2437 1126 2498; baseline 0.01 -24"><span class='ocrx_word' id='word_1_177' title='bbox 36 2437 39 2498; x_wconf 30' lang='grc' dir='ltr'>ξ</span> <span class='ocrx_word' id='word_1_178' title='bbox 111 2439 253 2488; x_wconf 83' lang='lat' dir='ltr'>capillo,</span> <span class='ocrx_word' id='word_1_179' title='bbox 276 2443 437 2492; x_wconf 74' lang='lat' dir='ltr'>promissa</span> <span class='ocrx_word' id='word_1_180' title='bbox 459 2443 594 2487; x_wconf 80' lang='lat' dir='ltr'>barba,</span> <span class='ocrx_word' id='word_1_181' title='bbox 622 2444 992 2482; x_wconf 78' lang='lat' dir='ltr'>habitudinerobusta.</span> <span class='ocrx_word' id='word_1_182' title='bbox 1022 2445 1126 2485; x_wconf 89' lang='lat' dir='ltr'>Idem</span> 
     </span>
    </p>
   </div>
   <div class='ocr_carea' id='block_1_6' title="bbox 5 1750 44 2532">
    <p class='ocr_par' dir='ltr' id='par_1_8' title="bbox 5 1750 44 2532">
     <span class='ocr_line' id='line_1_23' title="bbox 5 1750 44 2532; baseline 0 0"><span class='ocrx_word' id='word_1_183' title='bbox 5 1750 44 2532; x_wconf 95' lang='lat' dir='ltr'> </span> 
     </span>
    </p>
   </div>
   <div class='ocr_carea' id='block_1_7' title="bbox 104 1332 1131 2291">
    <p class='ocr_par' dir='ltr' id='par_1_9' title="bbox 104 1332 1131 2291">
     <span class='ocr_line' id='line_1_24' title="bbox 106 1332 1131 1387; baseline 0.003 -17"><span class='ocrx_word' id='word_1_184' title='bbox 106 1332 207 1371; x_wconf 87' lang='lat' dir='ltr'>Vett.</span> <span class='ocrx_word' id='word_1_185' title='bbox 240 1334 333 1373; x_wconf 92' lang='lat' dir='ltr'>Edd.</span> <span class='ocrx_word' id='word_1_186' title='bbox 369 1349 484 1387; x_wconf 86' lang='lat' dir='ltr'>usque</span> <span class='ocrx_word' id='word_1_187' title='bbox 515 1336 560 1374; x_wconf 78' lang='lat' dir='ltr'>ad</span> <span class='ocrx_word' id='word_1_188' title='bbox 594 1335 767 1373; x_wconf 83' lang='lat' dir='ltr'>Aldinam</span> <span class='ocrx_word' id='word_1_189' title='bbox 788 1361 799 1378; x_wconf 89' lang='lat'><em>‚</em></span> <span class='ocrx_word' id='word_1_190' title='bbox 826 1345 920 1382; x_wconf 81' lang='lat' dir='ltr'>quae</span> <span class='ocrx_word' id='word_1_191' title='bbox 943 1346 1020 1372; x_wconf 86' lang='lat' dir='ltr'>uno</span> <span class='ocrx_word' id='word_1_192' title='bbox 1043 1337 1131 1373; x_wconf 83' lang='lat' dir='ltr'>alte-</span> 
     </span>
     <span class='ocr_line' id='line_1_25' title="bbox 107 1386 1128 1434; baseline 0.004 -15"><span class='ocrx_word' id='word_1_193' title='bbox 107 1393 222 1433; x_wconf 85' lang='lat' dir='ltr'>roque</span> <span class='ocrx_word' id='word_1_194' title='bbox 235 1387 349 1424; x_wconf 86' lang='lat' dir='ltr'>verbo</span> <span class='ocrx_word' id='word_1_195' title='bbox 359 1389 518 1431; x_wconf 62' lang='lat' dir='ltr'>auctior,</span> <span class='ocrx_word' id='word_1_196' title='bbox 550 1398 666 1423; x_wconf 84' lang='lat' dir='ltr'>aetate</span> <span class='ocrx_word' id='word_1_197' title='bbox 682 1386 1128 1434; x_wconf 82' lang='lat' dir='ltr'>,dignitatepropemodum</span> 
     </span>
     <span class='ocr_line' id='line_1_26' title="bbox 105 1434 1130 1487; baseline 0.002 -15"><span class='ocrx_word' id='word_1_198' title='bbox 105 1443 178 1472; x_wconf 63' lang='grc' dir='ltr'>σε.</span> <span class='ocrx_word' id='word_1_199' title='bbox 193 1434 252 1473; x_wconf 88' lang='lat' dir='ltr'>sed</span> <span class='ocrx_word' id='word_1_200' title='bbox 274 1448 320 1474; x_wconf 89' lang='lat' dir='ltr'>ne</span> <span class='ocrx_word' id='word_1_201' title='bbox 344 1449 384 1475; x_wconf 90' lang='lat' dir='ltr'>ea</span> <span class='ocrx_word' id='word_1_202' title='bbox 403 1439 553 1487; x_wconf 86' lang='lat' dir='ltr'>quidem</span> <span class='ocrx_word' id='word_1_203' title='bbox 583 1438 735 1485; x_wconf 80' lang='lat' dir='ltr'>agnovit</span> <span class='ocrx_word' id='word_1_204' title='bbox 766 1437 982 1473; x_wconf 65' lang='lat' dir='ltr'>Catari-aeus.</span> <span class='ocrx_word' id='word_1_205' title='bbox 1019 1438 1130 1474; x_wconf 67' lang='lat' dir='ltr'>Gau-</span> 
     </span>
     <span class='ocr_line' id='line_1_27' title="bbox 109 1486 1130 1535; baseline 0.004 -13"><span class='ocrx_word' id='word_1_206' title='bbox 109 1494 199 1522; x_wconf 70' lang='lat' dir='ltr'>·nm.</span> <span class='ocrx_word' id='word_1_207' title='bbox 227 1486 280 1524; x_wconf 86' lang='lat' dir='ltr'>At</span> <span class='ocrx_word' id='word_1_208' title='bbox 312 1498 354 1524; x_wconf 87' lang='lat' dir='ltr'>ea</span> <span class='ocrx_word' id='word_1_209' title='bbox 388 1489 546 1535; x_wconf 84' lang='lat' dir='ltr'>agnoscit</span> <span class='ocrx_word' id='word_1_210' title='bbox 576 1486 670 1523; x_wconf 89' lang='lat' dir='ltr'>Cod.</span> <span class='ocrx_word' id='word_1_211' title='bbox 698 1486 914 1528; x_wconf 84' lang='lat' dir='ltr'>Mediceus,</span> <span class='ocrx_word' id='word_1_212' title='bbox 942 1486 1041 1523; x_wconf 84' lang='lat' dir='ltr'>cuius</span> <span class='ocrx_word' id='word_1_213' title='bbox 1066 1500 1130 1526; x_wconf 88' lang='lat' dir='ltr'>au-</span> 
     </span>
     <span class='ocr_line' id='line_1_28' title="bbox 108 1534 1130 1585; baseline 0 -12"><span class='ocrx_word' id='word_1_214' title='bbox 108 1534 251 1574; x_wconf 58' lang='lat' dir='ltr'>&amp;toritas</span> <span class='ocrx_word' id='word_1_215' title='bbox 273 1538 311 1574; x_wconf 91' lang='lat'><strong>&amp;</strong></span> <span class='ocrx_word' id='word_1_216' title='bbox 335 1538 537 1574; x_wconf 80' lang='lat' dir='ltr'>Palatinum</span> <span class='ocrx_word' id='word_1_217' title='bbox 563 1564 573 1580; x_wconf 92' lang='lat'>,</span> <span class='ocrx_word' id='word_1_218' title='bbox 602 1538 639 1574; x_wconf 66' lang='grc' dir='ltr'>ὃς</span> <span class='ocrx_word' id='word_1_219' title='bbox 662 1534 754 1572; x_wconf 81' lang='lat' dir='ltr'>Edd.</span> <span class='ocrx_word' id='word_1_220' title='bbox 774 1535 877 1570; x_wconf 86' lang='lat' dir='ltr'>Vett.</span> <span class='ocrx_word' id='word_1_221' title='bbox 896 1535 1006 1581; x_wconf 87' lang='lat' dir='ltr'>longe</span> <span class='ocrx_word' id='word_1_222' title='bbox 1028 1536 1130 1585; x_wconf 79' lang='lat' dir='ltr'>supe-</span> 
     </span>
     <span class='ocr_line' id='line_1_29' title="bbox 107 1583 1129 1636; baseline 0.005 -15"><span class='ocrx_word' id='word_1_223' title='bbox 107 1592 182 1629; x_wconf 78' lang='lat' dir='ltr'>rat,</span> <span class='ocrx_word' id='word_1_224' title='bbox 209 1598 277 1624; x_wconf 89' lang='lat' dir='ltr'>nec</span> <span class='ocrx_word' id='word_1_225' title='bbox 299 1598 366 1634; x_wconf 80' lang='lat' dir='ltr'>pro</span> <span class='ocrx_word' id='word_1_226' title='bbox 389 1588 614 1636; x_wconf 86' lang='lat' dir='ltr'>supervacuis</span> <span class='ocrx_word' id='word_1_227' title='bbox 635 1583 968 1632; x_wconf 79' lang='lat' dir='ltr'>habuitGryphius.</span> <span class='ocrx_word' id='word_1_228' title='bbox 997 1585 1129 1627; x_wconf 83' lang='lat' dir='ltr'>inserui</span> 
     </span>
     <span class='ocr_line' id='line_1_30' title="bbox 108 1637 1129 1685; baseline 0.003 -12"><span class='ocrx_word' id='word_1_229' title='bbox 108 1637 231 1684; x_wconf 86' lang='lat' dir='ltr'>itaque</span> <span class='ocrx_word' id='word_1_230' title='bbox 248 1637 444 1685; x_wconf 83' lang='lat' dir='ltr'>dignitate.-</span> <span class='ocrx_word' id='word_1_231' title='bbox 474 1649 560 1675; x_wconf 87' lang='lat' dir='ltr'>nam</span> <span class='ocrx_word' id='word_1_232' title='bbox 585 1639 657 1676; x_wconf 89' lang='lat' dir='ltr'>hoc</span> <span class='ocrx_word' id='word_1_233' title='bbox 678 1647 755 1672; x_wconf 87' lang='lat' dir='ltr'>uno</span> <span class='ocrx_word' id='word_1_234' title='bbox 779 1642 922 1671; x_wconf 80' lang='lat' dir='ltr'>tantuin</span> <span class='ocrx_word' id='word_1_235' title='bbox 947 1637 1129 1676; x_wconf 75' lang='lat' dir='ltr'>vocabulo</span> 
     </span>
     <span class='ocr_line' id='line_1_31' title="bbox 104 1684 1131 1727; baseline 0.003 -3"><span class='ocrx_word' id='word_1_236' title='bbox 104 1685 240 1724; x_wconf 75' lang='lat' dir='ltr'>Aldina</span> <span class='ocrx_word' id='word_1_237' title='bbox 274 1690 311 1725; x_wconf 64' lang='grc' dir='ltr'>ὅτ.</span> <span class='ocrx_word' id='word_1_238' title='bbox 343 1690 559 1726; x_wconf 85' lang='lat' dir='ltr'>veterrimae</span> <span class='ocrx_word' id='word_1_239' title='bbox 586 1686 828 1724; x_wconf 82' lang='lat' dir='ltr'>membranae</span> <span class='ocrx_word' id='word_1_240' title='bbox 842 1684 1020 1724; x_wconf 60' lang='lat' dir='ltr'>:iustiores</span> <span class='ocrx_word' id='word_1_241' title='bbox 1040 1689 1131 1727; x_wconf 86' lang='lat' dir='ltr'>sunt.</span> 
     </span>
     <span class='ocr_line' id='line_1_32' title="bbox 107 1735 1125 1786; baseline 0.003 -13"><span class='ocrx_word' id='word_1_242' title='bbox 107 1735 264 1774; x_wconf 85' lang='lat' dir='ltr'>Helmst.</span> <span class='ocrx_word' id='word_1_243' title='bbox 288 1738 399 1776; x_wconf 79' lang='lat' dir='ltr'>Arnz.</span> <span class='ocrx_word' id='word_1_244' title='bbox 424 1741 460 1778; x_wconf 89' lang='lat'>&amp;</span> <span class='ocrx_word' id='word_1_245' title='bbox 483 1738 549 1776; x_wconf 87' lang='lat' dir='ltr'>Ed.</span> <span class='ocrx_word' id='word_1_246' title='bbox 569 1738 656 1774; x_wconf 86' lang='lat' dir='ltr'>Vct.</span> <span class='ocrx_word' id='word_1_247' title='bbox 676 1735 839 1786; x_wconf 86' lang='lat' dir='ltr'>aequali,</span> <span class='ocrx_word' id='word_1_248' title='bbox 860 1746 927 1784; x_wconf 94' lang='lat' dir='ltr'>pro</span> <span class='ocrx_word' id='word_1_249' title='bbox 938 1738 1100 1785; x_wconf 79' lang='lat' dir='ltr'>aequales</span> <span class='ocrx_word' id='word_1_250' title='bbox 1115 1768 1125 1784; x_wconf 93' lang='lat'>,</span> 
     </span>
     <span class='ocr_line' id='line_1_33' title="bbox 110 1786 1128 1838; baseline 0.002 -15"><span class='ocrx_word' id='word_1_251' title='bbox 110 1788 193 1834; x_wconf 88' lang='lat' dir='ltr'>quia</span> <span class='ocrx_word' id='word_1_252' title='bbox 213 1788 370 1838; x_wconf 87' lang='lat' dir='ltr'>sequitur</span> <span class='ocrx_word' id='word_1_253' title='bbox 405 1788 609 1827; x_wconf 77' lang='lat' dir='ltr'>nonnullius</span> <span class='ocrx_word' id='word_1_254' title='bbox 642 1787 804 1824; x_wconf 82' lang='lat' dir='ltr'>nominis.</span> <span class='ocrx_word' id='word_1_255' title='bbox 857 1786 997 1823; x_wconf 82' lang='lat' dir='ltr'>Contra</span> <span class='ocrx_word' id='word_1_256' title='bbox 1025 1789 1128 1828; x_wconf 86' lang='lat' dir='ltr'>Voff.</span> 
     </span>
     <span class='ocr_line' id='line_1_34' title="bbox 109 1837 1130 1889; baseline 0.004 -17"><span class='ocrx_word' id='word_1_257' title='bbox 109 1846 201 1873; x_wconf 86' lang='lat' dir='ltr'>mox</span> <span class='ocrx_word' id='word_1_258' title='bbox 236 1839 398 1877; x_wconf 80' lang='lat' dir='ltr'>nonnulli</span> <span class='ocrx_word' id='word_1_259' title='bbox 421 1869 431 1886; x_wconf 91' lang='lat'>,</span> <span class='ocrx_word' id='word_1_260' title='bbox 470 1852 537 1889; x_wconf 88' lang='lat' dir='ltr'>pro</span> <span class='ocrx_word' id='word_1_261' title='bbox 562 1837 765 1876; x_wconf 82' lang='lat' dir='ltr'>nonnullius</span> <span class='ocrx_word' id='word_1_262' title='bbox 791 1866 802 1883; x_wconf 94' lang='lat'>‚</span> <span class='ocrx_word' id='word_1_263' title='bbox 838 1844 876 1874; x_wconf 87' lang='lat' dir='ltr'>ut</span> <span class='ocrx_word' id='word_1_264' title='bbox 897 1838 946 1876; x_wconf 87' lang='lat' dir='ltr'>ita</span> <span class='ocrx_word' id='word_1_265' title='bbox 967 1839 1130 1888; x_wconf 81' lang='lat' dir='ltr'>aequales</span> 
     </span>
     <span class='ocr_line' id='line_1_35' title="bbox 111 1884 1128 1936; baseline 0.009 -16"><span class='ocrx_word' id='word_1_266' title='bbox 111 1884 150 1921; x_wconf 74' lang='grc' dir='ltr'>ὃ(</span> <span class='ocrx_word' id='word_1_267' title='bbox 171 1886 261 1924; x_wconf 83' lang='lat' dir='ltr'>nulli</span> <span class='ocrx_word' id='word_1_268' title='bbox 283 1892 377 1936; x_wconf 84' lang='lat' dir='ltr'>paria</span> <span class='ocrx_word' id='word_1_269' title='bbox 400 1889 522 1928; x_wconf 86' lang='lat' dir='ltr'>effent.</span> <span class='ocrx_word' id='word_1_270' title='bbox 561 1890 669 1927; x_wconf 75' lang='lat' dir='ltr'>Nulla</span> <span class='ocrx_word' id='word_1_271' title='bbox 689 1890 839 1926; x_wconf 89' lang='lat' dir='ltr'>ratione.</span> <span class='ocrx_word' id='word_1_272' title='bbox 882 1887 1019 1926; x_wconf 86' lang='lat' dir='ltr'>Gellius</span> <span class='ocrx_word' id='word_1_273' title='bbox 1047 1891 1128 1930; x_wconf 88' lang='lat' dir='ltr'>Lib.</span> 
     </span>
     <span class='ocr_line' id='line_1_36' title="bbox 111 1932 1126 1990; baseline 0.009 -20"><span class='ocrx_word' id='word_1_274' title='bbox 111 1932 210 1971; x_wconf 89' lang='lat' dir='ltr'>XIX.</span> <span class='ocrx_word' id='word_1_275' title='bbox 234 1947 309 1984; x_wconf 85' lang='lat' dir='ltr'>cap.</span> <span class='ocrx_word' id='word_1_276' title='bbox 335 1939 397 1976; x_wconf 91' lang='lat' dir='ltr'>IX.</span> <span class='ocrx_word' id='word_1_277' title='bbox 428 1941 634 1990; x_wconf 76' lang='lat' dir='ltr'>Adolescens</span> <span class='ocrx_word' id='word_1_278' title='bbox 655 1950 778 1977; x_wconf 85' lang='lat' dir='ltr'>eterra</span> <span class='ocrx_word' id='word_1_279' title='bbox 794 1937 903 1988; x_wconf 81' lang='lat' dir='ltr'>Asia,</span> <span class='ocrx_word' id='word_1_280' title='bbox 930 1940 971 1976; x_wconf 86' lang='lat' dir='ltr'>de</span> <span class='ocrx_word' id='word_1_281' title='bbox 983 1939 1126 1989; x_wconf 85' lang='lat' dir='ltr'>equestri</span> 
     </span>
     <span class='ocr_line' id='line_1_37' title="bbox 111 1983 1130 2036; baseline 0 -7"><span class='ocrx_word' id='word_1_282' title='bbox 111 1983 176 2021; x_wconf 69' lang='lat'><em>10⁶0</em></span> <span class='ocrx_word' id='word_1_283' title='bbox 199 2013 209 2029; x_wconf 74' lang='lat'>2</span> <span class='ocrx_word' id='word_1_284' title='bbox 231 1986 345 2026; x_wconf 76' lang='lat' dir='ltr'>laetae</span> <span class='ocrx_word' id='word_1_285' title='bbox 367 1990 497 2028; x_wconf 82' lang='lat' dir='ltr'>indolis</span> <span class='ocrx_word' id='word_1_286' title='bbox 521 2019 531 2035; x_wconf 93' lang='lat'>,</span> <span class='ocrx_word' id='word_1_287' title='bbox 569 1989 718 2027; x_wconf 67' lang='lat' dir='ltr'>moribus</span> <span class='ocrx_word' id='word_1_288' title='bbox 736 1991 945 2036; x_wconf 66' lang='lat' dir='ltr'>&amp;fortuna</span> <span class='ocrx_word' id='word_1_289' title='bbox 968 1990 1049 2028; x_wconf 80' lang='lat' dir='ltr'>bene</span> <span class='ocrx_word' id='word_1_290' title='bbox 1070 2003 1130 2029; x_wconf 89' lang='lat' dir='ltr'>or-</span> 
     </span>
     <span class='ocr_line' id='line_1_38' title="bbox 113 2039 1129 2090; baseline 0.012 -21"><span class='ocrx_word' id='word_1_291' title='bbox 113 2043 215 2073; x_wconf 84' lang='lat' dir='ltr'>natus</span> <span class='ocrx_word' id='word_1_292' title='bbox 230 2065 239 2080; x_wconf 94' lang='lat'>‚</span> <span class='ocrx_word' id='word_1_293' title='bbox 268 2049 310 2076; x_wconf 70' lang='lat' dir='ltr'>cy</span> <span class='ocrx_word' id='word_1_294' title='bbox 329 2041 380 2076; x_wconf 83' lang='lat' dir='ltr'>ad</span> <span class='ocrx_word' id='word_1_295' title='bbox 394 2054 465 2077; x_wconf 89' lang='lat' dir='ltr'>rem</span> <span class='ocrx_word' id='word_1_296' title='bbox 486 2039 652 2090; x_wconf 81' lang='lat' dir='ltr'>muficam</span> <span class='ocrx_word' id='word_1_297' title='bbox 667 2041 918 2088; x_wconf 85' lang='lat' dir='ltr'>faciliingenio</span> <span class='ocrx_word' id='word_1_298' title='bbox 929 2053 968 2076; x_wconf 85' lang='lat' dir='ltr'>ac</span> <span class='ocrx_word' id='word_1_299' title='bbox 979 2041 1129 2089; x_wconf 86' lang='lat' dir='ltr'>libenti,</span> 
     </span>
     <span class='ocr_line' id='line_1_39' title="bbox 110 2089 1130 2140; baseline 0.009 -20"><span class='ocrx_word' id='word_1_300' title='bbox 110 2096 250 2122; x_wconf 73' lang='lat' dir='ltr'>coenam</span> <span class='ocrx_word' id='word_1_301' title='bbox 283 2089 395 2127; x_wconf 84' lang='lat' dir='ltr'>dabat</span> <span class='ocrx_word' id='word_1_302' title='bbox 424 2092 556 2129; x_wconf 87' lang='lat' dir='ltr'>amicis.</span> <span class='ocrx_word' id='word_1_303' title='bbox 586 2093 625 2128; x_wconf 85' lang='lat'>&amp;</span> <span class='ocrx_word' id='word_1_304' title='bbox 656 2091 776 2140; x_wconf 82' lang='lat' dir='ltr'>paullo</span> <span class='ocrx_word' id='word_1_305' title='bbox 806 2091 917 2140; x_wconf 89' lang='lat' dir='ltr'>post:</span> <span class='ocrx_word' id='word_1_306' title='bbox 954 2091 1130 2132; x_wconf 81' lang='lat' dir='ltr'>clamator</span> 
     </span>
     <span class='ocr_line' id='line_1_40' title="bbox 112 2140 1128 2191; baseline 0.014 -21"><span class='ocrx_word' id='word_1_307' title='bbox 112 2144 258 2173; x_wconf 80' lang='lat' dir='ltr'>tantum</span> <span class='ocrx_word' id='word_1_308' title='bbox 278 2153 320 2176; x_wconf 89' lang='lat' dir='ltr'>ac</span> <span class='ocrx_word' id='word_1_309' title='bbox 333 2140 512 2186; x_wconf 70' lang='lat' dir='ltr'>facundia</span> <span class='ocrx_word' id='word_1_310' title='bbox 533 2140 676 2180; x_wconf 67' lang='lat' dir='ltr'>rabida.</span> <span class='ocrx_word' id='word_1_311' title='bbox 721 2142 900 2191; x_wconf 76' lang='lat' dir='ltr'>Vopiscus</span> <span class='ocrx_word' id='word_1_312' title='bbox 922 2142 1128 2184; x_wconf 80' lang='lat' dir='ltr'>Auretiano</span> 
     </span>
     <span class='ocr_line' id='line_1_41' title="bbox 113 2189 1128 2244; baseline 0.01 -20"><span class='ocrx_word' id='word_1_313' title='bbox 113 2195 192 2243; x_wconf 76' lang='lat' dir='ltr'>cap.</span> <span class='ocrx_word' id='word_1_314' title='bbox 216 2189 282 2244; x_wconf 85' lang='lat' dir='ltr'>lV.</span> <span class='ocrx_word' id='word_1_315' title='bbox 314 2191 392 2228; x_wconf 78' lang='lat' dir='ltr'>Fuit</span> <span class='ocrx_word' id='word_1_316' title='bbox 413 2193 549 2230; x_wconf 84' lang='lat' dir='ltr'>decorus</span> <span class='ocrx_word' id='word_1_317' title='bbox 575 2220 585 2236; x_wconf 93' lang='lat'><strong>‚</strong></span> <span class='ocrx_word' id='word_1_318' title='bbox 610 2191 749 2237; x_wconf 80' lang='lat' dir='ltr'>statura</span> <span class='ocrx_word' id='word_1_319' title='bbox 771 2194 982 2241; x_wconf 74' lang='lat' dir='ltr'>procerior,</span> <span class='ocrx_word' id='word_1_320' title='bbox 1009 2197 1128 2234; x_wconf 85' lang='lat' dir='ltr'>nervis</span> 
     </span>
     <span class='ocr_line' id='line_1_42' title="bbox 113 2237 1128 2291; baseline 0.013 -19"><span class='ocrx_word' id='word_1_321' title='bbox 113 2237 331 2279; x_wconf 64' lang='lat' dir='ltr'>validissimis</span> <span class='ocrx_word' id='word_1_322' title='bbox 345 2270 355 2285; x_wconf 89' lang='lat'>‚</span> <span class='ocrx_word' id='word_1_323' title='bbox 381 2243 460 2280; x_wconf 82' lang='lat' dir='ltr'>vini</span> <span class='ocrx_word' id='word_1_324' title='bbox 479 2254 520 2281; x_wconf 66' lang='grc' dir='ltr'><strong><em>ω</em></strong></span> <span class='ocrx_word' id='word_1_325' title='bbox 540 2242 601 2279; x_wconf 88' lang='lat' dir='ltr'>cibi</span> <span class='ocrx_word' id='word_1_326' title='bbox 621 2242 736 2291; x_wconf 86' lang='lat' dir='ltr'>paullo</span> <span class='ocrx_word' id='word_1_327' title='bbox 761 2243 925 2291; x_wconf 85' lang='lat' dir='ltr'>cupidior</span> <span class='ocrx_word' id='word_1_328' title='bbox 939 2272 949 2287; x_wconf 93' lang='lat'>‚</span> <span class='ocrx_word' id='word_1_329' title='bbox 976 2245 1128 2285; x_wconf 86' lang='lat' dir='ltr'>libidinis</span> 
     </span>
    </p>
   </div>
   <div class='ocr_carea' id='block_1_8' title="bbox 31 2291 1128 2341">
    <p class='ocr_par' dir='ltr' id='par_1_10' title="bbox 31 2291 1128 2341">
     <span class='ocr_line' id='line_1_43' title="bbox 31 2291 1128 2341; baseline 0.01 -19"><span class='ocrx_word' id='word_1_330' title='bbox 31 2326 32 2332; x_wconf 11' lang='grc' dir='ltr'>χ</span> <span class='ocrx_word' id='word_1_331' title='bbox 111 2298 240 2334; x_wconf 86' lang='lat' dir='ltr'>rarae,</span> <span class='ocrx_word' id='word_1_332' title='bbox 268 2291 467 2340; x_wconf 75' lang='lat' dir='ltr'>discipIInae</span> <span class='ocrx_word' id='word_1_333' title='bbox 494 2292 680 2341; x_wconf 78' lang='lat' dir='ltr'>fingularis</span> <span class='ocrx_word' id='word_1_334' title='bbox 703 2320 713 2336; x_wconf 93' lang='lat'>,</span> <span class='ocrx_word' id='word_1_335' title='bbox 736 2292 848 2340; x_wconf 82' lang='lat' dir='ltr'>gladii</span> <span class='ocrx_word' id='word_1_336' title='bbox 867 2295 1044 2338; x_wconf 78' lang='lat' dir='ltr'>exserendi</span> <span class='ocrx_word' id='word_1_337' title='bbox 1067 2308 1128 2334; x_wconf 88' lang='lat' dir='ltr'>cu-</span> 
     </span>
    </p>
   </div>
   <div class='ocr_carea' id='block_1_9' title="bbox 112 2337 1128 2442">
    <p class='ocr_par' dir='ltr' id='par_1_11' title="bbox 112 2337 1128 2442">
     <span class='ocr_line' id='line_1_44' title="bbox 112 2337 1128 2391; baseline 0.01 -17"><span class='ocrx_word' id='word_1_338' title='bbox 112 2337 224 2384; x_wconf 84' lang='lat' dir='ltr'>pidus.</span> <span class='ocrx_word' id='word_1_339' title='bbox 281 2342 482 2390; x_wconf 69' lang='lat' dir='ltr'>Spartianus</span> <span class='ocrx_word' id='word_1_340' title='bbox 506 2343 670 2380; x_wconf 76' lang='lat' dir='ltr'>Adriano</span> <span class='ocrx_word' id='word_1_341' title='bbox 702 2353 778 2391; x_wconf 76' lang='lat' dir='ltr'>cap.</span> <span class='ocrx_word' id='word_1_342' title='bbox 812 2344 952 2380; x_wconf 86' lang='lat' dir='ltr'>XXVI.</span> <span class='ocrx_word' id='word_1_343' title='bbox 979 2351 1128 2384; x_wconf 78' lang='lat' dir='ltr'>Statura</span> 
     </span>
     <span class='ocr_line' id='line_1_45' title="bbox 779 2393 1128 2442; baseline 0.014 -12"><span class='ocrx_word' id='word_1_344' title='bbox 779 2393 870 2442; x_wconf 78' lang='lat' dir='ltr'>flexo</span> <span class='ocrx_word' id='word_1_345' title='bbox 894 2395 943 2430; x_wconf 80' lang='lat' dir='ltr'>ad</span> <span class='ocrx_word' id='word_1_346' title='bbox 963 2398 1128 2441; x_wconf 64' lang='lat' dir='ltr'>peclinem</span> 
     </span>
    </p>
   </div>
   <div class='ocr_carea' id='block_1_10' title="bbox 113 2487 1129 2543">
    <p class='ocr_par' dir='ltr' id='par_1_12' title="bbox 113 2487 1129 2543">
     <span class='ocr_line' id='line_1_46' title="bbox 113 2487 1129 2543; baseline 0.009 -17"><span class='ocrx_word' id='word_1_347' title='bbox 113 2487 215 2528; x_wconf 88' lang='lat' dir='ltr'>Vero</span> <span class='ocrx_word' id='word_1_348' title='bbox 238 2505 311 2542; x_wconf 79' lang='lat' dir='ltr'>cap.</span> <span class='ocrx_word' id='word_1_349' title='bbox 336 2496 383 2532; x_wconf 92' lang='lat' dir='ltr'>V.</span> <span class='ocrx_word' id='word_1_350' title='bbox 414 2501 455 2531; x_wconf 84' lang='lat' dir='ltr'>ln</span> <span class='ocrx_word' id='word_1_351' title='bbox 478 2495 558 2531; x_wconf 86' lang='lat' dir='ltr'>vita</span> <span class='ocrx_word' id='word_1_352' title='bbox 583 2494 697 2532; x_wconf 83' lang='lat' dir='ltr'>minas</span> <span class='ocrx_word' id='word_1_353' title='bbox 710 2493 1129 2543; x_wconf 88' lang='lat' dir='ltr'>probabilis...pulchri-</span> 
     </span>
    </p>
   </div>
   <div class='ocr_carea' id='block_1_11' title="bbox 42 2540 1134 2696">
    <p class='ocr_par' dir='ltr' id='par_1_13' title="bbox 42 2540 1134 2696">
     <span class='ocr_line' id='line_1_47' title="bbox 42 2540 1131 2592; baseline 0.007 -15"><span class='ocrx_word' id='word_1_354' title='bbox 42 2557 43 2570; x_wconf 71' lang='lat' dir='ltr'>i</span> <span class='ocrx_word' id='word_1_355' title='bbox 113 2540 242 2580; x_wconf 72' lang='lat' dir='ltr'>tudinis</span> <span class='ocrx_word' id='word_1_356' title='bbox 260 2545 367 2592; x_wconf 80' lang='lat' dir='ltr'>regiae</span> <span class='ocrx_word' id='word_1_357' title='bbox 391 2574 400 2589; x_wconf 95' lang='lat'>,</span> <span class='ocrx_word' id='word_1_358' title='bbox 429 2547 499 2582; x_wconf 82' lang='lat' dir='ltr'>oris</span> <span class='ocrx_word' id='word_1_359' title='bbox 523 2546 719 2582; x_wconf 83' lang='lat' dir='ltr'>venerandi</span> <span class='ocrx_word' id='word_1_360' title='bbox 740 2574 749 2589; x_wconf 95' lang='lat'>,</span> <span class='ocrx_word' id='word_1_361' title='bbox 787 2545 890 2592; x_wconf 82' lang='lat' dir='ltr'>versu</span> <span class='ocrx_word' id='word_1_362' title='bbox 924 2544 1032 2584; x_wconf 74' lang='lat' dir='ltr'>facilis</span> <span class='ocrx_word' id='word_1_363' title='bbox 1057 2575 1066 2590; x_wconf 96' lang='lat'>,</span> <span class='ocrx_word' id='word_1_364' title='bbox 1093 2548 1131 2585; x_wconf 85' lang='lat' dir='ltr'>in</span> 
     </span>
     <span class='ocr_line' id='line_1_48' title="bbox 44 2594 1132 2643; baseline 0.009 -18"><span class='ocrx_word' id='word_1_365' title='bbox 44 2601 45 2614; x_wconf 60' lang='lat'>¹</span> <span class='ocrx_word' id='word_1_366' title='bbox 115 2598 179 2638; x_wconf 79' lang='lat' dir='ltr'>rep.</span> <span class='ocrx_word' id='word_1_367' title='bbox 199 2594 308 2630; x_wconf 82' lang='lat' dir='ltr'>etiam</span> <span class='ocrx_word' id='word_1_368' title='bbox 335 2609 402 2632; x_wconf 89' lang='lat' dir='ltr'>non</span> <span class='ocrx_word' id='word_1_369' title='bbox 424 2595 567 2632; x_wconf 84' lang='lat' dir='ltr'>inutilis.</span> <span class='ocrx_word' id='word_1_370' title='bbox 596 2597 651 2633; x_wconf 86' lang='lat' dir='ltr'>Sic</span> <span class='ocrx_word' id='word_1_371' title='bbox 674 2596 769 2633; x_wconf 84' lang='lat' dir='ltr'>idem</span> <span class='ocrx_word' id='word_1_372' title='bbox 804 2596 965 2643; x_wconf 83' lang='lat' dir='ltr'>quuitur</span> <span class='ocrx_word' id='word_1_373' title='bbox 997 2598 1132 2635; x_wconf 87' lang='lat' dir='ltr'>Severo</span> 
     </span>
     <span class='ocr_line' id='line_1_49' title="bbox 46 2643 1134 2696; baseline 0.009 -21"><span class='ocrx_word' id='word_1_374' title='bbox 46 2647 47 2651; x_wconf 74' lang='grc'>’</span> <span class='ocrx_word' id='word_1_375' title='bbox 117 2649 191 2689; x_wconf 83' lang='lat' dir='ltr'>cap.</span> <span class='ocrx_word' id='word_1_376' title='bbox 212 2643 311 2681; x_wconf 89' lang='lat' dir='ltr'><strong>XIX.</strong></span> <span class='ocrx_word' id='word_1_377' title='bbox 336 2648 374 2683; x_wconf 70' lang='grc' dir='ltr'>ὃς</span> <span class='ocrx_word' id='word_1_378' title='bbox 398 2647 514 2694; x_wconf 69' lang='lat' dir='ltr'>Nigro</span> <span class='ocrx_word' id='word_1_379' title='bbox 537 2657 613 2693; x_wconf 80' lang='lat' dir='ltr'>cap.</span> <span class='ocrx_word' id='word_1_380' title='bbox 638 2647 663 2682; x_wconf 93' lang='lat' dir='ltr'>l.</span> <span class='ocrx_word' id='word_1_381' title='bbox 714 2646 938 2694; x_wconf 75' lang='lat' dir='ltr'>Capitolinus</span> <span class='ocrx_word' id='word_1_382' title='bbox 961 2646 1026 2683; x_wconf 84' lang='lat' dir='ltr'>Pio</span> <span class='ocrx_word' id='word_1_383' title='bbox 1058 2659 1134 2696; x_wconf 83' lang='lat' dir='ltr'>cap.</span> 
     </span>
    </p>
   </div>
   <div class='ocr_carea' id='block_1_12' title="bbox 61 2687 1138 3000">
    <p class='ocr_par' dir='ltr' id='par_1_14' title="bbox 111 2687 1138 2840">
     <span class='ocr_line' id='line_1_50' title="bbox 119 2687 1137 2744; baseline 0.009 -18"><span class='ocrx_word' id='word_1_384' title='bbox 119 2687 166 2728; x_wconf 88' lang='lat'>11.</span> <span class='ocrx_word' id='word_1_385' title='bbox 202 2696 281 2732; x_wconf 79' lang='lat' dir='ltr'>Fuit</span> <span class='ocrx_word' id='word_1_386' title='bbox 312 2697 371 2733; x_wconf 82' lang='lat' dir='ltr'>vir</span> <span class='ocrx_word' id='word_1_387' title='bbox 397 2699 520 2744; x_wconf 88' lang='lat' dir='ltr'>forma</span> <span class='ocrx_word' id='word_1_388' title='bbox 552 2695 765 2743; x_wconf 85' lang='lat' dir='ltr'>conspicuus</span> <span class='ocrx_word' id='word_1_389' title='bbox 788 2725 797 2738; x_wconf 89' lang='lat'><strong>‚</strong></span> <span class='ocrx_word' id='word_1_390' title='bbox 835 2696 968 2743; x_wconf 70' lang='lat' dir='ltr'>ingenio</span> <span class='ocrx_word' id='word_1_391' title='bbox 1001 2697 1137 2742; x_wconf 87' lang='lat' dir='ltr'>clarus,</span> 
     </span>
     <span class='ocr_line' id='line_1_51' title="bbox 111 2738 1138 2797; baseline 0.008 -19"><span class='ocrx_word' id='word_1_392' title='bbox 111 2738 300 2797; x_wconf 76' lang='lat' dir='ltr'>fingularis</span> <span class='ocrx_word' id='word_1_393' title='bbox 321 2747 551 2796; x_wconf 84' lang='lat' dir='ltr'>eloquentiae</span> <span class='ocrx_word' id='word_1_394' title='bbox 576 2774 586 2791; x_wconf 90' lang='lat'>,</span> <span class='ocrx_word' id='word_1_395' title='bbox 614 2747 745 2784; x_wconf 82' lang='lat' dir='ltr'>nitidae</span> <span class='ocrx_word' id='word_1_396' title='bbox 766 2748 984 2785; x_wconf 66' lang='lat' dir='ltr'>litteraturae</span> <span class='ocrx_word' id='word_1_397' title='bbox 1003 2775 1014 2793; x_wconf 60' lang='lat'>2</span> <span class='ocrx_word' id='word_1_398' title='bbox 1039 2756 1138 2797; x_wconf 87' lang='lat' dir='ltr'>prae-</span> 
     </span>
     <span class='ocr_line' id='line_1_52' title="bbox 120 2795 458 2840; baseline 0.018 -10"><span class='ocrx_word' id='word_1_399' title='bbox 120 2800 211 2840; x_wconf 81' lang='lat' dir='ltr'>cipue</span> <span class='ocrx_word' id='word_1_400' title='bbox 231 2795 365 2835; x_wconf 84' lang='lat' dir='ltr'>sobrius</span> <span class='ocrx_word' id='word_1_401' title='bbox 389 2800 458 2836; x_wconf 84' lang='lat' dir='ltr'>&amp;c.</span> 
     </span>
    </p>

    <p class='ocr_par' dir='ltr' id='par_1_15' title="bbox 61 2847 1138 3000">
     <span class='ocr_line' id='line_1_53' title="bbox 171 2847 964 2901; baseline 0.005 -20"><span class='ocrx_word' id='word_1_402' title='bbox 171 2853 189 2890; x_wconf 86' lang='lat'>3</span> <span class='ocrx_word' id='word_1_403' title='bbox 222 2847 400 2901; x_wconf 45' lang='lat' dir='ltr'>eutium]</span> <span class='ocrx_word' id='word_1_404' title='bbox 431 2849 529 2897; x_wconf 83' lang='lat' dir='ltr'>Quia</span> <span class='ocrx_word' id='word_1_405' title='bbox 553 2849 689 2886; x_wconf 75' lang='lat' dir='ltr'>dixerat</span> <span class='ocrx_word' id='word_1_406' title='bbox 712 2849 921 2887; x_wconf 83' lang='lat' dir='ltr'>nonnullius</span> <span class='ocrx_word' id='word_1_407' title='bbox 954 2877 964 2893; x_wconf 90' lang='lat'>‚</span> 
     </span>
     <span class='ocr_line' id='line_1_54' title="bbox 124 2899 1137 2947; baseline 0.005 -15"><span class='ocrx_word' id='word_1_408' title='bbox 124 2900 243 2940; x_wconf 68' lang='lat' dir='ltr'>magni</span> <span class='ocrx_word' id='word_1_409' title='bbox 275 2900 431 2937; x_wconf 86' lang='lat' dir='ltr'>nominis</span> <span class='ocrx_word' id='word_1_410' title='bbox 456 2927 466 2944; x_wconf 91' lang='lat'>,</span> <span class='ocrx_word' id='word_1_411' title='bbox 501 2907 540 2936; x_wconf 89' lang='lat' dir='ltr'>ut</span> <span class='ocrx_word' id='word_1_412' title='bbox 575 2900 748 2938; x_wconf 76' lang='lat' dir='ltr'>debuisset</span> <span class='ocrx_word' id='word_1_413' title='bbox 779 2901 822 2936; x_wconf 78' lang='lat' dir='ltr'>de</span> <span class='ocrx_word' id='word_1_414' title='bbox 857 2899 993 2936; x_wconf 80' lang='lat' dir='ltr'>Tacito</span> <span class='ocrx_word' id='word_1_415' title='bbox 1013 2900 1137 2947; x_wconf 81' lang='lat' dir='ltr'>loqui:</span> 
     </span>
     <span class='ocr_line' id='line_1_55' title="bbox 61 2940 1138 3000; baseline 0.012 -25"><span class='ocrx_word' id='word_1_416' title='bbox 61 2967 65 2971; x_wconf 89' lang='lat'>.</span> <span class='ocrx_word' id='word_1_417' title='bbox 126 2940 184 2976; x_wconf 87' lang='lat' dir='ltr'>sed</span> <span class='ocrx_word' id='word_1_418' title='bbox 200 2953 282 2982; x_wconf 85' lang='lat' dir='ltr'>cum</span> <span class='ocrx_word' id='word_1_419' title='bbox 304 2948 336 2984; x_wconf 88' lang='lat' dir='ltr'>se</span> <span class='ocrx_word' id='word_1_420' title='bbox 360 2961 510 3000; x_wconf 90' lang='lat' dir='ltr'>quoque</span> <span class='ocrx_word' id='word_1_421' title='bbox 532 2951 747 2999; x_wconf 84' lang='lat' dir='ltr'>complexus</span> <span class='ocrx_word' id='word_1_422' title='bbox 772 2948 857 2988; x_wconf 73' lang='lat' dir='ltr'>esset</span> <span class='ocrx_word' id='word_1_423' title='bbox 872 2978 882 2993; x_wconf 86' lang='lat'>‚</span> <span class='ocrx_word' id='word_1_424' title='bbox 913 2952 1138 2998; x_wconf 80' lang='lat' dir='ltr'>arrogantiae</span> 
     </span>
    </p>
   </div>
   <div class='ocr_carea' id='block_1_13' title="bbox 1194 1326 2223 1432">
    <p class='ocr_par' dir='ltr' id='par_1_16' title="bbox 1194 1326 2223 1432">
     <span class='ocr_line' id='line_1_56' title="bbox 1194 1326 2223 1388; baseline -0.005 -20"><span class='ocrx_word' id='word_1_425' title='bbox 1194 1330 1290 1388; x_wconf 69' lang='lat' dir='ltr'>stolis</span> <span class='ocrx_word' id='word_1_426' title='bbox 1337 1330 1490 1370; x_wconf 86' lang='lat' dir='ltr'>inserere</span> <span class='ocrx_word' id='word_1_427' title='bbox 1533 1332 1732 1380; x_wconf 77' lang='lat' dir='ltr'>Virgiliana</span> <span class='ocrx_word' id='word_1_428' title='bbox 1781 1327 1953 1366; x_wconf 84' lang='lat' dir='ltr'>carmina.</span> <span class='ocrx_word' id='word_1_429' title='bbox 2010 1326 2084 1363; x_wconf 89' lang='lat' dir='ltr'>Hic</span> <span class='ocrx_word' id='word_1_430' title='bbox 2123 1328 2223 1364; x_wconf 88' lang='lat' dir='ltr'>enim</span> 
     </span>
     <span class='ocr_line' id='line_1_57' title="bbox 1197 1390 1347 1432; baseline 0 -12"><span class='ocrx_word' id='word_1_431' title='bbox 1197 1390 1347 1432; x_wconf 78' lang='lat' dir='ltr'>inquit:</span> 
     </span>
    </p>
   </div>
   <div class='ocr_carea' id='block_1_14' title="bbox 1245 1477 2226 1685">
    <p class='ocr_par' dir='ltr' id='par_1_17' title="bbox 1249 1477 2226 1584">
     <span class='ocr_line' id='line_1_58' title="bbox 1249 1477 2226 1532; baseline -0.006 -12"><span class='ocrx_word' id='word_1_432' title='bbox 1249 1484 1392 1522; x_wconf 84' lang='lat' dir='ltr'>Primus</span> <span class='ocrx_word' id='word_1_433' title='bbox 1441 1485 1516 1524; x_wconf 87' lang='lat' dir='ltr'>abit</span> <span class='ocrx_word' id='word_1_434' title='bbox 1539 1513 1550 1529; x_wconf 89' lang='lat'>,</span> <span class='ocrx_word' id='word_1_435' title='bbox 1596 1483 1758 1532; x_wconf 80' lang='lat' dir='ltr'>longeque</span> <span class='ocrx_word' id='word_1_436' title='bbox 1806 1489 1891 1516; x_wconf 86' lang='lat' dir='ltr'>ante</span> <span class='ocrx_word' id='word_1_437' title='bbox 1927 1477 2047 1516; x_wconf 89' lang='lat' dir='ltr'>omnia</span> <span class='ocrx_word' id='word_1_438' title='bbox 2084 1485 2226 1528; x_wconf 65' lang='lat' dir='ltr'>corpora¹</span> 
     </span>
     <span class='ocr_line' id='line_1_59' title="bbox 1294 1535 1402 1584; baseline 0.019 -13"><span class='ocrx_word' id='word_1_439' title='bbox 1294 1535 1402 1584; x_wconf 81' lang='lat' dir='ltr'>Nisus</span> 
     </span>
    </p>

    <p class='ocr_par' dir='ltr' id='par_1_18' title="bbox 1245 1579 2172 1633">
     <span class='ocr_line' id='line_1_60' title="bbox 1245 1579 2172 1633; baseline -0.003 -12"><span class='ocrx_word' id='word_1_440' title='bbox 1245 1585 1407 1629; x_wconf 77' lang='lat' dir='ltr'>Emicat,</span> <span class='ocrx_word' id='word_1_441' title='bbox 1435 1584 1517 1623; x_wconf 86' lang='lat' dir='ltr'>hinc</span> <span class='ocrx_word' id='word_1_442' title='bbox 1543 1585 1660 1633; x_wconf 76' lang='lat' dir='ltr'>longo,</span> <span class='ocrx_word' id='word_1_443' title='bbox 1682 1582 1746 1632; x_wconf 66' lang='lat' dir='ltr'>fied</span> <span class='ocrx_word' id='word_1_444' title='bbox 1768 1581 1958 1632; x_wconf 85' lang='lat' dir='ltr'>proximus</span> <span class='ocrx_word' id='word_1_445' title='bbox 1979 1579 2172 1618; x_wconf 82' lang='lat' dir='ltr'>intervallo</span> 
     </span>
    </p>

    <p class='ocr_par' dir='ltr' id='par_1_19' title="bbox 1247 1634 1725 1685">
     <span class='ocr_line' id='line_1_61' title="bbox 1247 1634 1725 1685; baseline 0 -14"><span class='ocrx_word' id='word_1_446' title='bbox 1247 1637 1447 1685; x_wconf 82' lang='lat' dir='ltr'>Insequitur</span> <span class='ocrx_word' id='word_1_447' title='bbox 1471 1634 1599 1673; x_wconf 83' lang='lat' dir='ltr'>Salius.</span> <span class='ocrx_word' id='word_1_448' title='bbox 1627 1661 1725 1671; x_wconf 76' lang='lat'>...—</span> 
     </span>
    </p>
   </div>
   <div class='ocr_carea' id='block_1_15' title="bbox 1194 1732 2231 1978">
    <p class='ocr_par' dir='ltr' id='par_1_20' title="bbox 1194 1732 2227 1784">
     <span class='ocr_line' id='line_1_62' title="bbox 1194 1732 2227 1784; baseline 0.001 -12"><span class='ocrx_word' id='word_1_449' title='bbox 1194 1735 1391 1775; x_wconf 81' lang='lat' dir='ltr'>Proximus</span> <span class='ocrx_word' id='word_1_450' title='bbox 1411 1738 1518 1784; x_wconf 88' lang='lat' dir='ltr'>igitur</span> <span class='ocrx_word' id='word_1_451' title='bbox 1540 1734 1678 1773; x_wconf 82' lang='lat' dir='ltr'>Tacito</span> <span class='ocrx_word' id='word_1_452' title='bbox 1701 1732 1888 1771; x_wconf 87' lang='lat' dir='ltr'>Secundus</span> <span class='ocrx_word' id='word_1_453' title='bbox 1911 1733 2037 1771; x_wconf 86' lang='lat' dir='ltr'>eratin</span> <span class='ocrx_word' id='word_1_454' title='bbox 2049 1732 2227 1782; x_wconf 86' lang='lat' dir='ltr'>eloquen-</span> 
     </span>
    </p>

    <p class='ocr_par' dir='ltr' id='par_1_21' title="bbox 1196 1784 2231 1835">
     <span class='ocr_line' id='line_1_63' title="bbox 1196 1784 2231 1835; baseline 0.001 -13"><span class='ocrx_word' id='word_1_455' title='bbox 1196 1787 1244 1824; x_wconf 91' lang='lat' dir='ltr'>tia</span> <span class='ocrx_word' id='word_1_456' title='bbox 1258 1814 1270 1830; x_wconf 91' lang='lat'>,</span> <span class='ocrx_word' id='word_1_457' title='bbox 1295 1786 1355 1824; x_wconf 92' lang='lat' dir='ltr'>sed</span> <span class='ocrx_word' id='word_1_458' title='bbox 1376 1788 1492 1835; x_wconf 81' lang='lat' dir='ltr'>longo</span> <span class='ocrx_word' id='word_1_459' title='bbox 1514 1784 1719 1824; x_wconf 88' lang='lat' dir='ltr'>intervallo.</span> <span class='ocrx_word' id='word_1_460' title='bbox 1749 1785 1903 1821; x_wconf 80' lang='lat' dir='ltr'>CATAN.</span> <span class='ocrx_word' id='word_1_461' title='bbox 1935 1784 2104 1822; x_wconf 88' lang='lat' dir='ltr'>Similiter</span> <span class='ocrx_word' id='word_1_462' title='bbox 2126 1785 2231 1834; x_wconf 89' lang='lat' dir='ltr'>loqui</span> 
     </span>
    </p>

    <p class='ocr_par' dir='ltr' id='par_1_22' title="bbox 1198 1834 2228 1883">
     <span class='ocr_line' id='line_1_64' title="bbox 1198 1834 2228 1883; baseline -0.003 -9"><span class='ocrx_word' id='word_1_463' title='bbox 1198 1837 1443 1883; x_wconf 88' lang='lat' dir='ltr'>Ciceronem,</span> <span class='ocrx_word' id='word_1_464' title='bbox 1472 1839 1546 1875; x_wconf 87' lang='lat' dir='ltr'>iam</span> <span class='ocrx_word' id='word_1_465' title='bbox 1581 1836 1817 1874; x_wconf 87' lang='lat' dir='ltr'>observarunt</span> <span class='ocrx_word' id='word_1_466' title='bbox 1838 1836 2052 1881; x_wconf 82' lang='lat' dir='ltr'>interpretes</span> <span class='ocrx_word' id='word_1_467' title='bbox 2076 1834 2119 1871; x_wconf 89' lang='lat' dir='ltr'>ad</span> <span class='ocrx_word' id='word_1_468' title='bbox 2142 1835 2228 1873; x_wconf 89' lang='lat' dir='ltr'>Vir-</span> 
     </span>
    </p>

    <p class='ocr_par' dir='ltr' id='par_1_23' title="bbox 1196 1884 2224 1978">
     <span class='ocr_line' id='line_1_65' title="bbox 1196 1884 2224 1975; baseline 0 -50"><span class='ocrx_word' id='word_1_469' title='bbox 1196 1888 1255 1975; x_wconf 45' lang='lat' dir='ltr'>{Ii</span> <span class='ocrx_word' id='word_1_470' title='bbox 1275 1888 1325 1925; x_wconf 75' lang='lat' dir='ltr'>V.</span> <span class='ocrx_word' id='word_1_471' title='bbox 1348 1888 1446 1927; x_wconf 85' lang='lat' dir='ltr'>Aen.</span> <span class='ocrx_word' id='word_1_472' title='bbox 1464 1900 1519 1927; x_wconf 86' lang='lat' dir='ltr'>vs.</span> <span class='ocrx_word' id='word_1_473' title='bbox 1542 1899 1628 1938; x_wconf 85' lang='lat'>320.</span> <span class='ocrx_word' id='word_1_474' title='bbox 1662 1887 1830 1924; x_wconf 81' lang='lat' dir='ltr'>Imitatur</span> <span class='ocrx_word' id='word_1_475' title='bbox 1850 1887 1888 1923; x_wconf 67' lang='grc' dir='ltr'>ὃς</span> <span class='ocrx_word' id='word_1_476' title='bbox 1910 1885 2094 1924; x_wconf 74' lang='lat' dir='ltr'>Ausonius</span> <span class='ocrx_word' id='word_1_477' title='bbox 2114 1884 2224 1933; x_wconf 87' lang='lat' dir='ltr'>Epist.</span> 
     </span>
     <span class='ocr_line' id='line_1_66' title="bbox 1258 1939 1418 1978; baseline 0.019 -3"><span class='ocrx_word' id='word_1_478' title='bbox 1258 1965 1266 1975; x_wconf 87' lang='lat'>.</span> <span class='ocrx_word' id='word_1_479' title='bbox 1289 1950 1343 1976; x_wconf 80' lang='lat' dir='ltr'>vs.</span> <span class='ocrx_word' id='word_1_480' title='bbox 1361 1939 1418 1978; x_wconf 84' lang='lat'>26.</span> 
     </span>
    </p>
   </div>
   <div class='ocr_carea' id='block_1_16' title="bbox 1248 2022 2226 2194">
    <p class='ocr_par' dir='ltr' id='par_1_24' title="bbox 1248 2022 2226 2194">
     <span class='ocr_line' id='line_1_67' title="bbox 1248 2022 2226 2091; baseline -0.001 -14"><span class='ocrx_word' id='word_1_481' title='bbox 1248 2040 1422 2079; x_wconf 85' lang='lat' dir='ltr'>Proxima</span> <span class='ocrx_word' id='word_1_482' title='bbox 1462 2022 1540 2090; x_wconf 63' lang='lat' dir='ltr'>fiat</span> <span class='ocrx_word' id='word_1_483' title='bbox 1585 2040 1733 2091; x_wconf 77' lang='lat' dir='ltr'>quaevis</span> <span class='ocrx_word' id='word_1_484' title='bbox 1756 2066 1766 2083; x_wconf 92' lang='lat'>‚</span> <span class='ocrx_word' id='word_1_485' title='bbox 1805 2037 1866 2077; x_wconf 83' lang='lat' dir='ltr'>sed</span> <span class='ocrx_word' id='word_1_486' title='bbox 1906 2037 2018 2085; x_wconf 85' lang='lat' dir='ltr'>longe</span> <span class='ocrx_word' id='word_1_487' title='bbox 2053 2040 2226 2087; x_wconf 81' lang='lat' dir='ltr'>proxima</span> 
     </span>
     <span class='ocr_line' id='line_1_68' title="bbox 1303 2092 1422 2130; baseline 0.017 -2"><span class='ocrx_word' id='word_1_488' title='bbox 1303 2092 1422 2130; x_wconf 90' lang='lat' dir='ltr'>multo</span> 
     </span>
     <span class='ocr_line' id='line_1_69' title="bbox 1250 2143 1750 2194; baseline 0 -15"><span class='ocrx_word' id='word_1_489' title='bbox 1250 2146 1309 2179; x_wconf 87' lang='lat' dir='ltr'>Ex</span> <span class='ocrx_word' id='word_1_490' title='bbox 1331 2143 1543 2188; x_wconf 79' lang='lat' dir='ltr'>intervallo,</span> <span class='ocrx_word' id='word_1_491' title='bbox 1571 2154 1659 2194; x_wconf 84' lang='lat' dir='ltr'>quae</span> <span class='ocrx_word' id='word_1_492' title='bbox 1680 2149 1750 2180; x_wconf 86' lang='lat' dir='ltr'>cet.</span> 
     </span>
    </p>
   </div>
   <div class='ocr_carea' id='block_1_17' title="bbox 1193 2238 2229 2845">
    <p class='ocr_par' dir='ltr' id='par_1_25' title="bbox 1193 2238 2229 2494">
     <span class='ocr_line' id='line_1_70' title="bbox 1195 2238 2224 2290; baseline -0.003 -9"><span class='ocrx_word' id='word_1_493' title='bbox 1195 2243 1284 2281; x_wconf 88' lang='lat' dir='ltr'>item</span> <span class='ocrx_word' id='word_1_494' title='bbox 1317 2244 1533 2283; x_wconf 76' lang='lat' dir='ltr'>Ambrosius</span> <span class='ocrx_word' id='word_1_495' title='bbox 1564 2243 1609 2281; x_wconf 89' lang='lat' dir='ltr'>de</span> <span class='ocrx_word' id='word_1_496' title='bbox 1644 2243 1735 2280; x_wconf 80' lang='lat' dir='ltr'>Exc.</span> <span class='ocrx_word' id='word_1_497' title='bbox 1767 2241 1912 2280; x_wconf 88' lang='lat' dir='ltr'>Hieros.</span> <span class='ocrx_word' id='word_1_498' title='bbox 1950 2238 2028 2277; x_wconf 90' lang='lat' dir='ltr'>Lib.</span> <span class='ocrx_word' id='word_1_499' title='bbox 2051 2239 2118 2277; x_wconf 89' lang='lat' dir='ltr'>III.</span> <span class='ocrx_word' id='word_1_500' title='bbox 2148 2252 2224 2290; x_wconf 87' lang='lat' dir='ltr'>cap.</span> 
     </span>
     <span class='ocr_line' id='line_1_71' title="bbox 1196 2291 2229 2344; baseline -0.003 -14"><span class='ocrx_word' id='word_1_501' title='bbox 1196 2293 1340 2332; x_wconf 88' lang='lat' dir='ltr'>XXVI.</span> <span class='ocrx_word' id='word_1_502' title='bbox 1358 2298 1415 2333; x_wconf 87' lang='lat' dir='ltr'>-Hi</span> <span class='ocrx_word' id='word_1_503' title='bbox 1441 2297 1605 2344; x_wconf 75' lang='lat' dir='ltr'>suppares</span> <span class='ocrx_word' id='word_1_504' title='bbox 1633 2322 1643 2338; x_wconf 90' lang='lat'>‚</span> <span class='ocrx_word' id='word_1_505' title='bbox 1670 2303 1713 2330; x_wconf 58' lang='lat' dir='ltr'>cv·</span> <span class='ocrx_word' id='word_1_506' title='bbox 1748 2292 1827 2328; x_wconf 86' lang='lat' dir='ltr'>licet</span> <span class='ocrx_word' id='word_1_507' title='bbox 1860 2292 1975 2337; x_wconf 80' lang='lat' dir='ltr'>longo</span> <span class='ocrx_word' id='word_1_508' title='bbox 2010 2291 2229 2335; x_wconf 82' lang='lat' dir='ltr'>intervallo,</span> 
     </span>
     <span class='ocr_line' id='line_1_72' title="bbox 1193 2343 2226 2392; baseline -0.006 -10"><span class='ocrx_word' id='word_1_509' title='bbox 1193 2345 1255 2392; x_wconf 82' lang='lat' dir='ltr'>sed</span> <span class='ocrx_word' id='word_1_510' title='bbox 1276 2356 1398 2382; x_wconf 83' lang='lat' dir='ltr'>tamen</span> <span class='ocrx_word' id='word_1_511' title='bbox 1422 2345 1598 2392; x_wconf 82' lang='lat' dir='ltr'>proximi.</span> <span class='ocrx_word' id='word_1_512' title='bbox 1651 2343 1760 2378; x_wconf 85' lang='lat' dir='ltr'>Dicas</span> <span class='ocrx_word' id='word_1_513' title='bbox 1780 2352 1932 2378; x_wconf 82' lang='lat' dir='ltr'>naturae</span> <span class='ocrx_word' id='word_1_514' title='bbox 1955 2348 1998 2376; x_wconf 73' lang='lat'>&lt;5¹</span> <span class='ocrx_word' id='word_1_515' title='bbox 2031 2349 2226 2389; x_wconf 82' lang='lat' dir='ltr'>temporum</span> 
     </span>
     <span class='ocr_line' id='line_1_73' title="bbox 1197 2387 2225 2432; baseline -0.003 -1"><span class='ocrx_word' id='word_1_516' title='bbox 1197 2395 1390 2432; x_wconf 76' lang='lat' dir='ltr'>iucundam</span> <span class='ocrx_word' id='word_1_517' title='bbox 1438 2394 1703 2432; x_wconf 79' lang='lat' dir='ltr'>contentionem.</span> <span class='ocrx_word' id='word_1_518' title='bbox 1760 2393 1816 2430; x_wconf 84' lang='lat' dir='ltr'>Sic</span> <span class='ocrx_word' id='word_1_519' title='bbox 1854 2390 1929 2427; x_wconf 83' lang='lat' dir='ltr'>duo</span> <span class='ocrx_word' id='word_1_520' title='bbox 1967 2387 2079 2427; x_wconf 86' lang='lat' dir='ltr'>nostri</span> <span class='ocrx_word' id='word_1_521' title='bbox 2119 2391 2225 2430; x_wconf 87' lang='lat' dir='ltr'>MSS.</span> 
     </span>
     <span class='ocr_line' id='line_1_74' title="bbox 1196 2441 1980 2494; baseline -0.008 -13"><span class='ocrx_word' id='word_1_522' title='bbox 1196 2444 1323 2492; x_wconf 85' lang='lat' dir='ltr'>Vulgo</span> <span class='ocrx_word' id='word_1_523' title='bbox 1341 2444 1509 2494; x_wconf 85' lang='lat' dir='ltr'>proximis</span> <span class='ocrx_word' id='word_1_524' title='bbox 1525 2473 1536 2488; x_wconf 88' lang='lat'>‚</span> <span class='ocrx_word' id='word_1_525' title='bbox 1563 2444 1663 2480; x_wconf 91' lang='lat' dir='ltr'>nullo</span> <span class='ocrx_word' id='word_1_526' title='bbox 1686 2441 1796 2479; x_wconf 85' lang='lat' dir='ltr'>sensu.</span> <span class='ocrx_word' id='word_1_527' title='bbox 1825 2442 1980 2478; x_wconf 64' lang='lat' dir='ltr'>Come.</span> 
     </span>
    </p>

    <p class='ocr_par' dir='ltr' id='par_1_26' title="bbox 1193 2490 2228 2845">
     <span class='ocr_line' id='line_1_75' title="bbox 1245 2490 2228 2541; baseline -0.001 -10"><span class='ocrx_word' id='word_1_528' title='bbox 1245 2496 1268 2531; x_wconf 92' lang='lat'><em>6</em></span> <span class='ocrx_word' id='word_1_529' title='bbox 1296 2495 1495 2533; x_wconf 82' lang='lat' dir='ltr'>Similitudo</span> <span class='ocrx_word' id='word_1_530' title='bbox 1519 2504 1684 2530; x_wconf 77' lang='lat' dir='ltr'>naturae.</span> <span class='ocrx_word' id='word_1_531' title='bbox 1708 2491 1724 2541; x_wconf 88' lang='lat'><em>]</em></span> <span class='ocrx_word' id='word_1_532' title='bbox 1764 2494 1873 2541; x_wconf 88' lang='lat' dir='ltr'>Quae</span> <span class='ocrx_word' id='word_1_533' title='bbox 1895 2491 2051 2528; x_wconf 81' lang='lat' dir='ltr'>multum</span> <span class='ocrx_word' id='word_1_534' title='bbox 2077 2490 2161 2528; x_wconf 88' lang='lat' dir='ltr'>facit</span> <span class='ocrx_word' id='word_1_535' title='bbox 2182 2490 2228 2530; x_wconf 84' lang='lat' dir='ltr'>ad</span> 
     </span>
     <span class='ocr_line' id='line_1_76' title="bbox 1199 2541 2227 2583; baseline -0.002 -1"><span class='ocrx_word' id='word_1_536' title='bbox 1199 2545 1464 2583; x_wconf 79' lang='lat' dir='ltr'>conciliandam</span> <span class='ocrx_word' id='word_1_537' title='bbox 1488 2545 1698 2581; x_wconf 77' lang='lat' dir='ltr'>amicitiam.</span> <span class='ocrx_word' id='word_1_538' title='bbox 1735 2543 1835 2580; x_wconf 71' lang='lat' dir='ltr'>Nam</span> <span class='ocrx_word' id='word_1_539' title='bbox 1859 2541 2010 2579; x_wconf 64' lang='lat' dir='ltr'>auftore</span> <span class='ocrx_word' id='word_1_540' title='bbox 2033 2541 2227 2580; x_wconf 80' lang='lat' dir='ltr'>Columel-</span> 
     </span>
     <span class='ocr_line' id='line_1_77' title="bbox 1197 2592 2226 2645; baseline -0.003 -15"><span class='ocrx_word' id='word_1_541' title='bbox 1197 2596 1229 2634; x_wconf 83' lang='lat' dir='ltr'>la</span> <span class='ocrx_word' id='word_1_542' title='bbox 1254 2624 1264 2641; x_wconf 90' lang='lat'>‚</span> <span class='ocrx_word' id='word_1_543' title='bbox 1296 2595 1428 2645; x_wconf 80' lang='lat' dir='ltr'>fimilia</span> <span class='ocrx_word' id='word_1_544' title='bbox 1453 2593 1629 2643; x_wconf 81' lang='lat' dir='ltr'>similibus</span> <span class='ocrx_word' id='word_1_545' title='bbox 1652 2593 1820 2640; x_wconf 77' lang='lat' dir='ltr'>faciliora</span> <span class='ocrx_word' id='word_1_546' title='bbox 1846 2592 1930 2639; x_wconf 81' lang='lat' dir='ltr'>fecit</span> <span class='ocrx_word' id='word_1_547' title='bbox 1963 2603 2098 2628; x_wconf 82' lang='lat' dir='ltr'>natura</span> <span class='ocrx_word' id='word_1_548' title='bbox 2123 2609 2134 2628; x_wconf 92' lang='lat'>.·</span> <span class='ocrx_word' id='word_1_549' title='bbox 2186 2595 2226 2631; x_wconf 74' lang='grc' dir='ltr'>δε</span> 
     </span>
     <span class='ocr_line' id='line_1_78' title="bbox 1202 2641 2225 2693; baseline -0.008 -9"><span class='ocrx_word' id='word_1_550' title='bbox 1202 2647 1388 2684; x_wconf 87' lang='lat' dir='ltr'>Graccum</span> <span class='ocrx_word' id='word_1_551' title='bbox 1411 2645 1456 2683; x_wconf 72' lang='lat' dir='ltr'>ad</span> <span class='ocrx_word' id='word_1_552' title='bbox 1476 2646 1551 2684; x_wconf 84' lang='lat' dir='ltr'>hoc</span> <span class='ocrx_word' id='word_1_553' title='bbox 1573 2645 1809 2693; x_wconf 80' lang='lat' dir='ltr'>proverbium</span> <span class='ocrx_word' id='word_1_554' title='bbox 1845 2643 1952 2686; x_wconf 70' lang='grc' dir='ltr'>ἀ’μωκ</span> <span class='ocrx_word' id='word_1_555' title='bbox 1982 2641 2120 2690; x_wconf 54' lang='lat' dir='ltr'>zeelem</span> <span class='ocrx_word' id='word_1_556' title='bbox 2153 2645 2225 2684; x_wconf 75' lang='grc' dir='ltr'><em>τοῖς</em></span> 
     </span>
     <span class='ocr_line' id='line_1_79' title="bbox 1202 2691 2226 2744; baseline -0.003 -13"><span class='ocrx_word' id='word_1_557' title='bbox 1202 2697 1326 2739; x_wconf 72' lang='grc' dir='ltr'><strong><em>ἑμόιοις</em></strong></span> <span class='ocrx_word' id='word_1_558' title='bbox 1353 2696 1493 2740; x_wconf 73' lang='grc' dir='ltr'><em>πέφυκε</em></span> <span class='ocrx_word' id='word_1_559' title='bbox 1520 2725 1531 2741; x_wconf 92' lang='grc'><strong><em>,</em></strong></span> <span class='ocrx_word' id='word_1_560' title='bbox 1569 2694 1707 2731; x_wconf 79' lang='lat' dir='ltr'>similia</span> <span class='ocrx_word' id='word_1_561' title='bbox 1726 2695 1876 2744; x_wconf 70' lang='lat' dir='ltr'>gaudere</span> <span class='ocrx_word' id='word_1_562' title='bbox 1892 2691 2066 2741; x_wconf 78' lang='lat' dir='ltr'>similibus</span> <span class='ocrx_word' id='word_1_563' title='bbox 2090 2703 2226 2729; x_wconf 82' lang='lat' dir='ltr'>natura</span> 
     </span>
     <span class='ocr_line' id='line_1_80' title="bbox 1193 2743 2223 2793; baseline -0.005 -9"><span class='ocrx_word' id='word_1_564' title='bbox 1193 2748 1294 2792; x_wconf 89' lang='lat' dir='ltr'>fecit.</span> <span class='ocrx_word' id='word_1_565' title='bbox 1350 2748 1451 2784; x_wconf 89' lang='lat' dir='ltr'>Hinc</span> <span class='ocrx_word' id='word_1_566' title='bbox 1482 2746 1605 2783; x_wconf 81' lang='lat' dir='ltr'>Aruns</span> <span class='ocrx_word' id='word_1_567' title='bbox 1636 2744 1860 2793; x_wconf 75' lang='lat' dir='ltr'>Tarquinius</span> <span class='ocrx_word' id='word_1_568' title='bbox 1893 2746 1931 2781; x_wconf 68' lang='grc' dir='ltr'>διε</span> <span class='ocrx_word' id='word_1_569' title='bbox 1956 2743 2077 2780; x_wconf 83' lang='lat' dir='ltr'>Tullia</span> <span class='ocrx_word' id='word_1_570' title='bbox 2099 2744 2223 2780; x_wconf 86' lang='lat' dir='ltr'>minor</span> 
     </span>
     <span class='ocr_line' id='line_1_81' title="bbox 1203 2794 2225 2845; baseline -0.002 -11"><span class='ocrx_word' id='word_1_571' title='bbox 1203 2797 1352 2845; x_wconf 86' lang='lat' dir='ltr'>ingenio</span> <span class='ocrx_word' id='word_1_572' title='bbox 1370 2798 1459 2834; x_wconf 85' lang='lat' dir='ltr'>truci</span> <span class='ocrx_word' id='word_1_573' title='bbox 1478 2797 1580 2834; x_wconf 78' lang='lat' dir='ltr'>brevi</span> <span class='ocrx_word' id='word_1_574' title='bbox 1613 2806 1833 2833; x_wconf 70' lang='lat' dir='ltr'>convenere.</span> <span class='ocrx_word' id='word_1_575' title='bbox 1874 2794 2069 2831; x_wconf 69' lang='lat' dir='ltr'>CATAN.</span> <span class='ocrx_word' id='word_1_576' title='bbox 2108 2794 2225 2840; x_wconf 89' lang='lat' dir='ltr'>Quod</span> 
     </span>
    </p>
   </div>
   <div class='ocr_carea' id='block_1_18' title="bbox 1003 2844 2230 2896">
    <p class='ocr_par' dir='ltr' id='par_1_27' title="bbox 1003 2844 2230 2896">
     <span class='ocr_line' id='line_1_82' title="bbox 1003 2844 2230 2896; baseline -0.003 -10"><span class='ocrx_word' id='word_1_577' title='bbox 1003 2851 1041 2886; x_wconf 56' lang='grc' dir='ltr'>ἃ·</span> <span class='ocrx_word' id='word_1_578' title='bbox 1061 2861 1137 2888; x_wconf 89' lang='lat' dir='ltr'>non</span> <span class='ocrx_word' id='word_1_579' title='bbox 1201 2848 1358 2896; x_wconf 84' lang='lat' dir='ltr'>sequitur</span> <span class='ocrx_word' id='word_1_580' title='bbox 1380 2847 1537 2884; x_wconf 86' lang='lat' dir='ltr'>maxime</span> <span class='ocrx_word' id='word_1_581' title='bbox 1558 2845 1742 2883; x_wconf 69' lang='lat' dir='ltr'>imitabilis</span> <span class='ocrx_word' id='word_1_582' title='bbox 1756 2874 1766 2890; x_wconf 93' lang='lat'>‚</span> <span class='ocrx_word' id='word_1_583' title='bbox 1794 2856 1871 2882; x_wconf 88' lang='lat' dir='ltr'>non</span> <span class='ocrx_word' id='word_1_584' title='bbox 1895 2850 2083 2892; x_wconf 84' lang='lat' dir='ltr'>comparet</span> <span class='ocrx_word' id='word_1_585' title='bbox 2102 2844 2140 2881; x_wconf 89' lang='lat' dir='ltr'>in</span> <span class='ocrx_word' id='word_1_586' title='bbox 2150 2844 2230 2882; x_wconf 87' lang='lat' dir='ltr'>Pri·</span> 
     </span>
    </p>
   </div>
   <div class='ocr_carea' id='block_1_19' title="bbox 1203 2897 2230 2995">
    <p class='ocr_par' dir='ltr' id='par_1_28' title="bbox 1203 2897 2230 2995">
     <span class='ocr_line' id='line_1_83' title="bbox 1203 2897 1887 2946; baseline -0.004 -12"><span class='ocrx_word' id='word_1_587' title='bbox 1203 2899 1319 2935; x_wconf 88' lang='lat' dir='ltr'>mario</span> <span class='ocrx_word' id='word_1_588' title='bbox 1333 2925 1342 2941; x_wconf 88' lang='lat'><em>‚</em></span> <span class='ocrx_word' id='word_1_589' title='bbox 1372 2897 1503 2935; x_wconf 66' lang='lat' dir='ltr'>rectius</span> <span class='ocrx_word' id='word_1_590' title='bbox 1523 2898 1560 2934; x_wconf 87' lang='lat' dir='ltr'>in</span> <span class='ocrx_word' id='word_1_591' title='bbox 1584 2897 1727 2946; x_wconf 86' lang='lat' dir='ltr'>reliquis</span> <span class='ocrx_word' id='word_1_592' title='bbox 1747 2897 1887 2944; x_wconf 81' lang='lat' dir='ltr'>legitur.</span> 
     </span>
     <span class='ocr_line' id='line_1_84' title="bbox 1254 2943 2230 2995; baseline -0.004 -11"><span class='ocrx_word' id='word_1_593' title='bbox 1254 2961 1270 2995; x_wconf 84' lang='lat'><strong>7</strong></span> <span class='ocrx_word' id='word_1_594' title='bbox 1301 2953 1379 2984; x_wconf 90' lang='lat' dir='ltr'>Una</span> <span class='ocrx_word' id='word_1_595' title='bbox 1414 2947 1652 2986; x_wconf 85' lang='lat' dir='ltr'>nominamur.</span> <span class='ocrx_word' id='word_1_596' title='bbox 1678 2946 1692 2995; x_wconf 94' lang='lat'>]</span> <span class='ocrx_word' id='word_1_597' title='bbox 1733 2947 1847 2986; x_wconf 87' lang='lat' dir='ltr'>Libro</span> <span class='ocrx_word' id='word_1_598' title='bbox 1871 2945 1932 2983; x_wconf 88' lang='lat' dir='ltr'>[X.</span> <span class='ocrx_word' id='word_1_599' title='bbox 1953 2943 2061 2993; x_wconf 83' lang='lat' dir='ltr'>Epist.</span> <span class='ocrx_word' id='word_1_600' title='bbox 2083 2943 2230 2984; x_wconf 85' lang='lat' dir='ltr'>XXIII.</span> 
     </span>
    </p>
   </div>
   <div class='ocr_carea' id='block_1_20' title="bbox 126 2991 2225 3051">
    <p class='ocr_par' dir='ltr' id='par_1_29' title="bbox 126 2991 2225 3051">
     <span class='ocr_line' id='line_1_85' title="bbox 126 2991 2225 3051; baseline 0.004 -27"><span class='ocrx_word' id='word_1_601' title='bbox 126 2991 292 3032; x_wconf 80' lang='lat' dir='ltr'>vitandae</span> <span class='ocrx_word' id='word_1_602' title='bbox 336 3001 441 3045; x_wconf 82' lang='lat' dir='ltr'>gratia</span> <span class='ocrx_word' id='word_1_603' title='bbox 488 3001 675 3051; x_wconf 79' lang='lat' dir='ltr'>utriusque</span> <span class='ocrx_word' id='word_1_604' title='bbox 732 3001 939 3038; x_wconf 78' lang='lat' dir='ltr'>facultatem</span> <span class='ocrx_word' id='word_1_605' title='bbox 995 3001 1138 3038; x_wconf 87' lang='lat' dir='ltr'>minuit.</span> <span class='ocrx_word' id='word_1_606' title='bbox 1199 3000 1299 3036; x_wconf 87' lang='lat' dir='ltr'>hunc</span> <span class='ocrx_word' id='word_1_607' title='bbox 1326 2998 1453 3036; x_wconf 85' lang='lat' dir='ltr'>locum</span> <span class='ocrx_word' id='word_1_608' title='bbox 1484 2998 1648 3036; x_wconf 83' lang='lat' dir='ltr'>declarat.</span> <span class='ocrx_word' id='word_1_609' title='bbox 1703 2998 1893 3034; x_wconf 70' lang='lat' dir='ltr'>Narrabat</span> <span class='ocrx_word' id='word_1_610' title='bbox 1917 3025 1927 3039; x_wconf 93' lang='lat'><strong><em>‚</em></strong></span> <span class='ocrx_word' id='word_1_611' title='bbox 1965 2996 2106 3045; x_wconf 85' lang='lat' dir='ltr'>inquit,</span> <span class='ocrx_word' id='word_1_612' title='bbox 2133 2994 2225 3033; x_wconf 74' lang='lat' dir='ltr'>mihi</span> 
     </span>
    </p>
   </div>
   <div class='ocr_carea' id='block_1_21' title="bbox 130 3039 280 3079">
    <p class='ocr_par' dir='ltr' id='par_1_30' title="bbox 130 3039 280 3079">
     <span class='ocr_line' id='line_1_86' title="bbox 130 3039 280 3079; baseline 0.02 -3"><span class='ocrx_word' id='word_1_613' title='bbox 130 3039 280 3079; x_wconf 63' lang='lat' dir='ltr'>Carni.</span> 
     </span>
    </p>
   </div>
   <div class='ocr_carea' id='block_1_22' title="bbox 1204 3046 2228 3104">
    <p class='ocr_par' dir='ltr' id='par_1_31' title="bbox 1204 3046 2228 3104">
     <span class='ocr_line' id='line_1_87' title="bbox 1204 3046 2228 3104; baseline -0.004 -17"><span class='ocrx_word' id='word_1_614' title='bbox 1204 3051 1285 3087; x_wconf 91' lang='lat' dir='ltr'>Cor.</span> <span class='ocrx_word' id='word_1_615' title='bbox 1318 3050 1459 3088; x_wconf 83' lang='lat' dir='ltr'>Tacitus</span> <span class='ocrx_word' id='word_1_616' title='bbox 1483 3047 1604 3104; x_wconf 66' lang='lat' dir='ltr'>fisdiffe</span> <span class='ocrx_word' id='word_1_617' title='bbox 1637 3048 1850 3098; x_wconf 79' lang='lat' dir='ltr'>Circenfibus</span> <span class='ocrx_word' id='word_1_618' title='bbox 1876 3047 2082 3097; x_wconf 82' lang='lat' dir='ltr'>proximum</span> <span class='ocrx_word' id='word_1_619' title='bbox 2106 3046 2228 3101; x_wconf 58' lang='lat' dir='ltr'>Equis-i</span> 
     </span>
    </p>
   </div>
   <div class='ocr_carea' id='block_1_23' title="bbox 177 3095 2223 3155">
    <p class='ocr_par' dir='ltr' id='par_1_32' title="bbox 177 3095 2223 3155">
     <span class='ocr_line' id='line_1_88' title="bbox 177 3095 2223 3155; baseline -0 -22"><span class='ocrx_word' id='word_1_620' title='bbox 177 3104 200 3138; x_wconf 83' lang='grc'>4</span> <span class='ocrx_word' id='word_1_621' title='bbox 226 3099 317 3132; x_wconf 91' lang='lat' dir='ltr'>Cum</span> <span class='ocrx_word' id='word_1_622' title='bbox 341 3095 411 3135; x_wconf 88' lang='lat' dir='ltr'>iam</span> <span class='ocrx_word' id='word_1_623' title='bbox 442 3109 482 3137; x_wconf 84' lang='lat' dir='ltr'>tu</span> <span class='ocrx_word' id='word_1_624' title='bbox 501 3101 618 3148; x_wconf 84' lang='lat' dir='ltr'>fama.</span> <span class='ocrx_word' id='word_1_625' title='bbox 641 3101 658 3153; x_wconf 85' lang='lat'><em>]</em></span> <span class='ocrx_word' id='word_1_626' title='bbox 692 3102 798 3142; x_wconf 85' lang='lat' dir='ltr'>Voss.</span> <span class='ocrx_word' id='word_1_627' title='bbox 829 3101 985 3142; x_wconf 85' lang='lat' dir='ltr'>Helmst.</span> <span class='ocrx_word' id='word_1_628' title='bbox 1009 3102 1046 3141; x_wconf 83' lang='lat'>&amp;</span> <span class='ocrx_word' id='word_1_629' title='bbox 1070 3098 1141 3141; x_wconf 86' lang='lat' dir='ltr'>Ed.</span> <span class='ocrx_word' id='word_1_630' title='bbox 1204 3106 1302 3140; x_wconf 85' lang='lat' dir='ltr'>Rom.</span> <span class='ocrx_word' id='word_1_631' title='bbox 1321 3099 1412 3155; x_wconf 73' lang='lat' dir='ltr'>hunc</span> <span class='ocrx_word' id='word_1_632' title='bbox 1430 3098 1500 3152; x_wconf 78' lang='lat' dir='ltr'>post</span> <span class='ocrx_word' id='word_1_633' title='bbox 1520 3111 1638 3138; x_wconf 85' lang='lat' dir='ltr'>varios</span> <span class='ocrx_word' id='word_1_634' title='bbox 1663 3100 1881 3150; x_wconf 84' lang='lat' dir='ltr'>eruditosque</span> <span class='ocrx_word' id='word_1_635' title='bbox 1908 3099 2080 3148; x_wconf 82' lang='lat' dir='ltr'>sermones</span> <span class='ocrx_word' id='word_1_636' title='bbox 2111 3109 2223 3145; x_wconf 71' lang='lat' dir='ltr'>req-&#39;ll-</span> 
     </span>
    </p>
   </div>
   <div class='ocr_carea' id='block_1_24' title="bbox 2122 3145 2230 3195">
    <p class='ocr_par' dir='ltr' id='par_1_33' title="bbox 2122 3145 2230 3195">
     <span class='ocr_line' id='line_1_89' title="bbox 2122 3145 2230 3195; baseline -0.056 0"><span class='ocrx_word' id='word_1_637' title='bbox 2122 3145 2197 3195; x_wconf 75' lang='lat' dir='ltr'>fiffi‘</span> <span class='ocrx_word' id='word_1_638' title='bbox 2218 3170 2230 3189; x_wconf 74' lang='lat'><strong><em>³</em></strong></span> 
     </span>
    </p>
   </div>
   <div class='ocr_carea' id='block_1_25' title="bbox 1567 3150 1711 3199">
    <p class='ocr_par' dir='ltr' id='par_1_34' title="bbox 1567 3150 1711 3199">
     <span class='ocr_line' id='line_1_90' title="bbox 1567 3150 1711 3199; baseline 0.007 -1"><span class='ocrx_word' id='word_1_639' title='bbox 1567 3150 1711 3199; x_wconf 76' lang='lat' dir='ltr'>vvv.</span> 
     </span>
    </p>
   </div>
   <div class='ocr_carea' id='block_1_26' title="bbox 2280 347 2301 396">
    <p class='ocr_par' dir='ltr' id='par_1_35' title="bbox 2280 347 2301 396">
     <span class='ocr_line' id='line_1_91' title="bbox 2280 347 2301 396; baseline 0 0"><span class='ocrx_word' id='word_1_640' title='bbox 2280 347 2301 396; x_wconf 85' lang='lat'>3</span> 
     </span>
    </p>
   </div>
  </div>
 </body>
</html>
