2616 3686
316 175 441 225 232·
512 160 1621 222 C.PL1N110AEC1L11
1690 155 2237 235 SECU'N'DI

321 247 447 305 stola
485 263 640 317 rogo,
680 245 786 300 Sed
827 247 972 317 pri-us
1008 245 1193 316 accipe
1232 240 1406 297 causas
1445 236 1687 309 rogandi.
1710 244 1712 250 '
1735 233 1748 253 ¹
1788 238 2029 305 [deinde
2057 242 2260 322 ipsum,
2300 243 2462 316 quodi

251 348 274 399 3
325 324 510 396 peto]
592 319 852 375 Proxime
893 335 1021 372 cum
1059 318 1114 370 in
1155 314 1321 387 patria
1360 331 1478 368 mea
1520 312 1595 366 fui
1628 351 1642 374 ‚
1695 326 1845 364 vemt
1887 311 1962 365 ad
1996 327 2083 366 me
2121 313 2461 374 salutandum

327 395 614 465 municipis
655 393 759 448 mei
800 391 948 447 filius
983 390 999 409 ²
1038 402 1417 459 praetextatus.
1494 379 1508 406 ³
1549 383 1700 439 Huic
1742 401 1847 454 ego
1876 422 1891 442 ‚
1932 382 2121 437 Studes
2148 386 2457 462 linquam,

327 465 663 538 Respondit3
702 465 914 520 Etiam.
951 462 1113 518 vbi?
1146 475 1163 499 ⁴
1208 458 1522 515 Mediolani.
1577 458 1686 512 Cur
1724 474 1821 510 non
1861 455 2000 510 hic?
2040 456 2094 510 &
2133 473 2286 526 pater
2326 462 2454 533 ejus:

335 544 487 607 (erat
525 541 669 594 enim
710 557 813 594 una
838 578 853 602 ‚
910 551 1070 608 atque
1111 537 1272 588 eti-am
1313 531 1419 602 ipse
1460 529 1759 585 adduxerat
1801 529 2074 599 puerum)
2127 531 2259 602 quia
2293 538 2471 590 nullos-

253 627 287 688 '4
334 613 419 668 hic
458 610 470 636 ⁵
500 623 871 685 praeceptores
909 608 1168 661 habemus.
1243 605 1428 679 Quare
1468 603 1670 674 nubles?
1711 602 1861 658 Nam
1900 601 2238 658 vehementer
2265 605 2462 663 intere..

336 696 428 740 rat
468 684 639 751 vestra
664 723 679 747 ,
733 683 825 757 qui
851 692 1044 752 patres
1083 677 1199 750 estis
1239 680 1331 748 (66
1372 690 1683 747 opportune
1720 678 2024 747 complures
2062 690 2239 745 patres
2279 677 2463 734 audie-

335 759 494 824 bant)
546 758 737 811 liberos
788 754 982 827 vestros
1029 750 1116 805 hic
1150 748 1469 823 potiſjimum
1515 746 1729 817 discere.
1807 749 1911 804 Ubi
1952 750 2098 804 enim
2137 764 2227 803 aut
2258 747 2468 820 jncun-

337 830 454 886 dius
509 840 853 884 morarentur
889 866 905 891 ‚
962 842 1124 897 quam
1175 825 1230 880 in
1281 820 1491 894 patria?
1559 834 1649 874 aut
1725 821 1973 892 pudicius
2023 823 2472 889 continerentur,

340 917 506 976 quam
570 900 664 957 sub
726 900 897 956 oculis
966 910 1252 972 parentum
1292 896 1309 949 ?
1376 907 1466 949 aut
1529 893 1750 948 minore
1797 893 2042 966 sumptu,
2080 910 2242 966 quam
2285 896 2467 953 domi?

2286 969 2474 1044 Quan-

340 1111 463 1153 minus
482 1113 611 1163 probo.
640 1115 794 1153 Cum.
822 1108 1110 1160 Praei-ursarius]
1142 1108 1228 1148 Aldi
1251 1107 1364 1148 editio
1441 1105 1552 1144 etiam
1585 1103 1788 1162 sacerdotes
1822 1104 1903 1143 usos
1932 1114 2122 1154 praetexta
2147 1105 2268 1163 retulit
2291 1133 2303 1152 ,
2342 1109 2382 1147 ὃς
2402 1109 2473 1148 110-

338 1165 572 1215 praeceptoria
589 1194 599 1211 ‚
627 1165 685 1203 sed
709 1174 837 1203 contra
862 1164 1050 1204 Editiones
1071 1161 1368 1199 Vett.&l³alati-
1444 1155 1647 1213 nestorum·
1674 1155 1935 1213 indumentum
1971 1155 2074 1215 fuisse
2107 1156 2307 1195 Paedianus
2345 1158 2475 1200 auctor

340 1227 445 1253 num.
475 1216 664 1254 GRUTER.
704 1217 794 1255 Non
815 1214 910 1254 adeo
933 1212 1078 1252 absurda
1100 1211 1149 1249 est
1169 1212 1281 1250 lectio
1305 1213 1371 1250 Al*
1445 1206 1494 1246 est
1509 1236 1520 1252 ‚
1558 1206 1725 1257 sumlque
1747 1207 1894 1246 solitum
1913 1210 2071 1247 laetitiae
2094 1206 2236 1256 fignum
2249 1208 2477 1250 abbreviator

343 1266 426 1304 d—ina
440 1295 450 1309 ‚
478 1265 504 1303 fi
524 1268 794 1317 praeceptorium
816 1266 980 1314 intelligis
1003 1293 1013 1309 ‚
1051 1274 1144 1313 quae
1176 1265 1371 1311 anticipat,

342 1316 390 1355 de
412 1329 484 1367 qua
507 1320 661 1356 notione
686 1319 784 1355 verbi
804 1318 992 1366 praecipere
1005 1315 1221 1352 monuimus
1233 1313 1278 1352 ad
1292 1315 1373 1353 Lib.

343 1367 413 1405 111.
438 1370 476 1406 &
499 1368 609 1405 exstat
630 1369 712 1406 sane
733 1371 770 1406 in
796 1368 996 1406 Lindenbr.
1039 1364 1208 1413 Bongars.
1243 1366 1374 1405 Oxon.

341 1416 445 1456 Voss.
466 1421 504 1456 ὃς
530 1419 687 1457 Arnzen.
714 1419 958 1468 praeceptoria.
992 1417 1224 1454 Veterrimus
1245 1424 1371 1456 tamen

342 1469 536 1507 Mediceus
560 1499 570 1514 ,
618 1471 708 1507 item
745 1468 899 1508 Helmst.
931 1471 970 1508 &
1003 1466 1072 1506 Ed.
1109 1467 1196 1504 Ver.
1239 1469 1375 1508 habent

339 1521 580 1570 praecurfhrt‘a
604 1550 614 1566 ,
652 1521 764 1571 idque
788 1522 915 1570 aptius.
955 1520 1011 1558 Sic
1043 1517 1144 1567 supra
1169 1518 1275 1567 Epist.
1307 1518 1372 1558 IX.

344 1578 434 1659 εἶξα.
488 1571 639 1609 Habebis
688 1575 780 1608 ham
825 1571 970 1611 interim
1001 1568 1177 1620 epistolam
1210 1581 1251 1608 ut
1284 1573 1377 1622 ‘ai-gd-

401 1631 496 1667 ὀμον.

377 1634 420 1712 el
457 1673 590 1710 Deinde
610 1673 723 1722 ipsum
737 1702 746 1718 ,
769 1674 861 1723 quod
891 1683 974 1722 peto.
997 1670 1014 1720 ]
1056 1671 1197 1709 Absunt
1218 1673 1310 1711 haec
1332 1674 1377 1712 ab

353 1722 528 1774 Optimo
550 1724 725 1762 Mediceo
747 1753 757 1768 ‚
797 1728 835 1762 ὃς
867 1720 985 1761 abesse
1009 1721 1142 1759 debent
1157 1750 1167 1765 ,
1194 1723 1260 1761 nisi
1283 1726 1378 1773 puti-

351 1774 444 1813 dum
469 1774 589 1813 facere
614 1776 701 1813 velis
719 1776 890 1814 Plinium.
942 1774 1097 1812 Dixerat
1119 1772 1185 1806 hac
1214 1784 1379 1822 praecur-

340 1825 442 1874 soria
464 1824 601 1872 epistola
622 1840 709 1875 rogo.
739 1827 801 1864 sed
822 1827 919 1873 prius
941 1825 1052 1873 accipe
1073 1821 1203 1871 cauffas
1218 1827 1380 1873 rogandi.

350 1874 480 1925 Quam
494 1879 616 1925 inepte
629 1877 851 1926 subiungitur
866 1890 874 1914 ;
902 1876 1024 1913 deinde
1034 1874 1143 1922 ipsum
1160 1902 1170 1918 ‚
1180 1876 1272 1922 quod
1279 1885 1355 1921 peto
1368 1888 1384 1915 ,³

354 1923 401 1965 Se
421 1928 491 1966 hac
513 1927 659 1978 epistola
683 1940 810 1978 rogare
833 1930 907 1966 iam
940 1927 1041 1975 supra
1071 1924 1217 1963 dixerat.
1270 1928 1385 1967 Parti-

353 1977 434 2016 cula
464 1980 562 2029 prius
588 2008 598 2024 ,
625 1991 720 2029 quae
740 1982 798 2018 hic
820 1978 866 2016 ad
888 1978 1071 2026 superiora
1097 1975 1286 2016 referenda
1311 1979 1383 2025 est,

355 2028 580 2076 correthres
618 2029 776 2068 frustrata
811 2029 859 2068 est
883 2057 894 2074 ,
911 2029 984 2078 'qui
1007 2035 1178 2077 putarunt
1203 2056 1213 2072 ‚
1242 2028 1388 2068 subiun-
1418 2046 1421 2075 l

356 2081 521 2128 gendum
546 2079 616 2119 effe
639 2081 787 2127 deinde,
814 2089 877 2118 aut
899 2080 1036 2118 simile:
1066 2089 1152 2115 cum
1173 2086 1299 2117 tamen
1313 2083 1387 2119 eius

356 2134 498 2179 generis
523 2132 717 2181 particulae
741 2132 875 2182 saepius
898 2130 996 2168 nude
1016 2137 1228 2179 ponuntur,
1257 2131 1318 2170 ubi
1343 2145 1390 2170 ne

356 2181 414 2220 illa
426 2182 578 2232 quidem
594 2213 604 2228 ‚
631 2195 727 2233 quae
739 2183 910 2221 hocloco
932 2194 978 2220 ex
999 2179 1239 2230 superioribus
1272 2182 1390 2221 reddi-

356 2240 416 2270 tur
450 2262 459 2278 ,
498 2234 590 2272 ratio
621 2234 823 2273 intercedit.
878 2234 965 2271 Dixi
987 2232 1032 2269 ad
1057 2229 1188 2270 Sallust.
1215 2231 1289 2280 Iug.
1315 2245 1354 2271 ca
1383 2264 1390 2272 .

360 2283 558 2322 LXXXV.
583 2298 617 2323 n.
640 2298 698 2333 45.
738 2286 915 2334 Denique
936 2293 1037 2331 rogat
1054 2310 1063 2326 ‚
1090 2293 1134 2321 ω’
1157 2283 1297 2332 quidem
1320 2299 1335 2322 e
1375 2307 1389 2313 -

358 2335 546 2380 canfflme,
567 2338 627 2387 qui
650 2336 767 2373 reddit
794 2334 927 2384 cauffas
961 2333 1111 2381 rogandi
1135 2360 1146 2377 ,
1181 2334 1291 2372 verba
1312 2335 1391 2374 sunt

365 2386 489 2425 Nostri
514 2387 594 2424 Lib.
617 2387 665 2424 Il.
691 2387 800 2436 Epist.
825 2385 931 2423 XllI.
955 2392 1044 2422 extr.

416 2449 437 2473 2
468 2436 765 2488 Praetextatus.]
797 2423 1288 2485 Togapraetexiaindutu's:
1313 2438 1392 2487 jam

1446 1258 1546 1296 Livii
1567 1256 1697 1297 tradit:
1729 1269 1812 1297 eam
1835 1267 1959 1297 autem
1982 1259 2083 1309 supra
2105 1259 2244 1297 tunicas
2266 1259 2476 1302 induebant.

1451 1309 1608 1347 CATAN.

1494 1372 1513 1410 3
1545 1361 1631 1399 Huic
1657 1362 1947 1413 ego...inquam.
1973 1359 1988 1410 ]
2037 1360 2234 1400 Mediceus
2257 1374 2266 1399 :
2313 1367 2393 1400 Huc
2419 1379 2476 1416 ego

1442 1410 1598 1457 Helmst.
1625 1417 1694 1460 Ego
1718 1412 1817 1456 huic,
1846 1411 2044 1462 quomodo
2068 1411 2135 1449 Ed.
2158 1412 2244 1450 Vet.

1492 1475 1516 1510 4
1544 1463 1776 1512 Mediolani.]
1807 1463 2042 1501 Ptolemaeus
2068 1461 2312 1500 Mediolanum
2333 1466 2369 1504 in
2383 1467 2477 1506 Ger.

1442 1514 1564 1551 mania
1585 1516 1718 1552 iterum
1743 1514 1864 1551 refert.
1893 1513 2095 1562 Stephanus
2114 1514 2336 1562 Aquitaniae
2348 1518 2479 1558 urbem

1442 1563 1558 1603 scribit
1581 1580 1591 1608 ;
1619 1565 1679 1602 liic
1703 1575 1794 1602 vero
1819 1563 2065 1602 Mediolanum
2100 1564 2240 1602 Galliae
2274 1565 2480 1616 Cisalpinae

1445 1614 1512 1664 (ut
1531 1619 1703 1655 omittam
1729 1644 1739 1660 ,
1768 1626 1863 1662 quae
1885 1614 1948 1653 sub
1969 1615 2124 1653 nomine
2149 1615 2300 1655 Catonis
2322 1618 2480 1656 circum·

1446 1666 1642 1717 feruntur)
1676 1679 1697 1704 a
1729 1667 1840 1705 Gallis
1873 1666 2066 1704 conditum
2101 1667 2190 1705 Plin.
2215 1667 2254 1704 &
2277 1667 2403 1707 Strabo
2426 1679 2480 1708 te-

1443 1716 1600 1756 stantur:
1628 1719 1692 1768 qui
1714 1718 1826 1756 Livio
1850 1717 2002 1756 auctore
2028 1717 2226 1766 transgreffi
2248 1717 2361 1767 Alpes
2381 1721 2478 1760 haud

1445 1769 1574 1816 procul
1588 1769 1728 1808 Ticino
1752 1768 1925 1814 flumine,
1952 1767 2036 1806 fusis
2060 1768 2214 1812 Tuscis,
2241 1779 2327 1806 cum
2350 1781 2479 1819 agrum

1448 1818 1678 1865 Insubrium,
1707 1821 1743 1858 in
1779 1831 1857 1870 quo
1885 1819 2126 1858 consederant
2149 1848 2160 1864 ‚
2188 1820 2357 1869 appellari
2379 1823 2483 1862 audi-

1449 1867 1578 1909 viffent
1613 1872 1839 1920 cognomine
1877 1871 2208 1920 insubribus-pago
2231 1870 2487 1919 Heduorum,

1448 1920 1496 1959 ibi
1528 1933 1644 1961 omen
1681 1923 1873 1978 sequentes
1915 1923 2023 1966 loci,
2072 1924 2202 1959 urbem
2238 1922 2487 1962 Mediolanum

1449 1972 1647 2014 condidere
1672 1988 1680 2012 :
1719 1976 1766 2010 nc
1790 1973 2006 2022 appellatam
2030 1984 2050 2009 a
2071 1985 2184 2022 porca
2205 1972 2324 2010 lanata
2346 1975 2384 2011 in
2405 1986 2485 2014 me·

1449 2020 1505 2060 dia
1539 2023 1661 2064 fronte
1687 2054 1696 2069 ,
1735 2032 1775 2061 ut
1799 2023 1952 2073 quidam
1974 2031 2170 2074 autumant
2199 2037 2206 2060 z
2246 2024 2304 2062 alii
2327 2025 2370 2062 ab
2397 2027 2487 2066 urbe

1450 2075 1643 2113 Senonum
1666 2077 1702 2114 in
1725 2075 1841 2112 Gallia
1865 2074 2002 2112 eodem
2015 2083 2285 2122 cognomento.
2327 2077 2485 2116 Cli-rm.

1502 2138 1518 2174 ς
1552 2125 1833 2177 praeceptores..]
1873 2124 1956 2164 Fuit
1990 2126 2091 2162 enim
2129 2126 2373 2164 Mediolanum
2396 2129 2493 2167 olim.

1449 2174 1696 2224 professorum
1722 2178 1929 2216 celebritate
1951 2175 2091 2215 illustre.
2122 2177 2221 2214 Nam
2246 2180 2285 2216 ὃς
2308 2179 2355 2217 ibi
2376 2179 2483 2229 Virgi-

1450 2226 1518 2264 lius
1551 2231 1750 2267 oratoriam
1785 2228 1910 2266 didicit
1934 2257 1944 2273 ,
1983 2230 2022 2265 ὃς
2056 2227 2230 2266 Albutius
2256 2228 2484 2278 Novarienfis

1451 2278 1576 2316 rhetor
1598 2279 1827 2318 declamavit.
1884 2277 2105 2328 Augustinus
2129 2307 2140 2323 ,
2167 2281 2232 2330 qui
2265 2279 2385 2329 postea
2414 2279 2480 2315 suis

1452 2330 1642 2368 virtutibus
1675 2333 1768 2370 inter
1800 2329 1905 2367 divos
1938 2331 2066 2367 relatus
2101 2329 2173 2375 est,
2199 2329 2362 2368 liberales
2382 2326 2478 2364 disci-

1452 2380 1564 2429 plinas
1586 2380 1773 2430 professus.
1803 2381 1905 2428 (Hic
1928 2382 2038 2419 etiam
2064 2393 2134 2420 nos
2154 2380 2359 2418 clariffimos
2378 2386 2475 2431 prac-

1449 2440 1616 2480 ceptores
1640 2433 1833 2471 habuimus
1853 2462 1862 2477 ‚
1901 2433 2086 2480 Georgium
2112 2430 2289 2468 Merulam
2310 2429 2346 2465 in
2368 2426 2471 2462 Lati-

365 2486 472 2526 XIV.
496 2497 738 2526 annosnatus.
770 2489 867 2527 Nam
878 2497 1064 2538 praetexta
1079 2497 1185 2531 ,cum
1201 2487 1395 2535 priuseffet
1454 2484 1529 2529 nis,
1563 2485 1600 2522 in
1624 2483 2020 2523 Graecis-Demetrium
2044 2479 2315 2519 Chalcondilum
2336 2485 2377 2511 ac
2410 2480 2478 2511 Va-

367 2549 497 2586 rcgum
524 2538 649 2583 vestis,
678 2549 716 2577 ut
740 2539 861 2588 postea
885 2538 1074 2575 consulum
1100 2537 1168 2576 fuit
1191 2565 1201 2582 ,
1230 2538 1395 2586 permissa

1455 2531 1617 2580 leriam.)
1659 2536 1815 2574 Canis.
1854 2535 1957 2582 Lege
1980 2534 2124 2570 Cluver.
2150 2529 2225 2567 Ital.
2248 2526 2375 2572 Antiq.
2397 2525 2476 2563 Lib.

370 2588 418 2627 est
452 2590 687 2628 nobilioribus
720 2592 837 2638 pueris
869 2601 954 2626 cum
986 2587 1083 2626 bulla
1106 2599 1212 2627 aurea
1234 2589 1278 2626 ad
1303 2593 1399 2629 cxci·
1459 2584 1484 2621 I·
1508 2597 1583 2636 cap.
1609 2585 1752 2624 XXIV.
1792 2585 1891 2624 [nfra
1915 2584 1994 2621 MS.
2021 2576 2215 2619 Helmstad.
2241 2573 2306 2612 Ed.
2330 2575 2414 2613 Vct.
2439 2579 2477 2615 &

371 2641 522 2678 tantiam
556 2641 590 2678 in
630 2642 678 2678 cis
715 2642 884 2678 virtutem
910 2639 1156 2678 memorando
1181 2639 1280 2679 fano
1303 2640 1398 2679 Tar-

375 2693 489 2739 quinii
518 2691 622 2730 Prisci
656 2691 713 2730 filii
739 2703 747 2726 τ
785 2693 850 2740 qui
874 2691 1001 2729 dicitur
1029 2693 1065 2728 in
1087 2690 1183 2729 bello
1204 2691 1395 2730 adversum

379 2740 546 2785 Sabinos,
578 2755 662 2780 cum
687 2743 789 2779 XIV.
811 2754 948 2780 annum
973 2752 1116 2791 ageret,
1146 2741 1288 2780 hostem
1324 2754 1401 2780 ma-

381 2800 432 2827 nu
454 2792 673 2839 pcrcuss'ill'e:
704 2794 787 2832 inde
811 2805 830 2830 a
852 2803 949 2842 patre
970 2805 1036 2840 pro
1059 2795 1243 2832 concione
1278 2793 1401 2831 lauda-

382 2847 439 2876 tus
466 2869 475 2883 .
513 2845 550 2879 ὃ(
581 2844 675 2880 bulla
706 2856 812 2881 auiea
845 2855 1104 2893 praetextaque
1137 2853 1222 2891 toga
1246 2844 1402 2883 donatus

1458 2636 1637 2675 Aldinae:
1675 2646 1884 2686 opportune,
1911 2645 1996 2672 cum
2019 2632 2259 2680 plurespams
2271 2626 2478 2666 audiebant.

1459 2699 1660 2735 perperam.
1690 2681 1900 2725 ‘Mediceus
1932 2682 2127 2728 tenplum,
2157 2677 2195 2714 &
2218 2675 2264 2712 s¹C
2279 2703 2289 2720 »
2317 2685 2377 2713 aut
2403 2679 2481 2716 vul-

1459 2740 1533 2786 gari
1558 2739 1749 2786 scriptura,
1778 2736 1889 2774 ceteri
1913 2728 2030 2786 Codd.
2147 2777 2152 2782 -
2371 2776 2382 2782 α

1511 2790 1533 2826 6
1564 2787 1765 2835 pudicius]
1795 2786 1901 2823 Haec
1923 2780 2046 2820 melior
2071 2775 2181 2814 lectio
2199 2776 2339 2819 ‚servata
2363 2782 2483 2826 tqrma

1459 2840 1772 2888 anuloni—amquam
1782 2832 1975 2884 pudicieius.
2004 2827 2100 2865 Nam
2113 2837 2133 2863 a
2140 2827 2263 2877 pudico
2275 2828 2372 2865 recte
2383 2830 2486 2877 pudi-

385 2888 458 2933 cst,
487 2891 586 2938 supra
616 2905 731 2930 annos
754 2895 853 2930 fortis
877 2897 1034 2941 praemia
1059 2896 1231 2933 virilitatis
1266 2898 1305 2933 ὅ(
1334 2897 1402 2934 ho-
1464 2892 1534 2928 cius
1558 2871 1800 2928 ffizabsurdum
1823 2890 1947 2919 autem
1973 2876 2091 2915 esleta
2122 2878 2267 2915 adicitia
2282 2879 2484 2918 deductum

387 2943 484 2979 nori<
508 2943 649 2977 inruit.
679 2945 775 2978 Sicut
800 2944 1092 2989 cnimpraetexra
1109 2944 1378 2992 magistratuum
1395 2975 1406 2990 ,

1463 2940 1609 2978 credere
1618 2935 1816 2982 pudicieius.
1831 2933 1983 2969 Canu.
2013 2929 2128 2966 Recte
2144 2929 2347 2967 Catanaeus
2361 2957 2371 2973 ,
2385 2931 2423 2968 &
2436 2929 2486 2967 est

386 2993 435 3030 in
456 2990 554 3027 bulla
578 2992 758 3038 gestamen
783 3000 854 3028 erat
877 2995 1177 3038 triumphantium
1203 3009 1210 3032 ε
1239 2997 1324 3034 hinc
1347 2998 1410 3034 dc·
1462 2989 1589 3028 ckldem
1605 2987 1770 3030 ΓΕΓῙΡΠΙΓ·ι
1784 2981 2209 3027 MCdlCCivomniumun
2223 2981 2487 3024 ¹¹³Cli01'Um2&

391 3042 519 3081 dacius
542 3053 645 3085 mos,
675 3051 711 3077 ut
733 3052 917 3089 praetexta
943 3044 980 3079 ὅ(
1003 3041 1099 3078 bulla
1126 3045 1159 3080 in
1184 3046 1218 3081 id
1243 3049 1365 3085 aetatis
1388 3059 1406 3083 a

1466 3038 1571 3087 ipsius
1584 3036 1648 3074 Ed.
1660 3036 1744 3072 Vct.
1759 3031 1822 3069 nisi
1835 3030 1936 3088 quod
1947 3032 2035 3068 liaec
2047 3029 2265 3078 transpositis
2276 3032 2412 3070 duabus
2432 3032 2488 3070 lin-

387 3096 510 3147 puetin
555 3091 779 3144 usurparetur
809 3091 997 3131 nobilibus.
1049 3091 1251 3135 Trebellius
1292 3097 1425 3155 Pollio.
1466 3084 1910 3137 terisptacferatpiducius.
1938 3081 2108 3122 Alterum
2119 3081 2485 3131 pudicitiushacretin

2360 3133 2489 3183 oxon.
