2616 3686
302 193 416 250 *818
561 190 1080 244 C.PL1-N11
1146 168 1658 244 CAchrer
1729 180 2245 242 SECUNDI

322 297 447 336 tuae
472 277 666 351 (quam
688 286 916 348 propter
938 273 1045 327 hoc
1073 268 1324 342 jusseram
1347 289 1473 327 cum
1498 272 1786 327 simulacris
1806 274 2094 328 numinum
2115 269 2456 343 afferi-Drini-

325 372 416 418 re‚
458 369 520 409 ac
545 353 673 407 vino
698 349 1080 422 supplicarent:
1124 360 1400 419 praeterea
1420 347 1806 403 maledicerent
1834 347 2095 410 Chr-istm¹
2113 364 2352 420 quorum
2374 350 2456 404 ni-

331 430 406 485 hil
435 429 561 500 cogi
589 424 736 499 poss'e
766 424 1050 487 dicuntur,
1088 422 1326 493 quisunt
1356 439 1415 476 re
1440 440 1565 478 vera
1587 421 1889 478 Christiani.
1949 427 1964 453 ¹
2005 421 2156 495 Ergo
2179 421 2465 479 dimitten-

289 504 434 561 6dos
457 504 662 575 putavi..
731 505 750 531 ²
790 500 895 555 Alii
933 499 997 553 ab
1024 497 1200 552 indice
1232 499 1530 561 nominati,
1574 497 1679 553 effe
1717 500 1768 554 se
1807 495 2139 553 Christianos
2164 496 2454 553 dixerunt:

335 581 391 635 &
432 597 564 634 mox
601 589 965 647 negaverunt,
1007 570 1160 625 fuisse
1188 573 1445 644 quidem,
1486 572 1580 627 sed
1623 571 1850 628 desiisse:
1891 573 2108 646 quidam
2149 576 2462 628 an‘tetrien-

335 657 487 711 nium
517 696 533 720 ‚
585 651 806 725 quidam
845 661 970 702 ante
1021 646 1196 718 plures
1250 663 1416 702 annos
1445 687 1460 710 ‚
1501 664 1610 702 non
1654 665 1816 703 nemo
1856 655 1872 682 ³
1909 649 2069 703 etiam
2109 660 2233 701 ante
2271 649 2464 719 viginti

337 745 576 804 quoque.
634 732 654 797 3
693 723 901 780 Omnes
929 722 982 777 δε
1013 721 1301 794 imaginem
1328 738 1505 788 tuam,
1547 723 1906 796 Deorumque
1927 720 2202 778 simulacra
2225 725 2467 778 venerati

2328 799 2475 862 sunt;

387 989 418 1018 1.
445 977 545 1027 Ergo
581 975 804 1016 dimittendos
837 971 1002 1027 putavi]
1049 972 1102 1012 lta
1139 970 1365 1019 Catanaeus,
1435 982 1525 1010 nunc
1547 970 1686 1010 cithara
1709 983 1800 1010 nunc
1819 971 1896 1022 lyra
1911 974 2123 1024 personatur.
2173 973 2227 1014 Ibi
2248 975 2325 1026 jam
2349 974 2467 1014 obser·

331 1030 515 1079 Gryphius
538 1030 575 1066 &
599 1029 856 1068 recentissimus
877 1023 1246 1077 quisque-Aldinae,
1273 1024 1362 1071 Jun-
1432 1033 1560 1061 vatum
1572 1024 1635 1067 est,
1646 1025 1891 1062 recentiorum
1903 1026 2170 1073 aliquosrerum
2181 1028 2328 1074 ignaros
2338 1038 2468 1076 perpe⁶

328 1084 427 1126 tina,
473 1080 705 1118 Schureriana
734 1081 902 1129 itemque
932 1085 1059 1124 margo
1091 1075 1294 1114 Casauboni
1323 1078 1361 1113 ὅ(
1434 1083 1506 1113 ram
1529 1071 1670 1124 ejecifl'e
1692 1086 1733 1114 er
1753 1083 1879 1113 contra
1899 1075 2007 1114 MSS.
2032 1077 2070 1113 &
2104 1076 2193 1114 Vet.
2218 1077 2288 1116 Ed.
2311 1078 2471 1117 auetori-

328 1132 467 1170 Minois
491 1143 570 1169 non
595 1132 793 1180 agnoscunt
822 1143 918 1180 ergo,
946 1127 1048 1178 quod
1079 1125 1188 1164 etiam
1218 1126 1314 1164 abest
1341 1138 1359 1164 a
1431 1132 1561 1163 tatem.
1614 1126 1861 1165 Nihilominus
1897 1133 2024 1165 tamen
2042 1174 2045 1175 ⁷
2063 1127 2231 1176 respuunt
2270 1140 2399 1178 quoque
2427 1131 2467 1168 ὅ(

326 1183 424 1222 Cod.
453 1181 554 1220 Voff.
581 1184 618 1219 ὃ(
636 1182 695 1228 J0.
721 1182 766 1221 de
787 1181 946 1219 Tridino
964 1180 1074 1217 libro,
1092 1178 1154 1225 qui
1176 1185 1300 1214 tamen
1321 1178 1358 1215 in
1432 1175 1539 1213 MSS.
1572 1176 1610 1213 δε
1630 1176 1717 1214 Vet.
1747 1177 1815 1215 Ed.
1841 1177 1922 1215 Lib.
1951 1177 2013 1215 IX.
2035 1177 2145 1226 Epist.
2176 1177 2320 1217 XXVI.
2343 1190 2381 1217 n.
2412 1182 2469 1219 1'0.

325 1234 399 1272 hoc
417 1236 460 1271 ab
479 1233 650 1271 omnibus
673 1232 858 1279 discedunt
871 1259 881 1276 ‚
909 1230 1010 1280 quod
1031 1227 1205 1266 habeant:
1234 1229 1355 1265 d1'm.·t-
1429 1227 1495 1264 Sed
1512 1227 1596 1265 vide
1608 1255 1618 1271 ,
1630 1238 1760 1278 quanto
1778 1228 1892 1274 major
1902 1229 1952 1276 stt
1965 1229 2025 1279 qui
2041 1229 2298 1279 reprehenditur
2312 1230 2399 1280 ,ipfii
2417 1243 2473 1268 re-

323 1285 443 1324 tendos
471 1284 542 1323 efle
568 1285 705 1334 putavi.
742 1281 1057 1333 quemadmodum
1095 1280 1205 1316 etiam
1236 1279 1358 1328 paullo
1423 1278 1675 1326 prehendente,
1706 1280 1744 1316 ὃ(
1765 1280 1878 1322 maior
1897 1278 1936 1316 ob
1959 1281 2042 1317 haec
2063 1291 2229 1329 quoque.
2257 1281 2336 1326 Cic.
2362 1282 2390 1318 1.
2415 1281 2464 1320 de

324 1346 409 1374 ante
427 1334 509 1386 pcffe
531 1347 599 1384 cogi
617 1347 682 1383 pro
699 1336 766 1385 cogi
783 1332 876 1383 posse.

375 1399 411 1425 2.
445 1387 518 1424 Alii
545 1387 589 1423 ab
614 1387 730 1423 Indice
759 1381 961 1432 nominata]
992 1380 1183 1420 Nominare
1212 1380 1283 1425 est,
1309 1379 1354 1418 ad

324 1437 566 1486 magistratum
587 1436 728 1474 deferre
745 1437 892 1485 alicujus
921 1445 1065 1471 nomen
1094 1433 1253 1471 criminis
1270 1442 1355 1469 cau·

322 1489 368 1526 sa.
397 1489 522 1526 Livius
546 1489 625 1526 Lib.
651 1483 1047 1533 XXXIX.cap.XVlI.
1074 1484 1212 1521 SCturn
1234 1484 1354 1532 quod·

325 1539 411 1577 dam
441 1539 608 1578 recitans:
641 1539 676 1576 Si
709 1540 783 1588 quis
811 1550 912 1588 quem
939 1534 1159 1584 adduxiffiet,
1186 1547 1356 1572 nomenve

323 1590 474 1640 absentis
493 1589 660 1639 detultffet
675 1617 685 1632 ,
711 1590 770 1640 qui
793 1588 992 1631 nominatus
1009 1584 1200 1635 profugiffiet
1215 1613 1243 1631 „
1263 1586 1354 1627 diem

323 1653 454 1679 certam
474 1642 504 1687 fe
518 1642 703 1689 finituros:
733 1641 783 1676 ad
803 1652 910 1691 quam
930 1637 995 1685 nifi
1013 1636 1139 1674 citaius
1167 1637 1356 1684 respondis·

313 1694 368 1743 set
386 1723 393 1735 ,
421 1692 543 1742 absens
557 1693 801 1730 damnaretur.
818 1689 853 1740 st
868 1690 942 1740 quis
964 1702 1099 1731 eorum,
1123 1688 1181 1738 qui
1199 1699 1275 1725 tum
1295 1702 1353 1726 ex-

323 1754 383 1781 tra
408 1744 554 1781 Italiam
575 1743 698 1791 effem,
725 1743 984 1784 nominaretur,
1009 1741 1039 1776 ei
1067 1739 1234 1776 laxiorem
1262 1740 1352 1776 diem

321 1795 477 1832 daturos.
502 1794 561 1832 ssu
577 1806 599 1832 c
614 1806 635 1830 H
651 1806 673 1829 N
690 1805 746 1829 En
811 1792 898 1829 Plin.
927 1791 996 1828 Lib
1037 1790 1097 1828 IX.
1127 1790 1231 1837 Epist.
1249 1790 1353 1829 X‘Ill.

320 1855 358 1882 n.
391 1857 448 1890 17.
477 1851 587 1888 Puto,
614 1843 928 1894 inquit,injuriam
947 1842 1081 1886 fastam
1101 1841 1252 1878 Publicio
1271 1840 1349 1889 Ces·

322 1906 377 1939 to,
398 1895 436 1946 fi
452 1909 519 1933 non
540 1895 743 1934 absoluitur.
769 1894 977 1931 nominatus
998 1893 1045 1929 est
1068 1890 1112 1926 ab
1133 1892 1254 1928 amicis
1275 1895 1352 1928 Ar-

324 1947 394 1984 riae
435 1960 480 1987 &
511 1947 690 1990 Fanniae,
719 1945 929 1982 nominatus
957 1942 1003 1980 ab
1036 1942 1156 1980 amicis
1179 1943 1253 1992 suis
1282 1949 1352 1980 cet.

321 1997 519 2036 Suetonius
541 1997 643 2036 Caes.
669 2008 744 2044 cap.
759 1996 883 2034 XVII.
909 1993 1040 2032 Recidit
1061 1993 1177 2042 rursus
1201 1994 1236 2031 in
1256 1993 1356 2030 aliud

321 2047 504 2089 discrimen
534 2048 659 2092 aliud,
697 2048 791 2085 inter
817 2045 943 2084 Socios
973 2044 1152 2082 Catilinae
1188 2045 1358 2082 nomina·-

322 2107 401 2142 tus,
430 2101 468 2138 &
488 2098 584 2146 apud
605 2099 772 2136 Novium
804 2099 959 2145 Nigrum
990 2095 1231 2142 Quaestorem
1260 2107 1279 2132 a
1309 2096 1354 2133 L.

324 2147 456 2187 Vettio
491 2148 640 2194 Judice,
682 2150 720 2186 δε
753 2150 789 2186 in
808 2148 932 2185 senatu
951 2158 971 2183 a
993 2147 1044 2193 Q.
1059 2146 1173 2182 Curio
1193 2153 1354 2184 cet.cum

325 2208 415 2238 nota
436 2200 636 2238 Torrentii.
662 2211 742 2247 cap.
769 2198 852 2236 XX.
889 2205 976 2236 extr.
1012 2195 1274 2246 produelufque
1300 2205 1359 2243 pro

325 2252 452 2301 Rostris
471 2253 621 2288 aufiores
642 2263 683 2288 ex
698 2251 866 2299 compano
886 2247 1111 2286 nominaret:
1132 2247 1198 2295 sed
1216 2260 1281 2284 uno
1302 2259 1359 2283 at-

325 2315 389 2353 que
413 2302 521 2340 altero
536 2300 669 2346 frustra
688 2313 746 2338 nec
765 2299 842 2349 fine
865 2298 1044 2350 suspicione
1073 2299 1212 2339 fraudis
1238 2298 1362 2336 nomi·

324 2354 441 2398 natis,
468 2352 646 2403 desperans
667 2362 745 2390 tam
758 2350 947 2400 praecipitis
971 2348 1095 2396 consilii
1110 2349 1360 2393 eventum,in-

325 2403 489 2454 tercepiffe
524 2416 653 2441 veneno
696 2401 856 2440 indicem
886 2401 1048 2440 creditur.
1121 2399 1249 2437 Tiber.
1284 2410 1363 2448 cap.

326 2451 507 2494 LXXlll.
532 2455 644 2497 princ.
673 2454 817 2500 Interim
841 2466 917 2490 cum
940 2454 978 2489 in
996 2450 1087 2487 actis
1101 2451 1246 2498 senatus
1267 2450 1363 2499 legis·

321 2507 401 2555 set,
431 2506 580 2557 dimiffiis
607 2518 649 2541 ac
676 2518 717 2543 ne
745 2505 883 2542 auditos
905 2503 1043 2554 quidem
1067 2501 1235 2553 qrcosdam
1256 2513 1358 2547 reos,

327 2557 370 2595 de
391 2556 511 2607 quibus
538 2556 683 2602 lirieiim
715 2569 758 2595 ω’
788 2554 875 2592 nihil
902 2554 1002 2592 aliud
1021 2566 1128 2604 qnam
1149 2552 1360 2590 nominatos

329 2607 374 2645 ab
405 2608 522 2646 indice
561 2607 748 2654 scripfi’rat.
806 2607 896 2644 Satis
923 2613 1012 2652 puto
1040 2605 1130 2642 haec
1161 2602 1361 2641 defendere

327 2656 511 2706 'receptam
540 2657 740 2696 lestionem
772 2665 896 2695 contra
916 2654 1020 2694 Voff.
1058 2656 1098 2693 &
1125 2655 1273 2702 ¹loannis
1314 2654 1360 2692 de

332 2709 492 2748 Tridino
521 2708 643 2755 judice.
681 2709 782 2744 Lm
798 2720 822 2745 G
838 2719 985 2745 otrus

384 2772 419 2807 3.
448 2760 569 2798 Etiam
589 2769 670 2797 ante
689 2759 817 2808 viginti
837 2756 1015 2807 quoque]
1047 2755 1262 2804 Legendutn
1288 2755 1361 2792 for-

332 2810 417 2848 taffe
438 2811 566 2859 viginti
585 2811 756 2860 quinque.
796 2810 926 2848 Nescio
946 2809 1042 2846 enim
1066 2807 1261 2856 quomodo
1285 2818 1361 2843 non

331 2861 468 2909 placeat
488 2863 542 2899 illa
562 2861 785 2898 combinatio
807 2861 912 2899 etiam
931 2870 1093 2910 qnoque.
1106 2858 1138 2895 R
1153 2871 1166 2895 1
1179 2869 1205 2895 T
1219 2871 1241 2894 T
1255 2869 1275 2894 E
1290 2871 1313 2895 n
1327 2871 1361 2894 s-

335 2921 527 2948 uusrus
557 2911 632 2949 Cur
655 2909 837 2959 displicet?
867 2913 904 2949 ὃ(
934 2923 1029 2961 quae
1059 2917 1154 2947 tanta
1173 2909 1296 2952 causa,
1323 2916 1362 2946 ut
1394 2918 1399 2935 ⁸

334 2960 504 2997 omnium
525 2963 699 2999 librorum
719 2962 915 3000 lecfiionem
946 2962 1185 3000 sollicitemus.
1238 2959 1363 2997 Immo

334 3010 478 3047 Auestur
515 3011 590 3047 Lib.
625 3013 708 3050 Vll.
748 3013 856 3060 Epist.
894 3013 962 3051 IV.
988 3024 1024 3050 n.
1051 3024 1092 3056 9.>
1119 3011 1275 3058 Legitur,
1306 3009 1362 3046 de-

324 3060 513 3113 scribitur,
542 3071 706 3099 cantatur
744 3063 849 3102 etiam
870 3091 881 3110 ‚
912 3065 950 3103 ὅ(
983 3075 1007 3099 a
1049 3062 1183 3099 Graecis
1211 3069 1362 3110 quoque
1392 3081 1399 3089 .-

1428 1328 1513 1386 Nat.
1542 1329 1657 1368 Deor.
1683 1341 1762 1378 cap.
1789 1330 1908 1369 ΧΧΙΙ.
1935 1335 2016 1367 Non
2031 1333 2123 1369 enim
2140 1341 2238 1381 poeta
2250 1331 2466 1382 filumsua-

1425 1392 1505 1435 vis,
1533 1393 1658 1418 verum
1681 1381 1790 1419 etiam
1822 1392 1934 1419 cetera
1965 1393 2115 1431 quoque
2136 1384 2265 1420 doceas.
2315 1381 2372 1420 Sic
2393 1383 2464 1423 Pli-

1425 1441 1505 1487 nius
1534 1431 1616 1468 Lib.
1651 1431 1700 1468 V.
1731 1431 1839 1480 Epist.
1876 1432 1943 1470 Vl.
1979 1445 2015 1470 n.
2043 1434 2103 1482 58.
2131 1434 2256 1471 deinde
2265 1441 2378 1483 porro.
2401 1435 2460 1474 ubi

1427 1480 1521 1518 vlde.
1548 1481 1605 1519 Sic
1643 1481 1738 1530 apud
1773 1482 1996 1532 Appulejum
2026 1484 2163 1530 paffim.
2210 1488 2300 1533 Ergo
2329 1485 2459 1533 igitur,

1423 1532 1621 1581 quomodo
1646 1534 1755 1571 etiam
1775 1534 1930 1581 legimus
1949 1545 1994 1571 ex
2027 1536 2208 1580 veteribus
2238 1536 2459 1576 membranis

1424 1583 1670 1632 Metamorph.
1699 1584 1766 1621 IV.
1794 1585 1901 1632 p.63.
1928 1584 2028 1633 Ergo
2044 1586 2152 1633 igitur
2171 1600 2250 1624 eum
2272 1587 2309 1624 in
2327 1585 2384 1631 isto
2407 1599 2459 1625 co·

1417 1635 1596 1683 gitationis
1617 1635 1695 1683 salo
1722 1634 1954 1683 fluHuarem,
1982 1636 2167 1687 aliquanto
2194 1637 2322 1685 longius
2353 1637 2456 1676 video

1419 1695 1489 1724 cer.
1517 1686 1640 1733 Vulgo
1663 1686 1745 1733 Ego
1765 1687 1874 1735 igitur
1891 1694 1960 1724 cet.
1986 1687 2042 1724 Sic
2065 1688 2297 1737 Tranquillus
2323 1691 2455 1735 pariter

1422 1748 1465 1774 ac
1486 1736 1671 1774 Secundus
1691 1738 1888 1775 innumeris
1906 1738 1991 1775 locis
2010 1749 2114 1788 atque
2132 1740 2250 1777 etiam.
2277 1740 2355 1777 Cic.
2370 1741 2453 1780 Lib.

1418 1787 1507 1824 Vll.
1537 1786 1644 1836 Epist.
1666 1787 1787 1827 XXV.
1813 1796 1902 1825 extr.
1924 1795 2032 1838 atque
2050 1791 2206 1840 equidem
2223 1791 2452 1839 aliquantum

1412 1839 1494 1887 jam
1513 1839 1643 1887 &jam
1673 1839 1778 1876 nostis
1809 1839 1965 1887 adsumo.
2015 1839 2071 1877 Sic
2101 1841 2232 1889 pariter
2262 1852 2305 1880 ω’
2330 1842 2452 1881 etiam.

1422 1891 1499 1927 cic.
1529 1889 1611 1928 Lib.
1635 1889 1737 1928 XIIl.
1766 1890 1875 1938 Epist.
1900 1890 1988 1928 VII.
2013 1901 2049 1928 n.
2078 1901 2112 1937 7.
2140 1893 2177 1929 &
2193 1893 2302 1930 etiam
2327 1891 2454 1929 volun·

1420 1941 1508 1977 tatis
1547 1954 1626 1989 erga
1651 1943 1692 1990 ft
1717 1939 1923 1978 habiturum
1954 1939 2015 1991 effe
2045 1943 2220 1980 rationem.
2261 1944 2342 1981 Liv.
2372 1943 2455 1985 Lib.

1424 1991 1525 2027 XXl.
1553 2003 1630 2040 cap.
1657 1992 1760 2029 LIV.
1778 1991 1843 2040 fid
1860 2002 1899 2027 ut
1919 1992 1956 2028 δε
1977 2005 2116 2030 numero
2136 1995 2258 2031 etiam.
2285 1992 2455 2043 Saltjug.

1423 2052 1500 2090 cap.
1529 2041 1556 2079 Ι.
1584 2055 1619 2080 n.
1648 2056 1680 2092 ς.
1709 2042 1963 2093 qaantostudio
1983 2043 2098 2079 aliena
2119 2043 2277 2081 acffnihil
2295 2045 2455 2093 profutu-

1424 2105 1488 2137 ra,
1518 2093 1740 2143 multumque
1759 2095 1866 2130 etiam
1899 2093 2080 2141 periculossz
2102 2104 2235 2142 petunt.
2261 2094 2320 2133 ubi
2340 2098 2451 2134 etiam

1425 2143 1483 2180 hic
1502 2144 1728 2191 pleonasmus
1748 2143 1921 2192 aliquibus
1952 2142 2176 2182 offendiculo
2209 2146 2298 2189 fuit,
2325 2147 2454 2195 quibus

1426 2202 1548 2231 tamen
1569 2194 1714 2232 obuiam
1736 2194 1801 2231 ivit
1820 2193 1933 2231 Corte
1948 2221 1957 2237 ,
1982 2205 2094 2243 quem
2119 2197 2165 2234 ibi
2183 2196 2304 2235 videas
2319 2224 2328 2240 ‚
2361 2198 2449 2235 item

1425 2244 1469 2282 ad
1499 2245 1674 2282 Nostrum
1708 2245 1789 2282 Lib.
1822 2244 1873 2280 V.
1910 2245 2019 2293 Epist.
2049 2246 2119 2286 VI.
2152 2258 2190 2284 n.
2215 2260 2275 2286 21.
2304 2248 2342 2285 Sc
2370 2248 2451 2286 Lib.

1428 2295 1516 2334 Vll.
1543 2296 1650 2344 Epist.
1678 2295 1816 2333 XXlll.
1843 2307 1880 2332 n.
1912 2308 1943 2333 1.
1970 2297 2030 2333 ubi
2054 2297 2235 2345 vulgatam
2255 2297 2447 2336 lediionem

1426 2345 1522 2384 scioli
1555 2358 1671 2396 aeque
1700 2357 1936 2395 concoquere
1966 2358 2043 2384 non
2078 2357 2262 2397 poterunt.
2322 2351 2450 2391 Low,

1428 2408 1636 2436 Gotrus

1476 2460 1511 2494 4,
1539 2454 1665 2486 Omnes
1682 2449 1721 2486 δε
1743 2449 1927 2499 imaginem
1948 2448 2077 2500 tuam]
2100 2450 2188 2488 Non
2206 2447 2449 2497 dubito,quin

1424 2499 1620 2547 legendum
1644 2498 1684 2537 fit
1699 2513 1831 2538 :omnes
1843 2529 1853 2545 ‚
1872 2502 1936 2550 qui
1956 2501 2140 2550 imaginem
2159 2511 2260 2539 tuam
2278 2506 2344 2536 cet.
2359 2499 2445 2536 Non

1427 2552 1525 2589 enim
1559 2551 1610 2589 est
1639 2550 1807 2589 credibile
1830 2579 1841 2596 ‚
1879 2563 2010 2590 omnes
2040 2551 2252 2589 Christianos
2282 2546 2449 2587 defecisse

1425 2601 1614 2650 amplexos
1633 2601 1894 2640 idololatriam:
1920 2602 1980 2640 sed
2006 2602 2078 2640 hoc
2106 2600 2181 2637 vult
2205 2599 2346 2642 dicere,
2373 2599 2451 2637 illos

1429 2665 1561 2699 ornnes
1575 2681 1586 2695 ‚
1614 2654 1676 2703 qui
1695 2655 1793 2701 juxta
1811 2664 1895 2690 curn
1919 2653 2027 2689 statua
2054 2649 2279 2698 Imperatoris
2300 2649 2450 2699 Trajani

1429 2704 1537 2742 etiam
1558 2704 1728 2742 Deorum
1750 2703 1931 2740 fimulacra
1952 2702 2166 2743 adorarunt,
2191 2698 2341 2736 eosdem
2355 2727 2366 2744 ‚
2393 2702 2451 2738 in-

1430 2766 1562 2802 quam,
1591 2767 1725 2793 ornnes
1754 2753 1905 2802 potuiffe
1935 2751 2061 2789 adduci
2088 2748 2131 2785 ad
2159 2749 2449 2790 maledicendum

1432 2806 1583 2845 Christo.
1636 2806 1688 2843 Ita
1708 2804 1813 2848 dico,
1839 2802 2049 2851 particularis
2076 2799 2124 2836 est
2152 2811 2229 2836 non
2248 2802 2453 2840 universalis

1429 2857 1518 2894 haec
1547 2856 1764 2904 propositio:
1793 2865 1877 2891 cum
1909 2863 1984 2888 non
2017 2850 2061 2888 de
2091 2851 2259 2890 omnibus
2286 2853 2454 2901 loquatur

1433 2908 1653 2950 Christianis,
1679 2905 1736 2942 sed
1759 2904 1805 2941 de
1833 2901 2041 2951 quibusdam
2075 2906 2214 2938 tantum
2231 2931 2240 2944 ,
2267 2906 2328 2950 qui
2346 2903 2456 2941 territi

1433 2958 1624 3006 suppliciis,
1653 2956 1807 3004 priorem
1841 2952 2105 2989 confessionem
2128 2953 2386 2997 rewadiabant,
2411 2955 2455 3000 ὃς

1432 3009 1530 3046 suam
1553 3007 1665 3046 fidem
1682 3002 1914 3052 abnegabant.
1941 3002 1974 3040 R
1987 3015 2002 3041 1
2016 3013 2041 3040 ‘r
2053 3014 2079 3040 T
2091 3014 2110 3041 ε
2124 3015 2148 3042 R
2162 3016 2177 3041 s
2191 3015 2215 3042 fl
2231 3015 2255 3043 u
2270 3018 2287 3043 s
2299 3017 2313 3043 1
2329 3019 2348 3043 υ
2361 3016 2390 3043 s.

2288 3118 2319 3147 ι.
2345 3104 2458 3158 Queri
