2616 3686
559 169 1723 226 ’Lrss‘ERinPrs‘roLA
1795 182 1902 232 ιιι.
2187 212 2274 261 253

196 261 282 317 vel
316 249 595 332 praecipue
633 253 749 308 stilo
783 252 1083 325 affequeriS.
1158 249 1297 329 Nam
1334 248 1389 300 δε
1425 250 1667 319 loquenti
1701 252 1796 306 tibi
1838 257 1920 309 illa
1958 255 2274 323 'Homerici

193 333 322 388 senis
345 326 498 382 mella
520 324 790 396 profluere
817 363 833 389 ,
857 326 912 379 δε
938 339 1075 394 quae
1098 319 1278 375 scribis
1308 321 1581 389 complere
1606 321 1622 340 ²
1648 338 1770 393 apes
1792 322 2036 391 floribus,
2071 329 2123 382 ὃς
2152 331 2166 356 ³
2192 334 2271 387 in-

189 401 399 458 nestere
426 398 695 452 videntur.
734 398 807 451 lta
832 407 982 450 certe
1016 393 1129 448 sum
1150 391 1168 417 ⁴
1195 391 1434 446 adfectus
1463 391 1570 462 ipse
1588 429 1603 456 ,
1631 409 1754 447 cum
1779 394 1989 449 Graeca
2012 400 2275 469 epigram-

182 486 322 528 mata
347 484 433 524 tua
451 508 466 534 ,
506 487 629 524 cum
657 470 670 497 ⁵
690 464 894 536 jambos
920 467 1166 536 proxime
1188 465 1443 534 legerem.
1485 462 1786 545 ‘Quantum
1815 465 1886 518 ibi
1912 466 2271 538 humanitatiS,

177 543 466 601 ¹venustatis
497 544 507 596 ἔ
560 557 717 614 quam
757 538 931 594 dulcia
969 537 1091 593 illa!
1140 543 1158 566 ⁶
1192 553 1354 608 quam
1391 538 1643 607 antiqua!
1685 553 1846 608 quam
1869 553 2053 607 arguta
2094 543 2271 610 lquam

186 754 272 796 remi
294 753 426 792 ionibus
443 749 657 800 vulgarunt,
683 751 879 799 quomodo
903 751 941 788 δε
962 749 1038 789 libri
1053 750 1186 789 exarati

181 817 326 847 manu:
361 810 401 840 ut
431 802 581 839 alterurn
614 812 807 850 operarum
840 802 970 839 vitium
995 801 1186 840 existimari

180 863 287 909 queat
309 881 320 898 ,
355 850 418 891 nifi
448 851 572 889 Minos
593 852 631 889 in
652 853 767 889 veteri
792 850 887 888 Cod.
910 852 1045 890 exstare
1067 851 1183 890 adno-

177 904 296 949 taffet,
323 913 389 940 nos
410 903 446 938 in
466 901 576 939 Arnz.
593 900 631 937 in
646 901 885 949 remiffi'oribus
907 901 965 940 vel
986 902 1185 950 remissioni-

174 957 258 1000 bus,
285 955 324 992 &
344 954 380 990 in
401 951 469 988 Ed.
494 951 580 989 Vet.
600 952 637 988 in
655 951 883 999 remifforibus
917 952 1178 1002 reperissemus.

167 1008 174 1030 ·'
220 1008 238 1044 '1
270 1001 437 1040 Homerici
451 1001 540 1052 senis
565 1001 719 1051 mellea]
749 1001 908 1040 Nestoris
931 1031 942 1048 ‚
980 1005 1082 1052 cujus
1114 1015 1178 1042 ore

164 1056 258 1095 ⁴diitit:
289 1053 475 1090 Homerus
505 1051 616 1090 fluere
647 1053 750 1097 mel,
776 1060 925 1102 propter
946 1053 1176 1093 dulcedinem

165 1105 348 1147 sermonis.
375 1101 506 1140 Versus
529 1101 577 1140 est
599 1114 645 1141 ex
665 1104 785 1152 primo
809 1102 908 1141 Iliad.
930 1114 980 1142 vs.
1002 1116 1084 1153 249.

211 1204 266 1242 ‘13
302 1202 362 1240 καὶ
412 1200 486 1238 ἐπὶ
525 1203 686 1245 asadia-ne
721 1202 861 1248 μέλιτος
905 1203 1061 1247 γλυκίων
1104 1205 1179 1253 ῥέεν

256 1252 359 1294 abdi.

214 1303 320 1342 Melle
345 1304 456 1354 magis
478 1302 588 1342 dulcis
609 1304 661 1343 cui
671 1304 788 1354 sermo
807 1317 850 1343 ex
872 1319 925 1343 ore
936 1305 1088 1356 fluebat.

157 1405 334 1455 Apulejus
356 1405 402 1443 de
423 1406 510 1443 Deo
533 1406 685 1443 Socratis
709 1420 718 1444 z
759 1406 879 1453 Pylius
902 1418 1022 1445 orator
1042 1406 1171 1456 eloquio

153 1456 255 1494 comis
279 1483 288 1499 ,
326 1456 569 1501 experimentis
590 1466 712 1492 cautus
736 1483 746 1499 ,
766 1457 905 1502 senefia
935 1457 1145 1494 venerabilis
1160 1486 1171 1501 ,

153 1507 207 1543 cui
239 1517 354 1542 omnes
381 1503 539 1551 sciebant
569 1514 685 1551 corpus
716 1505 820 1539 annis
853 1505 950 1542 abire
971 1534 983 1550 ,
1010 1507 1170 1542 animum

146 1554 336 1605 prudentia
361 1554 497 1601 vigere,
520 1553 630 1590 verba
653 1553 830 1589 dulcedine
841 1555 989 1603 affluere.
1017 1557 1172 1594 cmm.

156 1606 195 1643 δε
220 1605 427 1642 Euenum.
1024 1625 1027 1627 -

203 1667 225 1692 2
256 1661 345 1703 Apes
368 1651 552 1701 floribus]
580 1651 764 1690 Videntur
787 1659 847 1688 tua
869 1654 991 1701 scripta
1024 1655 1168 1693 condita

153 1703 331 1742 luminosa
356 1702 569 1746 dulcedine,
598 1704 635 1739 ὃς
657 1712 693 1740 te
717 1713 820 1740 more
839 1712 951 1751 apum
975 1704 1080 1743 flores
1093 1706 1168 1744 elo-

153 1756 324 1803 quentiae
348 1753 526 1800 colligere.
558 1754 710 1790 CATAN.

210 1817 227 1853 3
263 1803 470 1851 [numera]
500 1802 573 1839 Alii
597 1804 926 1851 legunteynee'tare.
953 1805 1162 1844 Boxiioim.

158 1852 258 1891 Libri
285 1867 294 1890 ς
332 1865 375 1891 ey
407 1854 575 1890 inneHcre
599 1867 609 1895 ;
649 1853 706 1890 sed
735 1852 959 1891 scribendum
983 1869 992 1892 :
1040 1868 1085 1895 ω’
1107 1870 1165 1894 ne-

156 1903 251 1938 ffare
273 1929 284 1944 ,
321 1904 379 1939 vel
422 1913 465 1939 ο·
498 1903 578 1939 inde
609 1904 750 1940 merare.
800 1902 951 1942 Adludit
981 1907 1164 1946 notissima

158 1952 266 1988 verba
301 1951 472 1988 Lucretii.
511 1952 660 1990 Bima.
699 1953 817 1990 Verba
844 1953 1006 1994 Lucretii
1028 1957 1166 1996 exstant

157 2001 238 2037 Lib.
276 2000 300 2036 I.
335 2012 383 2038 vs.
404 2013 486 2048 954.
509 2012 646 2050 eaque,
674 2003 713 2040 &
736 2004 847 2041 multa
869 2012 1051 2051 praeterea
1075 2017 1164 2045 con-

157 2051 236 2136 tigit
259 2049 396 2088 dostiff.
418 2050 580 2090 Barthius
602 2052 647 2090 ad
665 2053 811 2091 Petron.
835 2054 905 2092 Sat.
926 2065 1000 2105 cap.
1014 2058 1062 2096 V.
1076 2067 1167 2098 extr.

156 2110 181 2135 u
208 2101 217 2137 i
239 2100 345 2148 legit:

207 2230 308 2242 -—
335 2213 448 2252 Pierio
469 2214 635 2261 defundes
659 2215 805 2254 nectare
828 2217 949 2257 verba.

156 2324 205 2364 Et
227 2326 305 2366 fane
327 2327 423 2376 apud
444 2325 619 2364 Nostrum
640 2329 712 2366 iam
727 2329 911 2377 Gryphius
924 2333 963 2370 8<
976 2333 1164 2372 Sichardus

157 2375 364 2414 ediderunt:
387 2375 530 2425 floribus
551 2387 595 2415 ο·
614 2381 758 2415 nectare.
786 2380 934 2419 Neecari
957 2384 1064 2420 etiam
1078 2394 1162 2420 cum

158 2425 303 2463 floribus
317 2455 328 2470 ,
357 2429 394 2465 δε
416 2428 500 2464 hinc
521 2438 671 2476 quoque
692 2428 814 2475 apibus
828 2457 838 2473 ,
866 2432 1007 2479 optime
1029 2443 1166 2470 conve-

155 2477 210 2513 nit
233 2503 243 2518 ‚
292 2485 332 2514 ut
364 2475 460 2525 apud
490 2476 660 2515 Prudent.
699 2478 867 2518 Cathem.
909 2479 1056 2527 Hymn.
1102 2482 1166 2521 XI.

154 2534 206 2574 ys.
231 2526 291 2574 ὅς.
1108 2529 1119 2537 ’

155 2660 159 2662 -
230 2652 236 2658 ·
255 2634 410 2685 Sparfiffe
429 2635 590 2674 tellurem
613 2650 686 2675 reor

252 2690 324 2722 Rus
345 2698 442 2723 omne
464 2686 572 2735 densis
595 2686 739 2727 floribus
752 2689 764 2733 ,'

257 2734 413 2784 Ipsasque
430 2748 556 2773 arenas
576 2738 729 2784 Syrtium

256 2785 430 2834 Frage-affe
448 2787 560 2823 nardo
581 2797 626 2824 ω’
644 2788 799 2826 nectare.

170 2886 219 2926 Et
233 2887 414 2944 Peristeph.
432 2896 518 2936 Pan:
540 2897 590 2935 V.
611 2911 663 2938 vs.
685 2910 764 2946 277»

266 2992 383 3029 Cfl'nit
400 2995 517 3034 deinde
531 2999 719 3047 fragmina

265 3041 345 3086 Ρ*
361 3040 558 3088 ustulatam
589 3048 749 3103 menibus

2101 617 2270 669 reela!

1348 746 1469 792 Vestire
1483 747 1595 795 semet
1617 744 1761 785 floribus
1776 746 1787 791 ‚⁷
2265 777 2278 801 ,ι

1345 797 1530 835 Redoleme
1554 796 1680 835 nectar
1702 809 1842 836 carcere.

1250 897 1448 946 quomodo
1481 899 1520 937 ὃς
1551 898 1608 936 alii
1640 897 1851 946 frequenter
1874 926 1885 943 ‚
1913 899 2136 948 &inprimis
2164 904 2274 954 Apus,

1252 948 1340 985 leius
1362 947 1466 986 suum
1493 950 1691 987 neftareum
1713 959 1789 984 non
1801 960 1878 985 uno
1888 950 1974 986 loco
1987 952 2141 998 usurpat.
2171 956 2271 996 Cum

1249 1005 1376 1036 tamen
1396 1000 1434 1037 in
1457 1002 1603 1048 optimo
1626 997 1800 1035 Mediceo
1813 999 2013 1048 ceterisque
2029 1002 2132 1039 MSS.
2145 1005 2273 1046 nostris

1251 1048 1455 1087 constanter
1482 1051 1651 1088 inneffere
1681 1048 1819 1095 legatur
1842 1076 1853 1092 ,
1889 1050 1927 1085 ὅτ.
1958 1050 2031 1087 hoc
2055 1051 2099 1088 de
2123 1052 2271 1095 floribus

1251 1100 1392 1146 optime
1423 1099 1560 1138 dicatur
1583 1128 1594 1144 ‚
1638 1106 1678 1136 ut
1709 1097 1807 1147 apud
1839 1098 2027 1136 Nasonem
2053 1114 2062 1137 ι
2097 1102 2269 1145 inme-‘lere

1248 1160 1403 1200 tempora
1424 1149 1522 1197 fertis
1536 1179 1546 1195 ,
1575 1157 1760 1199 praeterea
1781 1160 1899 1185 unum
1918 1149 2004 1187 illud
2021 1150 2165 1198 floribus
2188 1166 2267 1195 rem

1247 1201 1358 1249 ipsam
1381 1201 1458 1238 satis
1480 1201 1683 1250 exprimat,
1703 1210 1724 1236 a
1741 1206 1818 1236 tam
1840 1198 1986 1237 vetustis
2006 1200 2101 1240 libris
2124 1205 2275 1258 recede-2

1249 1261 1308 1294 re,
1343 1252 1470 1299 religio
1493 1259 1604 1290 vetat.

1299 1312 1324 1347 4
1350 1300 1548 1350 Refeftus.]
1571 1298 1990 1339 Recreatusalaboribus
2003 1301 2084 1341 fori.
2113 1304 2274 1347 Caium

1248 1351 1412 1396 Refttffus.
1437 1352 1452 1400 ]
1501 1351 1693 1390 Editiones
1726 1350 1867 1408 Aldina
1893 1352 2030 1399 priores
2053 1381 2064 1398 ,
2110 1356 2272 1413 adfeetm

1245 1399 2075 1499 {3333ssssssufi‘unfffftffiafflfft-jissffss3233}
2089 1405 2272 1497 {33222232

1236 1499 1330 1547 sensi
1343 1502 1431 1550 ipse,
1458 1514 1593 1551 quum,
1620 1511 1695 1539 eya.
1731 1501 1920 1538 GRUTER.
1960 1500 2141 1552 Excerpta
2176 1507 2270 1546 Lin-

1244 1549 1366 1587 denbr.
1387 1551 1586 1600 agnoscunt
1608 1551 1764 1597 refeftus.
1793 1550 1864 1588 Sed
1888 1551 2062 1599 Optimus
2089 1556 2270 1607 &reliqui

1244 1609 1374 1638 omnes
1395 1602 1580 1649 adfec‘lus,
1609 1609 1648 1638 ut
1671 1601 1751 1638 Lib.
1773 1600 1822 1637 V.
1846 1600 1955 1649 Epist.
1978 1601 2042 1639 IX.
2066 1615 2118 1652 pr.
2168 1610 2270 1647 Varie

1243 1663 1298 1686 me
1318 1650 1530 1690 adfecerunt
1552 1651 1690 1688 litterae
1709 1661 1791 1688 tuae
1804 1677 1815 1695 ‚
1844 1652 1883 1689 &
1900 1649 1947 1687 fic
1970 1652 2052 1690 Lib.
2077 1653 2146 1692 III.
2157 1655 2268 1707 Epist.

1243 1699 1270 1736 1.
1294 1711 1330 1737 n.
1350 1711 1385 1746 9.
1408 1703 1446 1738 &
1468 1701 1606 1749 paffim.

1292 1762 1311 1797 ς
1341 1749 1546 1800 Jambos.]
1588 1751 1710 1788 Metra
1742 1752 2018 1791 contumeliosa.
2049 1755 2148 1795 Nam
2175 1757 2266 1803 iau:

1236 1797 1326 1849 βίζω
1359 1801 1533 1838 convicior
1563 1800 1737 1849 fignificat
1761 1829 1772 1846 ,
1811 1800 1920 1840 Suida
1954 1805 1994 1842 ὃ(
2027 1805 2266 1849 Hammonio

1238 1850 1519 1890 contestantibus
1544 1880 1554 1897 ,
1592 1853 1651 1890 vel
1682 1852 1879 1901 appellatus
1905 1853 2052 1902 jambus
2076 1883 2088 1899 ,
2114 1860 2192 1896 ἀπὸ
2218 1864 2265 1898 τε

1238 1898 1401 1951 ιἐβοίζειν
1428 1931 1438 1948 ,
1466 1903 1568 1951 quod
1600 1910 1779 1951 tanquam
1812 1903 1928 1940 telum
1958 1905 2094 1943 vadant
2125 1909 2262 1949 verba:

2328 290 2350 338 3

2323 488 2357 538 4,

1235 1961 1282 1988 an
1303 1950 1376 1987 ἀπὶ
1395 1956 1440 1990 τὲ
1466 1951 1646 2001 {medem
1662 1981 1673 1998 ‚
1703 1952 1806 2001 quod
1829 1955 2038 1993 communis
2059 1957 2261 2000 hominum
2335 1980 2338 1983 ·

1235 2002 1356 2050 lingua
1380 2031 1391 2047 ,
1429 2003 1466 2038 10>
1491 2011 1646 2041 vocetur
1668 2017 1677 2041 ε
1718 2010 1780 2040 aut
1802 2015 1822 2040 a
1842 2003 1986 2041 Baccha
2009 2005 2146 2049 Jambe
2169 2010 2261 2050 illius

1237 2053 1439 2092 inventrice
1454 2082 1465 2099 ,
1492 2053 1564 2092 filia
1586 2054 1707 2092 Echus
1731 2055 1770 2092 &
1791 2054 1896 2091 Panis
1919 2082 1930 2099 ,
1957 2067 2053 2104 quae
2077 2058 2258 2100 Cererem

1238 2101 1427 2141 dolentem
1459 2103 1587 2142 ludens
1620 2106 1658 2142 ὃ(
1689 2104 1827 2142 inutilia
1858 2104 1979 2143 dicens
2003 2133 2014 2150 ‚
2059 2106 2262 2159 figurasque

1236 2152 1398 2191 absurdas
1423 2154 1584 2191 formans
1606 2154 1652 2192 ad
1675 2153 1781 2192 risum
1803 2156 1934 2201 coegit.
1947 2155 2032 2193 Vid.
2048 2156 2260 2205 Ephestion.

1236 2202 1389 2241 CATAN.
1418 2209 1511 2241 Cum
1529 2202 1710 2251 jambos.]
1748 2203 1818 2240 Pal.
1840 2216 1917 2240 cum
1941 2205 2156 2244 micuambos
2181 2237 2193 2252 ,
2218 2219 2261 2250 ut

1232 2253 1362 2299 procul
1391 2254 1503 2291 dubio
1533 2254 1799 2292 rescribendum
1830 2255 1953 2291 veniat
1976 2282 1986 2298 ,
2022 2255 2259 2299 mimiambos.

1236 2301 1425 2340 Gaura.
1453 2304 1576 2341 Habet
1598 2304 1680 2340 sane
1702 2303 1782 2339 MS.
1805 2301 2061 2340 Voffiamanu
2076 2305 2229 2346 secunda
2243 2337 2256 2355 ,

1234 2351 1458 2389 mimiambos
1482 2382 1494 2397 ‚
1529 2352 1588 2390 sed
1609 2355 1636 2390 is
1660 2363 1736 2389 non
1759 2353 1870 2399 magis
1893 2380 1904 2395 ‚
1931 2365 2041 2401 quarn
2075 2355 2256 2399 Palatinus

1234 2402 1426 2445 movebit,
1453 2411 1493 2440 ut
1514 2404 1625 2450 longe
1647 2401 1858 2439 vetustiores
1879 2401 2001 2440 Codd.
2022 2405 2086 2452 qui·
2118 2406 2252 2448 iambos

1234 2450 1463 2494 maluerunt,
1492 2451 1705 2489 deseramus.
1729 2451 1883 2489 Helmst.
1907 2453 1945 2489 ὃς
1967 2452 2032 2490 Ed.
2058 2455 2144 2493 Vet.
2168 2470 2251 2496 cum

1231 2497 1363 2536 iambos
1383 2503 1543 2538 maxime
1561 2501 1702 2547 legerem
1719 2529 1730 2545 ‚
1754 2501 1995 2550 vulgatissimo
2017 2504 2123 2552 lapsu.
2151 2506 2251 2549 Vide

1235 2549 1317 2586 Lib.
1340 2550 1387 2587 V.
1411 2550 1516 2600 Epist.
1540 2551 1622 2588 XII.
1645 2563 1679 2588 n.
1703 2562 1734 2600 3.

1281 2599 1303 2633 6
1333 2601 1458 2647 Quam
1480 2603 1636 2639 amantia
1661 2603 1667 2636 !
1697 2614 1805 2650 quam
1823 2603 2016 2653 antiquas]
2045 2604 2099 2644 Ita
2120 2608 2247 2657 vulga4

1230 2660 1284 2686 res
1319 2649 1410 2688 Edd.
1446 2653 1484 2689 ὃς
1517 2652 1602 2688 nihil
1634 2651 1827 2691 admonuit
1860 2654 1916 2690 Cl.
1945 2655 2094 2699 Minos,
2122 2669 2246 2705 neque

1231 2699 1404 2738 Gruterus
1429 2731 1439 2746 ‚
1478 2713 1599 2750 neque
1626 2703 1682 2741 alii
1707 2730 1717 2746 ,
1755 2714 1838 2740 cum
1873 2712 1999 2742 tamen
2021 2707 2058 2743 in
2081 2707 2152 2754 ipsa
2176 2709 2244 2750 Ed.

1229 2749 1314 2787 Vet.
1346 2762 1457 2799 quam
1491 2751 1661 2790 eamdem
1693 2761 1783 2800 puto
1807 2752 1876 2799 esse
1911 2766 1997 2792 cum
2031 2757 2085 2793 illa
2109 2785 2120 2801 ‚
2148 2770 2243 2807 quae

1228 2801 1335 2837 toties
1356 2801 1399 2837 ab
1417 2801 1578 2839 Grutero
1599 2802 1761 2840 laudatur
1775 2829 1786 2846 ‚
1810 2811 1954 2841 tantum
1978 2805 2116 2854 legatur
2129 2820 2243 2856 quam

1226 2852 1394 2887 amantia
1417 2879 1429 2894 ‚
1467 2851 1599 2890 omisso
1631 2852 1742 2890 altero
1766 2880 1776 2897 ‚
1803 2866 1911 2902 quam
1933 2857 2110 2905 amiqua,
2135 2859 2243 2906 plane

1228 2908 1267 2937 ut
1289 2902 1324 2937 in
1349 2901 1500 2940 Helmst.
1520 2902 1620 2940 locus
1641 2903 1839 2941 exhibetur.
1892 2903 1945 2943 At
1976 2905 2167 2945 Mediceus
2198 2921 2240 2948 u-

1228 2957 1422 3001 trumque:
1451 2964 1559 3000 quam
1581 2953 1748 2990 amantia
1764 2980 1775 2996 ‚
1801 2966 1911 3002 quam
1921 2955 2099 3003 antiqua,
2127 2961 2238 2998 omit·
2263 2992 2266 3005 ς

1228 3001 1291 3043 tit,
1320 3002 1422 3050 quod
1441 3002 1582 3040 librario
1608 3013 1671 3049 per
1693 3002 1856 3042 eiusdem
1877 3004 2074 3044 Particulae
2108 3011 2234 3057 repeti·

1227 3053 1368 3092 tionem
1400 3051 1504 3107 facile
1535 3053 1749 3140 cpi-ningere
1779 3054 1913 3109 potuite
1967 3055 2039 3109 Sed
2058 3056 2175 3099 Aldus
2199 3060 2236 3095 in

1585 3115 1598 3141 ι
1623 3113 1643 3144 '2
2141 3115 2236 3154 utra:
