2616 3686
511 164 1913 231 ⁴1.-113·1:·.R·1v.EPISTOLAXVI.
2169 198 2254 242 291

126 240 546 328 x<quemcumque
562 242 897 316 quaestorem
936 241 992 297 in
1026 245 1271 315 petendis
1304 247 1598 306 honoribus
1639 254 1653 277 ⁸
1691 256 1837 308 omni
1875 273 1980 326 ope
2007 292 2021 318 ,
2055 256 2265 323 labore,

149 326 314 397 gratia
342 336 357 356 ²
380 320 532 375 fimus
553 316 787 387 juvatur-i
809 353 826 379 ‚
878 330 1138 385 perquam
1178 315 1480 386 jucundum
1514 323 1668 378 nobis
1706 327 1836 388 erit,
1864 331 1931 379 ³11
1955 330 2009 381 in
2033 329 2267 384 eundern

142 394 476 466 [juvenem]
494 390 727 445 studium
754 385 989 442 nostrum
1019 386 1074 441 &
1107 390 1373 446 amicitiae
1402 410 1552 448 meae
1579 397 1631 450 δε
1669 397 1969 452 consulatus
2016 401 2091 452 tui
2127 401 2265 453 ratio

148 466 461 521 contulerit:
490 465 523 518 fi
553 462 787 532 denique
815 458 1062 529 precibus
1089 465 1225 541 meis
1254 477 1312 518 tu
1335 471 1354 496 ⁴
1379 467 1706 534 potiffimum
1733 468 1942 538 adjutor
1964 470 2233 526 accesseris
2251 508 2268 534 ‚

139 537 293 606 cujus
331 536 386 590 &
420 535 696 662 guffialgjsse
712 533 917 587 senatus
955 530 1293 590 libentisstme
1334 537 1649 612 indulgeat,
1686 540 1740 595 &
1776 541 2080 597 testimonio
2106 545 2268 615 pluri-

147 627 299 665 mum
325 626 414 663 cre
457 622 523 662 at.
701 645 713 658 .
1575 639 1584 648 .

245 743 416 801 XVI.

327 877 598 936 Hortatur
635 877 911 937 Valerium
948 879 1266 1010 Ριέιξίίὶνξκηὶ
1290 883 1366 937 ad
1380 884 1612 956 studium
1632 928 1652 955 ‚
1697 907 1811 945 cum
1833 891 1910 961 stt
1948 886 2114 943 adhuc

1037 967 1194 1008 eteros
1271 974 1405 1013 onor.

144 1054 449 1196 GAude
485 1072 648 1138 meo3
686 1053 860 1125 gaude
887 1065 985 1109 tuo
1015 1092 1031 1118 ‚
1071 1058 1248 1128 gaude
1281 1063 1442 1117 etiam
1472 1064 1688 1135 publico
1714 1066 1952 1120 nomine.
1999 1060 2018 1085 ⁶
2053 1064 2253 1124 Adhuc

294 1129 469 1184 honor
504 1129 685 1184 studiis
725 1127 897 1183 durat.
935 1129 1195 1186 Proxime
1232 1150 1356 1190 curn
1399 1136 1638 1193 dicturus
1681 1140 1821 1211 apud
1859 1139 2267 1202 Centumviros‚

2073 1208 2238 1266 effem

1234 1289 1530 1344 interrogatione,
1558 1295 1613 1332 ita
1635 1296 1821 1335 iuvaturus
1842 1294 1879 1331 in
1897 1291 2052 1343 paffiom·

492 742 557 796 C.
631 736 1078 817 Pennus
1143 742 1157 769 ⁵
1234 744 1775 807 PAULLINO
1851 750 2033 808 Suo
2106 751 2159 807 S.

142 1285 260 1326 flues?
287 1285 410 1337 quibus
437 1286 578 1336 gaudiis
608 1283 830 1336 exsultabis?
857 1284 985 1334 Vulgo
1008 1285 1167 1324 habent:

145 1350 215 1387 qua
247 1337 385 1376 laet-itia
411 1338 585 1386 perfruere
609 1347 623 1375 ,2
670 1337 737 1374 Par
769 1337 860 1374 ratio
893 1336 942 1373 est
967 1365 978 1381 ,
1018 1338 1170 1386 quando

147 1388 296 1426 Boetius
327 1388 354 1425 1.
386 1387 497 1424 Coni'.
531 1387 619 1425 Phil.
648 1387 757 1425 Prosa
789 1386 857 1424 IV.
890 1386 980 1425 dixit
1009 1400 1017 1424 z
1050 1388 1168 1426 Videre

147 1450 266 1477 autem
291 1438 411 1474 videor
437 1438 592 1483 nefarias
607 1437 860 1485 sceleratorum
892 1436 1048 1484 officinas
1077 1452 1171 1488 gau-

147 1489 203 1527 dio
227 1489 432 1537 laetitiaque
457 1486 645 1524 fluitantes.
674 1488 827 1523 Come.

201 1553 214 1577 1
247 1539 354 1575 Omni
384 1547 448 1586 ope.
472 1535 486 1585 ]
526 1537 631 1574 Haec
663 1536 711 1573 est
743 1536 904 1572 Medicei
929 1563 940 1579 ,
970 1537 1167 1577 Lindenbr.

147 1590 238 1627 item
270 1588 355 1626 Aldi
383 1589 613 1635 aliorumque
642 1585 821 1633 scriptura.
850 1585 1044 1634 Gryphio,
1073 1588 1168 1626 Gru-

148 1647 228 1677 tero
253 1650 458 1687 eorumque
473 1635 615 1674 adl‘eclis
626 1636 757 1684 placuit
768 1635 862 1672 omni
874 1645 984 1683 opera.
1014 1638 1167 1677 Helmst.

150 1692 188 1727 &
224 1691 290 1728 Ed.
326 1690 411 1726 Vct.
444 1687 537 1725 omm‘
573 1696 676 1736 opere.
726 1687 850 1724 Livius
885 1687 965 1723 Lib.
999 1687 1065 1723 IX.
1093 1700 1167 1738 cap.

150 1740 289 1778 XXVI.
320 1740 477 1776 Primum
499 1737 587 1787 ipsas
607 1747 800 1786 expugnare
822 1735 1028 1786 quaestiones
1062 1743 1167 1778 omni

151 1802 222 1840 ope
255 1789 372 1839 adnisi
394 1791 494 1838 sunt.
548 1789 676 1827 Similis
708 1788 856 1826 varietas
887 1789 1043 1826 occurrit
1071 1791 1168 1838 apud

153 1840 318 1889 Crispum
353 1842 433 1878 Cat.
466 1851 542 1888 cap.
575 1837 790 1875 XXXVIII.
812 1849 847 1876 n.
869 1850 903 1875 2.
957 1841 1095 1876 Contra
1118 1856 1168 1879 eos

148 1890 291 1937 summa
340 1902 412 1940 ope
455 1889 636 1928 nitebatur
666 1889 826 1939 pleraque
862 1887 1025 1926 nobilitas
1050 1918 1059 1934 ,
1108 1893 1168 1930 ubi

181 1938 255 1977 lura
297 1940 344 1978 de
376 1941 566 1978 vocabulo.
617 1940 802 1978 Praeterea
838 1939 1051 1978 auctoritate
1088 1941 1168 1983 libri

186 1989 317 2027 chicei
338 1992 489 2029 alterum
511 1990 605 2028 omm'
629 2018 639 2035 ,
676 1989 776 2039 quod
798 1992 882 2029 voci
903 1989 1020 2028 labore
1042 1991 1169 2030 adiun-

153 2038 301 2085 gebatur
327 2069 337 2084 ,
373 2041 612 2084 induximus;
651 2039 676 2077 fi
709 2051 798 2078 vero
827 2041 864 2079 id
895 2040 1091 2090 spreveris,
1120 2056 1165 2082 cx

152 2094 280 2129 ceteris
312 2092 486 2130 Voffiano
509 2120 520 2136 ‚
557 2090 710 2130 Helmst.
758 2092 958 2131 Lindenbr.
993 2092 1166 2142 Bongars.

151 2138 266 2178 Arna.
300 2143 338 2179 ὅ(
368 2141 435 2180 Ed.
468 2143 551 2180 Ver.
582 2141 778 2190 legendum
812 2145 878 2182 erit
905 2156 913 2181 ε
957 2146 1062 2183 omni
1088 2154 1167 2193 ope,

146 2194 257 2229 omni
278 2191 414 2237 labore,
441 2196 545 2231 omni
562 2194 684 2243 gratia
697 2191 810 2241 fimus
834 2195 999 2232 iuvaturi
1023 2224 1034 2239 ‚
1071 2207 1166 2245 quo-

150 2241 270 2326 tnodo
293 2244 480 2293 aliquoties
497 2244 628 2282 Cicero
642 2271 652 2289 ,
679 2245 738 2282 cui
757 2253 883 2283 tamen
905 2245 1064 2283 &altera
1077 2247 1168 2284 ratio

152 2296 294 2339 pacuit.

182 2353 223 2396 *2
253 2345 364 2381 simus
392 2343 586 2393 iuvaturi.]
616 2346 672 2384 Sic
693 2343 884 2384 Mediceus
906 2346 1039 2395 aliique
1063 2354 1170 2384 vetu-

149 2390 273 2447 stiores
297 2395 400 2433 MSS.
429 2396 509 2433 Nec
533 2393 683 2434 deseruit
704 2395 841 2441 Aldus,
869 2397 1054 2445 Gry-phius
1074 2405 1170 2434 cete-

151 2452 253 2498 tique
275 2445 439 2483 editores.
470 2444 623 2483 Tamen
643 2445 935 2494 Lindenbrogius
957 2445 1170 2490 adnotavit,

151 2502 189 2530 in
211 2495 283 2532 aliis
306 2495 374 2533 effe
396 2496 611 2534 adiuvaturi
636 2526 646 2542 ,
683 2496 785 2546 quod
808 2498 846 2534 δε
868 2508 935 2534 nos
958 2498 995 2534 in
1019 2496 1172 2535 Helmst.

154 2543 193 2580 ὃ(
225 2545 293 2583 Ed.
327 2547 412 2583 Vct.
451 2546 620 2585 videmus
646 2576 655 2592 ,
692 2549 728 2585 in
761 2548 834 2585 aliis
856 2546 1043 2590 adlaturi,
1070 2547 1172 2594 quod

153 2593 220 2630 nos
241 2596 389 2646 quidem
413 2597 575 2644 nuspiam
599 2599 807 2636 invenimus
833 2626 842 2642 ,
870 2596 934 2634 nisi
967 2597 1003 2633 in
1036 2599 1166 2646 margi-

152 2642 253 2683 nibus
297 2648 435 2696 aliquot
462 2648 718 2695 imprcfforum
741 2676 751 2690 .
787 2651 824 2687 &
861 2647 904 2684 ab
950 2647 1170 2688 admiratore

184 2694 314 2735 nodam
359 2699 696 2736 Grammaticoxum
733 2699 956 2737 substitutum
985 2695 1055 2735 esse
1087 2710 1172 2737 cen-

177 2751 283 2786 emus.
333 2755 552 2785 lavaturam
596 2748 787 2787 firmabant
818 2749 931 2797 vulgo
964 2759 1009 2786 ex
1038 2748 1172 2787 Sallust.

167 2787 240 2837 lug·
267 2807 338 2847 cap.
383 2798 543 2837 XLVII.
597 2812 631 2837 n.
679 2811 712 2836 2.
760 2800 823 2838 ubi
868 2801 966 2848 plura
1015 2798 1059 2836 de
1104 2801 1172 2838 hac

172 2835 283 2879 forma
311 2851 442 2887 notavi.
492 2850 561 2889 Sed
593 2850 653 2889 iste
676 2849 827 2900 quidem
848 2851 950 2887 locus
972 2849 1009 2886 in
1033 2851 1172 2888 mendo

173 2887 292 2937 cubat,
316 2906 353 2935 ut
370 2898 437 2936 illic
456 2901 613 2950 pluribus
623 2901 878 2938 demonstravi.
909 2901 1172 2939 Recentiorum

175 2941 378 2997 tamen—est,
402 2959 441 2987 ut
457 2951 643 2996 Petronii,
669 2951 835 2990 Frontini
862 2965 870 2988 :
898 2950 994 2988 addo
1016 2954 1053 2988 ἃ
1076 2952 1174 2990 Ter-

175 2986 367 3045 tulliam-de
379 2995 475 3048 Fuga
496 3003 531 3039 in
553 3002 728 3040 Persecut.
748 3013 825 3052 cap.
847 3001 952 3038 XIV.
977 3011 1065 3038 extr.
1097 3009 1172 3038 Ha-

172 3035 285 3076 b‘nm
304 3044 430 3094 ‘Psmm
449 3052 506 3100 qui
533 3062 591 3102 pro
622 3053 715 3092 nobis
744 3055 808 3093 erit
825 3053 916 3103 sicut
937 3051 1111 3091 locuturus
1139 3054 1174 3091 in

1293 1355 1311 1393 3
1341 1346 1376 1382 si
1397 1347 1436 1383 in
1457 1348 1617 1384 eumdem
1637 1348 1825 1386 iuvenem.
1850 1344 1866 1395 ]
1897 1345 2074 1394 Optimus
2103 1344 2268 1385 vocabu*

1240 1393 1318 1431 lum
1341 1396 1514 1435 ultimum
1536 1401 1697 1446 ignorat,
1731 1399 1769 1435 ὃς
1791 1396 1929 1446 potest,
1953 1396 2045 1433 salva
2066 1395 2240 1436 sententia
2254 1426 2267 1443 ‚

1242 1444 1368 1483 abeffe.
1417 1448 1713 1496 Lindcnbrogius
1747 1452 1858 1485 etiam
1881 1446 2048 1484 codicem
2073 1447 2265 1493 tractavit,

1241 1497 1276 1531 in
1301 1508 1377 1544 quo
1400 1509 1478 1535 non
1498 1499 1694 1546 legebatur.

1290 1558 1314 1592 4
1341 1547 1546 1587 Potiffimus
1580 1550 1724 1586 adiutor
1760 1545 1978 1597 accefferis.]
2027 1547 2081 1585 Ita
2114 1549 2267 1598 quidem

1242 1596 1353 1644 vulgo
1385 1597 1569 1644 edebant,
1608 1602 1647 1638 ὃς
1677 1600 1876 1648 elegantiae
1898 1606 2025 1646 putant
2050 1611 2058 1634 ε
2081 1597 2115 1645 fi
2134 1610 2174 1635 tu
2197 1611 2266 1648 po·-

1240 1647 1390 1685 tiffimus
1413 1650 1553 1687 adiutor
1575 1652 1748 1697 accesseris.
1799 1651 1934 1697 Neque
1956 1659 2026 1696 ego
2049 1648 2086 1686 id
2107 1659 2266 1697 negave-

1241 1698 1331 1735 rim:
1360 1698 1455 1736 adeo
1479 1701 1593 1737 multa
1616 1701 1846 1743 succurrunt,
1874 1698 1936 1736 ubi
1943 1698 2118 1747 plurimus
2133 1727 2143 1744 ‚
2170 1701 2266 1738 mul-

1222 1757 1321 1792 rus,
1344 1750 1502 1798 primus,
1522 1751 1693 1798 subdolus
1709 1779 1720 1795 ,
1747 1749 1836 1786 citus
1861 1777 1872 1794 ,
1911 1753 2100 1786 nocturnus
2124 1751 2268 1801 aliaque

1239 1799 1432 1838 innumera
1453 1812 1519 1849 pro
1538 1802 1733 1840 Adverbiis
1755 1808 1963 1850 ponuntur:
1989 1799 2034 1837 ad
2057 1813 2169 1850 quam
2191 1802 2267 1839 for-

1239 1859 1341 1886 mam
1363 1849 1413 1888 D.
1435 1852 1694 1901 Hieronymus
1717 1850 1826 1901 Epist.
1846 1850 1892 1888 ad
1914 1851 2115 1889 Marcellin.
2138 1853 2177 1890 &
2213 1854 2270 1891 A·

1238 1901 1408 1949 napsych.
1430 1913 1509 1952 pag.
1534 1904 1615 1951 318.
1643 1903 1762 1942 Tom.
1785 1902 1831 1940 Π.
1863 1907 1907 1939 Ut
1926 1902 2128 1951 rescriptum
2155 1915 2267 1942 mere-

1237 1963 1293 1987 rer
1308 1979 1318 1995 ,
1345 1963 1388 1991 ω’
1410 1967 1472 1990 vos
1496 1953 1553 2004 esse
1569 1955 1709 2005 sospites
1727 1984 1737 2000 ,
1778 1967 1847 1991 non
1879 1952 1958 1990 aliis
1991 1953 2267 2000 nunciantibus,

1228 2000 1294 2057 [ed
1315 2002 1426 2049 vestro
1449 2005 1636 2053 notiffimo
1653 2006 1812 2055 sermone
1832 2004 2154 2054 cognoscerem.hoc
2167 2005 2267 2045 'enim

1237 2063 1274 2088 in
1306 2053 1499 2093 castiffimis
1532 2057 1754 2095 membranis
1775 2055 1923 2099 visitur,
1954 2066 2028 2092 non
2051 2055 2267 2104 potiffimum.

1239 2103 1310 2141 Sed
1345 2115 1431 2144 cum
1464 2108 1558 2145 haec
1588 2107 1764 2155 elegantia
1800 2107 2013 2155 displicuerit
2050 2105 2267 2145 Veterrimo

1239 2154 1415 2194 Mediceo
1429 2185 1440 2202 ,
1467 2159 1531 2207 qui
1548 2158 1757 2207 potiffimum
1777 2156 1950 2207 praestat,
1972 2158 2079 2205 eique
2101 2159 2267 2198 accinant

1242 2205 1441 2244 Lindenbr.
1472 2208 1629 2246 Helmst.
1663 2211 1701 2247 ὃς
1732 2208 1800 2247 Ed.
1830 2207 1918 2245 Vet.
1950 2207 2061 2243 malui
2094 2219 2178 2244 cum
2211 2208 2265 2244 his

1241 2253 1384 2302 facere,
1413 2269 1525 2306 quam
1559 2270 1644 2295 cum
1677 2257 1948 2296 correetoribus.
1989 2256 2111 2293 Simile
2133 2257 2266 2296 vitium

1245 2305 1436 2346 observavi
1457 2308 1554 2357 apud
1576 2309 1776 2346 Maronem
1799 2307 1849 2343 V.
1871 2305 2027 2343 Aeneid.
2048 2317 2098 2344 vs.
2123 2318 2206 2353 170.

1291 2394 1406 2480 }adit
1429 2396 1495 2433 iter
1515 2396 1659 2434 laevum
1681 2394 1851 2440 interior,
1878 2394 2058 2444 subitoque
2075 2394 2228 2444 priorem

1321 2456 1477 2484 '‘aetern-

1244 2543 1299 2581 Sic
1312 2542 1480 2592 scriptum
1492 2540 1575 2580 vide
1588 2542 1623 2580 in
1636 2539 1808 2578 undecim
1823 2536 1941 2578 Codd.
1955 2538 2262 2587 membranaceis,

1243 2595 1279 2630 in
1300 2595 1426 2643 quibus
1449 2592 1523 2630 duo
1549 2593 1733 2630 veterrimi
1756 2591 1915 2629 Gudiani
1930 2619 1940 2636 ‚
1967 2602 2060 2628 unus
2079 2591 2173 2628 Petri
2186 2591 2265 2628 Da-

1243 2645 1341 2682 nielis
1365 2645 1429 2683 illis
1449 2651 1566 2682 aetate
1589 2644 1785 2692 proximus.
1832 2641 1879 2679 Et
1899 2651 2025 2679 tamen
2047 2642 2158 2689 vulgo
2189 2641 2263 2680 edi-

1241 2701 1321 2732 tur:
1350 2695 1547 2743 subitusque
1563 2693 1711 2743 priorem
1740 2693 1924 2730 praeterit.
1952 2692 2049 2728 lnfra
2079 2692 2165 2729 editi
2198 2692 2265 2729 ob-

1243 2745 1425 2784 ferebant:
1451 2746 1544 2782 cuius
1561 2745 1708 2793 senatus
1730 2754 1774 2781 cf
1789 2741 2178 2792 stcffiagio-libentffme
2188 2743 2264 2780 ind.

1243 2795 1373 2833 Noster
1387 2796 1520 2846 politus
1534 2794 1729 2832 verborum
1744 2794 1919 2831 Mediceo
1933 2793 2093 2831 debetur.
2107 2793 2191 2829 Con
2201 2806 2263 2831 τε.

1294 2860 1310 2894 5
1345 2852 1558 2884 VALERIO
1583 2849 1845 2881 PAULLINO
1867 2849 1896 2880 S.
1918 2843 1933 2893 ]
1974 2843 2141 2890 Bongars.
2165 2843 2264 2880 Vale-

1243 2896 1340 2934 riano
1374 2897 1536 2936 paullino
1566 2901 1642 2933 Suo.
1690 2895 1865 2944 Optimus
1898 2893 2192 2932 tantummodo:
2220 2899 2263 2933 C.

1242 2949 1336 2985 Ptin.
1369 2949 1533 2986 paullino
1565 2953 1629 2983 suo
1654 2975 1665 2988 ,
1701 2945 1898 2995 quomodo
1921 2944 2146 2984 scribendum
2169 2942 2265 2991 effe,

1240 3008 1296 3036 tot
1318 3000 1407 3038 aliae
1431 2997 1609 3048 Epistolae
1633 2997 1779 3034 docent.

1289 3051 1312 3088 6
1342 3050 1474 3090 Adhuc
1493 3048 1601 3136 bong
1623 3046 1783 3100 audax]
1813 3046 1904 3087 Illud
1917 3045 2033 3085 adhuc
2044 3046 2262 3133 superfluurtu

1615 3109 1639 3135 o
1668 3110 1686 3135 z.
2193 3103 2224 3134 el
2252 3122 2264 3141 ,
