2616 3686
561 185 909 241 LIBER
976 179 1707 230 IX.EPISTOLA
1775 181 2020 234 XXXVI.
2220 195 2318 252 699

339 268 526 326 Uaeris
551 306 568 331 ‚
624 271 639 295 ¹
687 259 1155 335 quemadmodum
1205 258 1262 309 in
1310 255 1506 311 Tuscis
1560 258 1704 311 diem
1753 258 1944 313 aestate
1992 263 2271 336 disponam
2299 288 2311 322 ε

347 345 554 418 Evigilo
584 380 599 404 ‚
653 355 781 393 cum
818 335 971 390 libuit
1000 372 1018 396 ,
1071 332 1394 403 plerumque
1444 332 1586 385 circa
1628 332 1818 386 horam
1857 336 2084 404 primam
2107 377 2123 401 ,
2159 340 2314 413 saepe

178 438 208 462 ³
239 444 362 485 ante
380 462 396 486 ,
442 419 642 475 tardius
665 430 787 468 raro
820 450 837 476 ,
894 407 1096 464 clausae
1115 404 1374 461 fenestrae
1396 420 1614 460 manent
1639 424 1650 461 ε
1705 412 1720 441 ³
1742 409 1874 461 mire
1897 410 2040 462 enim
2065 411 2270 468 silentio
2287 455 2303 479 ,

183 510 234 559 δε
263 499 494 558 tenebris
515 493 720 548 animus
751 487 923 541 alitur.
996 490 1016 518 ⁴
1035 483 1124 537 Ab
1147 483 1241 546 iis,
1282 498 1420 553 quae
1445 495 1704 544 avocant,
1746 481 2032 545 abdu&u3,
2073 486 2126 538 δε
2153 488 2302 553 liber,
2326 505 2352 538 z

182 579 238 634 &
263 579 394 633 mi'ni
417 568 661 630 relietus,
702 581 814 618 non
846 558 1035 615 oculos
1066 559 1249 612 animo
1274 593 1290 619 ‚
1343 555 1437 611 sed
1469 557 1708 611 animum
1735 558 1905 610 oculis
1934 557 2130 629 sequor
2154 598 2170 622 ,
2209 566 2303 633 qui

179 661 195 691 s
226 653 418 708 eadem
441 663 577 719 quae
602 657 750 696 mens
775 637 962 692 vident
979 674 991 697 ‚
1017 634 1232 706 quoties
1259 649 1370 685 non
1391 631 1578 686 vident
1603 633 1712 686 alia.
1788 631 1994 703 Cogito
2019 631 2054 685 fi
2079 634 2212 706 quid
2240 638 2294 691 in

185 727 449 788 manibus,
462 727 481 752 ⁶
493 722 677 790 cogito
690 714 757 768 ad
771 711 995 768 verbum
1010 707 1264 763 scribenti
1279 707 1696 779 emendantique
1713 704 1902 761 similis:
1919 725 2063 761 nunc
2079 711 2297 780 paucio-

182 825 271 866 ra,
299 818 441 856 nunc
464 797 715 869 plura,ut
743 789 828 843 vel
854 783 1107 846 difficile,
1135 784 1218 839 vel
1239 783 1393 836 facile
1415 784 1698 852 componi,
1726 784 1965 836 tenerive
1981 797 2294 854 potuerunt.

183 879 471 938 Notarium
493 887 664 931 voco,
702 864 786 927 &‚
811 864 898 918 die
933 856 1157 915 admisso
1184 896 1201 921 ‚
1243 864 1260 893 ⁷
1303 874 1441 928 quae
1479 857 1836 910 formaveram
1862 895 1880 920 ‚
1931 857 2094 912 dicio.
2146 859 2295 923 abit,

181 952 470 1025 rursusque
521 955 852 1002 revocatur,
909 936 1198 1007 rursusque
1248 934 1560 987 remittitur.

234 1142 347 1191 aa

1661 929 1767 984 Ubi
1814 930 1942 986 hora
1986 946 2185 1019 quarta·
2214 937 2346 1008 vel3

2096 1021 2308 1080 quinta:

333 1136 601 1178 uemadmodum
627 1134 664 1172 in
694 1131 806 1181 Tusbis
838 1129 928 1167 diem
959 1124 1085 1172 aestate
1106 1123 1213 1174 dispo—
1265 1122 1358 1161 Edd.
1383 1121 1532 1166 laborat,
1561 1120 1802 1169 Conjuiigunt
1823 1119 1942 1158 enim:
1966 1121 2104 1158 animus
2126 1122 2235 1159 alitur
2254 1124 2298 1160 ab

181 1196 308 1242 nam]
338 1190 529 1229 Habebant
551 1189 674 1235 itaque
697 1182 840 1233 praedia
852 1179 1013 1218 Romani
1032 1186 1234 1224 proceres,¹
1256 1187 1301 1211 τις
1323 1201 1333 1217 ,
1362 1187 1447 1225 quae
1465 1183 1621 1210 avocant
1647 1200 1657 1217 ,
1684 1172 1865 1208 abdanus.
1920 1172 2066 1209 Rebilus
2090 1172 2166 1220 post
2186 1174 2295 1211 alitur

181 1246 243 1282 ubi
261 1245 414 1282 hiberno
442 1241 529 1278 anni
547 1245 714 1285 tempore
750 1241 815 1282 (ut
837 1229 1093 1267 Laurentinum
1110 1227 1212 1264 suum

179 1295 336 1344 Plinius)
367 1295 404 1332 ὅ(
428 1292 539 1329 rursus
560 1289 623 1326 alia
637 1285 717 1332 ,ubi
736 1295 800 1334 per
822 1281 990 1320 aestatem
1009 1277 1215 1335 secedentes

180 1348 249 1396 (ut
272 1344 504 1394 Tusculanum
534 1340 635 1379 suum
661 1336 818 1382 Noster)
848 1334 1033 1382 degerent.
1061 1328 1215 1386 Huberna

180 1399 220 1435 &
244 1397 392 1447 Aestiva
412 1391 572 1432 castrensi
596 1388 777 1428 vocabulo
800 1385 920 1422 Varro
941 1388 1049 1438 vocat
1074 1380 1213 1417 Lib.II.

180 1447 226 1487 de
246 1458 285 1485 re
303 1448 426 1484 rustica
452 1456 528 1492 cap.
549 1443 577 1480 l.
603 1448 782 1479 extremo.
810 1435 900 1474 lnde
919 1433 1087 1478 aestivare
1106 1457 1118 1475 ‚
1155 1441 1219 1478 per

181 1498 352 1537 aestatem
375 1498 411 1534 in
431 1491 565 1532 secessu
585 1493 709 1529 vivere
731 1488 908 1525 Suetonio
929 1483 978 1522 est
999 1483 1113 1520 Galba
1140 1493 1216 1529 cap.

181 1549 251 1586 IV.
278 1550 316 1586 &
334 1543 554 1594 Vespasiano
572 1553 650 1589 cap.
666 1538 809 1576 XXIV.
834 1537 859 1573 Β
873 1549 896 1572 u
914 1547 934 1571 c
951 1546 973 1570 Η
992 1545 1015 1568 Ν
1032 1543 1050 1568 ε
1065 1545 1105 1570 R.
1157 1532 1217 1570 De

180 1598 362 1642 formula,
388 1596 480 1633 diem
502 1593 689 1642 disponere,
718 1590 814 1635 plura
825 1587 978 1623 Pieliena
993 1586 1028 1619 ὅ(
1043 1582 1200 1619 Gronov

180 1649 227 1688 ad
251 1650 371 1687 Tacit.
400 1647 523 1684 Germ.
552 1654 628 1691 cap.
645 1638 758 1678 XXX.
787 1636 920 1686 differre
943 1637 1112 1690 impetus-7
1141 1633 1195 1670 dis

182 1710 324 1750 ponere
365 1696 464 1735 diem
487 1723 496 1740 ‚
534 1693 674 1730 vallare
705 1691 821 1726 nostes.
873 1687 1004 1724 Noster
1044 1686 1121 1721 ill).
1144 1686 1213 1721 ΠΙ.

180 1749 291 1799 Epist.
313 1750 337 1786 l.
363 1759 400 1786 n.
423 1759 441 1784 2
497 1750 558 1782 Me
576 1753 691 1780 autem
713 1751 752 1777 ut
781 1748 888 1776 certus
902 1737 1053 1785 fiderum
1073 1736 1189 1783 cursus
1203 1763 1212 1778 ‚

1259 1225 1365 1273 plena
1385 1225 1561 1262 dillintstio
1585 1226 1741 1272 ponitur.
1795 1222 1971 1270 Scriptura
2001 1223 2152 1259 Helmst.
2186 1226 2298 1263 ArnZ.

1263 1277 1301 1313 &
1331 1275 1399 1313 Ed.
1420 1276 1505 1313 Vet.
1524 1276 1597 1312 talis
1617 1274 1664 1311 est
1686 1286 1695 1312 :
1735 1274 1826 1312 Mire
1842 1274 1933 1311 enim
1952 1286 2027 1310 cum
2043 1272 2221 1321 silentium
2244 1288 2290 1315 ω’

1263 1326 1422 1364 tenebrae
1440 1328 1486 1362 ab
1508 1326 1563 1370 hir
1579 1353 1589 1370 ,
1617 1338 1705 1375 quae
1728 1334 1794 1363 cet.

1314 1389 1350 1424 4.
1377 1377 1438 1414 Ab
1457 1377 1497 1415 iis
1511 1405 1521 1418 ,
1549 1389 1636 1427 quae
1655 1383 1811 1414 avocant
1832 1403 1842 1420 ‚
1878 1375 2086 1426 abductius]
2119 1375 2170 1413 lta
2190 1374 2293 1415 Voff.

1264 1428 1332 1465 Ed.
1354 1428 1438 1467 Vet.
1460 1427 1574 1465 Aldus
1606 1428 1644 1463 &
1673 1427 1750 1476 post
1780 1427 1935 1476 impressi
1967 1438 2128 1464 omnes:
2169 1426 2293 1476 estque

1264 1479 1415 1517 verbum
1438 1490 1585 1516 avocare
1605 1489 1651 1514 ex
1673 1478 1735 1515 illis
1750 1505 1760 1521 ‚
1785 1479 1912 1527 quibus
1939 1477 2067 1514 Noster
2089 1477 2298 1517 deleetatur.

1266 1531 1363 1568 Vide
1395 1530 1473 1568 Lib.
1493 1532 1520 1567 1.
1558 1528 1664 1577 Epist.
1684 1530 1751 1566 111.
1776 1540 1813 1566 n.
1834 1541 1869 1566 2.
1904 1528 2011 1578 Epist.
2030 1528 2173 1566 XXIV.
2199 1540 2235 1566 n.
2259 1540 2296 1578 3.

1265 1582 1303 1618 δε
1321 1582 1464 1631 paffim.
1491 1593 1578 1631 quae
1598 1589 1749 1616 avocant
1768 1590 1904 1627 nempe
1923 1590 1942 1615 a
1955 1579 2243 1617 meditationibus
2257 1583 2296 1617 ὅ(

1264 1634 1467 1671 intentione
1489 1632 1613 1669 animi.
1641 1630 1791 1668 Tamen
1818 1630 1970 1667 Helmst.
1991 1631 2153 1667 &Arnz.
2175 1630 2220 1666 ab
2240 1630 2295 1676 iis,

1270 1697 1358 1733 quae
1376 1685 1556 1721 advocant
1576 1709 1586 1724 ‚
1613 1681 1782 1717 abduc-lus
1807 1707 1818 1722 ‚
1857 1691 1952 1728 quae
1980 1681 2061 1718 licet
2082 1681 2159 1718 alibi
2181 1682 2290 1719 etiam

1263 1734 1553 1774 confundantur,
1582 1739 1623 1768 ut
1642 1732 1676 1768 ll.
1697 1741 1748 1768 cc.
1769 1730 1890 1769 videre
1912 1732 2067 1779 poteris,
2093 1732 2149 1769 hic
2167 1739 2291 1770 tamen

182 1801 235 1839 ita
264 1800 334 1839 vita
362 1798 541 1836 hominum
575 1791 736 1841 dispositi
769 1789 914 1827 detestat
936 1802 947 1831 ;
990 1788 1028 1822 &
1062 1785 1142 1822 Lib.
1166 1787 1213 1822 II.
1259 1785 1422 1823 additum
1442 1784 1611 1820 abductus
1632 1781 1914 1831 quodammodo
1932 1782 2110 1820 advocant
2131 1783 2223 1820 tueri
2239 1784 2294 1822 vi-

182 1851 292 1901 Epist.
311 1849 377 1888 XI.
402 1860 439 1886 n.
462 1858 519 1891 17.
545 1846 604 1883 vir
624 1843 807 1895 dispositus.

1260 1834 1375 1873 detur.
1403 1847 1489 1886 quae
1510 1835 1712 1876 advocant,
1739 1832 1760 1871 i.
1777 1845 1870 1883 quae
1888 1831 2102 1877 advertunt,
2130 1834 2286 1879 faciunt,

233 1913 272 1940 2.
305 1898 440 1948 Ante]
467 1898 625 1935 Primam
638 1896 709 1932 diei
728 1894 871 1931 horam.
897 1888 929 1925 E
949 1887 1088 1928 filentio
1111 1891 1209 1927 enim
1262 1894 1301 1923 ut
1323 1888 1362 1924 iis
1383 1885 1632 1924 adtendamus.
1684 1885 1782 1930 Quia
1812 1893 1935 1921 tamen
1965 1884 2119 1921 alterurn
2152 1885 2291 1923 auctori

186 1952 225 1990 &
248 1950 403 1990 tenebris
419 1958 559 1985 animus
578 1947 678 1984 alitur
702 1973 713 1990 ‚
739 1954 823 1981 cum
843 1950 922 1978 non
938 1939 1146 1978 disturbatur
1167 1941 1210 1978 ab
1260 1937 1464 1975 familiarius
1485 1938 1531 1974 eli
1546 1963 1555 1980 ,
1581 1937 1665 1973 loco
1685 1945 1761 1971 non
1781 1945 1972 1971 moveam.

184 2001 329 2052 aspeetu
349 2001 493 2047 alicujus
518 1999 567 2036 rei
630 1999 727 2034 :isam
745 2005 828 2031 cum
851 1990 893 2028 fit
913 1992 1037 2028 oculus
1058 2003 1121 2028 cor
1141 1992 1210 2029 ho-

1311 2000 1343 2036 5.
1371 1989 1627 2036 Eadem,quae
1650 1997 1744 2021 mens
1767 1985 1926 2034 vident.]
1956 1984 2171 2032 Cogitantid
2183 1985 2285 2034 quod

184 2054 291 2092 minis
313 2050 510 2090 secundum
533 2048 705 2091 Plinium,
733 2046 771 2083 &
791 2044 827 2081 in
845 2053 893 2079 eo
912 2042 1053 2079 animus
1072 2042 1207 2080 inhabi-
1258 2049 1374 2078 mens.
1400 2042 1496 2076 {Nam
1518 2038 1661 2074 illorum
1685 2035 1847 2074 officium
1869 2037 2021 2073 refertur
2038 2035 2083 2072 ad
2104 2040 2287 2082 animum,

182 2111 271 2148 tet,
310 2112 514 2150 magnaque
535 2098 703 2146 rogitatio
731 2097 903 2132 obcaecet
921 2092 1079 2131 adduCto
1109 2093 1205 2130 intus

183 2154 260 2193 visu
274 2181 283 2197 ‚
311 2151 482 2201 quicquid
500 2149 624 2188 viderit
641 2147 754 2185 statim
773 2151 937 2194 penetrat
964 2143 1049 2181 illud
1072 2156 1081 2181 ε
1120 2144 1207 2182 inde

183 2216 263 2243 non
284 2204 335 2242 est
353 2203 483 2240 mirum
505 2229 516 2245 ,
552 2199 578 2237 fi
597 2198 841 2236 intentionem
864 2194 1009 2232 subinde
1028 2194 1207 2232 disturbet.

183 2256 223 2293 &
236 2254 484 2293 monumentis
496 2249 643 2289 traditur
656 2276 666 2292 ,
681 2246 937 2285 Democritum
953 2245 1204 2294 philosophum

120 2314 125 2318 '
183 2306 244 2344 sua
265 2306 393 2355 sponte
411 2303 522 2341 oculis
539 2308 683 2348 captum
709 2326 719 2340 ,
745 2298 829 2346 quia
848 2296 1084 2340 existimaret,
1110 2297 1208 2344 cogi-

183 2357 338 2396 tationes
359 2351 763 2397 commentationesque
786 2347 899 2384 animi
918 2346 969 2384 sui
989 2346 1025 2383 in
1040 2355 1206 2385 contern-

184 2408 320 2457 planctis
339 2413 485 2443 naturae
512 2400 705 2439 rationibus
735 2397 935 2445 vegetiores
954 2399 990 2433 δε
1012 2396 1208 2434 exac'tiores

185 2463 266 2497 tore
283 2486 293 2502 ‚
321 2456 346 2494 fi
368 2467 426 2494 eas
446 2452 594 2492 videndi
611 2448 850 2490 illecebriS,&
873 2446 1067 2485 oculorum
1089 2449 1207 2495 impe-

187 2508 355 2548 dimentis
382 2502 568 2544 liberasset.
594 2510 802 2550 quanquam
830 2496 997 2533 Laberius
1017 2498 1122 2535 aliam
1143 2499 1208 2535 hu·

185 2560 240 2609 ius
266 2557 444 2598 caecitatis
461 2554 602 2594 causam
622 2552 750 2589 referat
781 2546 929 2585 auctore
962 2548 1092 2586 Gellio.
1127 2547 1212 2586 Ca-

189 2622 214 2648 τ
226 2623 246 2649 Α
260 2624 297 2648 u.
913 2642 915 2644 .

242 2671 277 2711 3.
304 2659 394 2697 Mire
413 2656 504 2695 enim
519 2654 654 2707 filentio
675 2662 717 2690 ω’
736 2648 880 2688 tenebris
907 2648 1046 2684 animus
1063 2647 1210 2697 alitum]

192 2710 285 2748 Eam
306 2711 355 2748 ob
371 2707 509 2748 causam
529 2705 676 2743 noctem
699 2705 845 2747 ἑε-φρόνκι·
873 2700 1039 2736 dixerunt
1057 2699 1211 2742 Graeci,

197 2771 220 2795 a
237 2760 311 2799 bene
331 2757 548 2807 intelligendo
572 2784 582 2799 ‚
609 2755 653 2791 de
676 2764 752 2802 quo
775 2749 978 2787 Plutarchus
998 2748 1042 2785 de
1064 2747 1208 2785 curiosi-

197 2815 278 2848 tate.
313 2811 408 2849 Vide
425 2807 712 2857 Quinctilianum
737 2803 805 2840 Lib
836 2802 881 2839 X.
908 2812 982 2848 cap.
1003 2801 1066 2837 111.
1093 2799 1152 2835 sub
1172 2798 1210 2835 fi-

201 2869 297 2898 nem.
322 2860 346 2896 B
359 2875 379 2897 u
393 2872 412 2898 c
427 2872 449 2896 n
463 2872 487 2896 u
503 2870 524 2895 ε
537 2873 573 2896 a.
603 2857 643 2893 ln
667 2853 804 2892 Hermu
848 2854 952 2888 Arm..
978 2849 1065 2886 Edd.
1079 2849 1161 2886 Vet.
1174 2860 1214 2887 ac

202 2907 340 2946 Aldinis
357 2910 593 2948 desiderantur
615 2916 726 2944 voces
747 2904 886 2941 animus
902 2901 1030 2942 alitur3
1058 2899 1216 2936 Voffian.

204 2965 344 2996 tantum
368 2960 587 2997 vocabulum
615 2959 752 2995 animus
773 2958 912 3003 ignorat
979 2951 1045 2988 Sed
1076 2951 1216 2987 Adver-

1254 2100 1342 2126 cum
1364 2101 1442 2127 non
1461 2088 1697 2128 distrahuntur
1712 2087 1750 2124 in
1766 2086 1929 2125 videndis
1948 2087 2164 2135 corporibus.
2199 2087 2231 2124 C
2245 2102 2288 2133 aq

1256 2152 1283 2178 T
1295 2153 1317 2176 Α
1331 2153 1369 2177 N.

1307 2192 1342 2229 6.
1369 2191 1486 2242 Cogito
1510 2189 1555 2228 ad
1576 2189 1764 2238 verbum]
1804 2188 1945 2236 Singula
1972 2188 2078 2228 verba
2099 2187 2284 2234 diligenter

1256 2243 1439 2280 examino.
1469 2242 1616 2279 IDEM.
1668 2238 1878 2287 Suspeetum
1917 2241 2005 2278 mihi
2042 2239 2092 2275 ad
2125 2238 2283 2276 verbum.

1255 2291 1364 2331 Forte
1382 2293 1431 2329 ad
1448 2306 1582 2329 verum.
1611 2291 1638 2327 B
1654 2305 1674 2326 A
1689 2305 1707 2327 a
1721 2302 1748 2326 T
1762 2302 1797 2325 u.
1825 2289 1970 2327 Rectius
1983 2290 2181 2326 Catanaeus
2196 2316 2204 2329 ,
2219 2290 2282 2336 qui

1254 2343 1348 2380 bene
1367 2342 1454 2379 illud
1475 2343 1524 2379 ad
1541 2341 1686 2378 verbum
1703 2339 1876 2387 exposuit.
1901 2340 2011 2378 Simili
2028 2339 2104 2375 fere
2124 2338 2282 2378 diffitione

1256 2393 1334 2430 usus
1354 2393 1403 2430 est
1431 2393 1511 2430 Lib.
1533 2392 1546 2429 Ι
1591 2391 1693 2439 Epist.
1711 2390 1796 2427 XV.
1834 2401 1871 2428 n.
1893 2402 1924 2428 Ι.
1959 2389 2005 2427 ad
2022 2387 2130 2427 assem
2152 2390 2282 2439 impen-

1256 2444 1350 2481 dium
1371 2444 1500 2480 reddes.
1539 2441 1772 2489 Quin6‘tilian.
1812 2440 1889 2477 Lib.
1913 2442 1994 2478 VII.
2021 2451 2097 2489 cap.
2115 2440 2181 2477 IV.
2212 2445 2281 2477 La-

1257 2496 1328 2532 tine
1348 2494 1391 2531 ad
1412 2494 1562 2532 verbum
1597 2493 1807 2542 translatum
1837 2503 1903 2527 non
1928 2492 2075 2528 invenio.
2106 2492 2143 2526 &
2167 2502 2277 2528 rnox:

1258 2545 1380 2582 Latini
1414 2544 1474 2582 hoc
1511 2556 1638 2594 quoque
1674 2543 1718 2581 ad
1754 2539 1905 2579 verbum
1941 2555 2008 2579 non
2051 2542 2282 2586 transferunt.

1262 2596 1341 2633 Lib.
1359 2595 1425 2632 XI.
1454 2607 1529 2643 cap.
1550 2597 1595 2632 II.
1629 2593 1719 2631 illud
1748 2605 1873 2643 quoque
1902 2592 1947 2630 ad
1968 2592 2116 2630 verbum
2135 2602 2278 2639 ponere,

1258 2647 1422 2696 optimum
1436 2646 1559 2692 fuerit.
1585 2646 1630 2683 ita
1643 2646 1691 2681 ad
1701 2645 1856 2682 litteram
1877 2642 1975 2680 idem
1991 2643 2113 2679 Fabius
2128 2642 2283 2680 1.]11).1Χ.4

1257 2709 1333 2743 cap.
1353 2697 1380 2734 I.
1407 2710 1505 2746 quem
1525 2696 1654 2733 duobus
1666 2695 1711 2732 ab
1732 2709 1765 2732 eo
1781 2693 1876 2731 libris
1896 2695 2087 2730 traciarum
2107 2693 2214 2728 locum
2234 2690 2280 2729 ad

1255 2750 1404 2785 litteram
1423 2746 1560 2796 subjeci.

1311 2807 1344 2843 7.
1371 2797 1479 2848 Qae
1503 2799 1742 2839 formaveram
1763 2822 1774 2838 ,
1818 2792 1944 2842 difie]
1979 2793 2001 2830 i.
2033 2804 2126 2841 quae
2155 2800 2284 2831 mente

1262 2855 1366 2884 antea
1404 2849 1441 2883 ὃ(
1478 2846 1713 2883 meditatione
1750 2844 1903 2890 concepi
1925 2870 1936 2887 ,
1971 2843 2047 2880 stilo
2074 2843 2283 2889 excipienda

1265 2897 1374 2934 dic‘to.
1408 2897 1515 2934 MSS.
1550 2894 1658 2932 nostri
1689 2895 1725 2931 &
1755 2893 1821 2930 Ed.
1853 2893 1939 2931 Vet.
1963 2893 2051 2930 ista:
2081 2894 2182 2930 diero.
2209 2894 2285 2931 abit

1266 2948 1464 2996 rursusque.
1495 2946 1690 2983 omittunt:
1722 2944 1818 2981 unde
1837 2941 1935 2980 Voff
1965 2943 2080 2981 fecit:
2109 2947 2285 2994 quaeser-

204 3009 304 3046 bium
326 3009 407 3045 mire
423 3007 633 3057 singulariter
654 3009 1063 3057 patrocinaturreceptae
1076 3001 1217 3050 scriptu·
1268 3011 1451 3034 maveram
1473 3006 1679 3035 motantur.
1706 2996 1887 3046 rursusque
1903 2994 2108 3032 demittitur.
2148 2994 2209 3031 llle
2231 2994 2289 3031 de-

207 3070 266 3099 rae
285 3087 297 3105 ,
323 3069 414 3108 quae
445 3066 567 3098 tamen
604 3061 642 3098 ὅ(
675 3058 746 3108 ipsa
771 3055 996 3095 distinctione
1021 3054 1058 3092 in
1084 3054 1221 3103 aliquot
1270 3049 1420 3089 mittitur
1429 3062 1440 3092 3
1468 3057 1503 3087 at
1533 3045 1687 3085 Helmst.
1705 3045 1816 3083 Arnz.
1837 3048 1874 3085 ὃς
1897 3045 1966 3084 Ed.
1986 3044 2289 3084 Vendimittitur.

1663 3094 1776 3135 Tttt
1804 3107 1825 3134 2
2148 3107 2179 3135 1.
2207 3099 2291 3131 suae
