2616 3686
37 2023 40 2027 ,
121 2013 201 2040 non
223 2001 343 2039 soleat.
371 2001 404 2038 Si
427 1999 526 2037 enim
545 1998 662 2036 dicas:
694 1998 810 2048 quida
823 2010 974 2047 quoque,
1005 1999 1140 2050 duplex

519 186 870 241 LIBER
934 186 1673 241 VLEPISTOLA
1738 193 1936 246 XXIV.
2161 220 2254 270 451

118 276 326 334 ,darum
369 283 385 310 ι
413 263 589 322 statim
629 260 935 333 ingenium,
969 271 1028 314 ut
1063 261 1223 332 poffit
1248 279 1562 333 emergere,
1599 264 1695 318 nis1
1719 268 1792 322 illi
1817 263 2064 337 materia}
2100 292 2256 332 occa-

121 346 232 412 fio,
265 343 444 401 fautor
466 335 628 393 etiam
655 333 1179 406 commendatorque
1203 335 1499 407 contingat.
1539 336 1692 391 Vale.

337 474 555 536 XXIV.
615 472 696 529 C.
769 470 1223 530 Pramus
1296 470 1669 528 MAcRo
1744 475 1925 532 Suo
2002 479 2056 533 S.

122 623 261 680 Rem
284 615 597 688 veriffimam
621 613 850 684 exemplo
875 612 1082 667 Arriae
1111 612 1165 670 65
1193 615 1471 688 municipis
1490 612 1761 686 cujusdam
1772 616 1905 684 stiae
1940 619 2259 689 comprobat,

202 694 369 751 multa
402 694 492 760 effl’
516 687 670 756 fama
707 683 762 740 ὅ
788 685 968 756 gloria
1004 687 1162 760 digna
1186 727 1202 751 ‚
1251 705 1385 762 quae
1403 689 1600 761 jacent
1637 689 1693 742 iu
1730 689 1964 758 obscura,
2003 692 2258 764 quaedam

201 764 419 828 extolli,
462 760 517 818 {5
525 770 632 831 per
653 755 910 812 hominum
933 777 1025 816 ora
1033 761 1204 831 ferri.

275 901 412 957 Uam
445 898 671 954 multum
708 898 927 953 interest
950 939 967 963 ,
1016 905 1034 926 ²
1068 899 1200 972 quid
1238 919 1269 956 a
1304 914 1418 972 quo
1460 899 1550 955 fiat
1586 902 1596 955 !
1653 909 1667 936 ³
1702 900 1909 961 Eadem
1946 903 2089 959 enim
2118 903 2254 961 fasta

275 973 511 1031 claritate
545 972 632 1028 vel
668 969 992 1028 obscuritate
1025 972 1338 1029 facientium
1362 1011 1379 1039 ,
1426 985 1518 1033 aut
1558 973 1819 1030 tolluntur
1845 975 2124 1042 altiffime,
2159 993 2253 1034 aut

2155 1050 2257 1107 hu-

119 1181 1144 1282 aufere.iruuenden-{1³3Seraz·
1174 1180 1180 1258 Ι
1213 1182 2251 1277 anahamonsai-*terrdua0estf02-n33oe1zzrff1s

118 1250 278 1332 diiii}
306 1246 388 1327 Lpib.
415 1287 463 1325 11.
485 1285 595 1335 Epist.
619 1285 724 1324 xiv.
746 1299 780 1325 n.
807 1299 841 1337 3.
869 1265 1143 1336 Nenoeiilffimis
1217 1287 1327 1338 Epist.
1350 1252 1473 1329 ΙΧῘᾍ.
1494 1301 1529 1339 3.
1552 1295 1646 1337 quot
1667 1288 1738 1325 dies
1760 1299 1874 1337 quam
1889 1288 2033 1338 frigidis
2056 1287 2156 1326 ream
2190 1269 2256 1328 abl

119 1343 260 1395 quidem
291 1337 562 1388 adolescentibus
595 1337 685 1375 locus
708 1349 811 1383 erat,
841 1337 908 1388 nist
929 1337 1046 1389 aliquo
1067 1351 1165 1385 con-,
1209 1338 1334 1388 sumsi.
1361 1341 1445 1380 Lib.
1468 1341 1517 1379 Il.
1539 1337 1648 1388 Epist.
1673 1338 1781 1376 XIV.
1802 1350 1838 1376 n.
1868 1351 1925 1377 12.
1965 1339 2079 1377 Pudet
2103 1340 2255 1388 referre,

109 1394 230 1445 sulari
262 1391 503 1442 producente.
546 1389 743 1438 Perperarn
777 1392 959 1439 margines
987 1403 996 1426 ι
1019 1399 1146 1440 prove-
1218 1402 1313 1439 quae
1347 1403 1460 1442 quam
1486 1393 1613 1439 fracia
1644 1389 1929 1440 pronunciatione
1962 1390 2144 1428 dicantur.
2173 1392 2256 1433 Lib.

113 1449 252 1484 clarus.
1181 1476 1184 1494 1
1217 1439 1266 1479 V.
1286 1442 1397 1492 Epist.
1418 1443 1529 1481 VIII.
1551 1454 1587 1479 n.
1610 1454 1670 1491 93.
1700 1453 1796 1491 quae
1817 1440 2026 1489 potissimum
2048 1453 2127 1490 quo
2163 1453 2254 1480 tem-

174 1507 191 1534 ι
220 1493 352 1532 statim
375 1490 553 1540 ingenium
578 1489 667 1539 est.]
699 1490 846 1528 Omnes
871 1491 977 1530 MSS.
1002 1491 1147 1531 &Edd
1182 1507 1185 1539 j
1211 1501 1290 1541 pore
1309 1495 1576 1544 adgrediamur.
1598 1501 1709 1542 atque
1731 1494 1781 1530 ita
1803 1491 1940 1541 saepius
1974 1491 2117 1530 Noster.
2174 1494 2256 1533 Au-

119 1547 224 1586 Vett.
245 1547 418 1594 ignorant
438 1541 594 1579 verbum
617 1539 887 1578 Substantivum
912 1567 924 1585 ‚
951 1552 1019 1590 pro
1041 1554 1148 1582 more

143 1598 290 1636 ueteris.

119 1610 142 1637 a
169 1661 192 1686 2
218 1645 316 1698 Qid
334 1658 356 1682 a
380 1640 549 1693 quoque]
580 1640 704 1679 Scribo
726 1669 737 1685 ‚
763 1642 885 1689 Qum
908 1640 1066 1680 multum
1090 1645 1145 1683 in-

119 1700 240 1747 terest,
267 1697 351 1747 quid
383 1707 402 1731 a
436 1705 513 1741 quo
541 1692 623 1740 fiat.
662 1693 830 1729 cision.
860 1691 964 1730 Vofl‘.
989 1694 1144 1734 Helmst.

119 1752 235 1789 Arnz.
259 1748 353 1786 Edd.
377 1746 480 1783 Vett.
504 1743 710 1792 Gryphius‚
741 1742 878 1788 Aldus,
906 1744 984 1781 alii:
1016 1747 1104 1793 quid
1123 1761 1145 1784 a

120 1814 277 1853 quoque
295 1800 365 1848 fiat
386 1825 397 1842 ,
431 1803 472 1833 ut
495 1796 688 1845 pleraeque
708 1791 898 1842 Vulgatae.
954 1794 1024 1833 Sed
1044 1797 1144 1836 recte

121 1853 302 1891 divinavit
335 1847 569 1887 Casaubonus
586 1874 597 1890 ‚
633 1843 858 1883 scribendum
888 1843 981 1883 effe:
1010 1847 1098 1896 quid
1125 1861 1145 1888 a

119 1913 202 1951 quo
228 1902 322 1948 fiat,
350 1909 444 1949 quae
479 1896 620 1935 dicendi
650 1906 785 1949 „genera
807 1897 915 1934 etiam
937 1896 1038 1935 sensu
1062 1911 1144 1948 per-

122 1953 281 1990 multum
301 1950 472 1987 differunt
485 1974 495 1992 ‚
517 1949 684 1998 quamvis
706 1947 832 1995 vulgus
852 1947 926 1985 hoc
945 1947 1144 1990 adtendere

1216 1542 1375 1591 gustinus
1409 1544 1454 1582 de
1488 1545 1629 1582 ratione
1656 1544 1801 1580 animae
1830 1555 1839 1580 :
1888 1542 2040 1590 Artifex
2085 1545 2254 1583 carminis

1217 1595 1322 1638 novit
1336 1622 1347 1638 ,
1376 1596 1507 1646 quibus
1529 1606 1617 1644 quas
1640 1607 1759 1631 moras
1782 1592 1926 1631 vocibus
1947 1593 2101 1632 tribuat'.
2157 1595 2255 1634 Ter-

1215 1646 1383 1684 tullianus
1419 1646 1504 1685 adv.
1541 1647 1725 1684 Pruxeam
1763 1655 1840 1693 cap.
1880 1645 1990 1683 VIII.
2043 1651 2120 1682 Iam
2158 1659 2254 1684 nunc

1215 1697 1423 1745 quaeritur,
1451 1698 1531 1746 quis
1565 1708 1642 1746 quo
1676 1695 1795 1732 modo
1828 1705 1957 1732 utatur
1989 1694 2110 1745 aliqua
2139 1711 2176 1735 re
2209 1711 2254 1740 (9⁶

1214 1747 1386 1784 vocabulo
1409 1748 1492 1785 eius.
1516 1749 1578 1796 qui
1602 1754 1729 1784 tamen
1750 1745 1796 1782 ad
1819 1745 2046 1793 praesentem
2070 1749 2179 1786 etiam
2198 1750 2255 1788 lo-

1216 1809 1303 1836 cum
1325 1798 1453 1836 referri
1475 1796 1605 1847 potest.
1632 1796 1738 1835 Idem
1762 1796 1808 1834 de
1838 1795 1936 1845 Fuge
1961 1809 2036 1846 cap.
2072 1799 2181 1837 VIII.
2209 1813 2252 1838 ac

1213 1849 1289 1888 iam
1321 1848 1404 1886 hinc
1435 1849 1521 1900 [cias
1547 1876 1558 1894 ‚
1595 1847 1685 1898 quid
1715 1846 1816 1885 unde
1829 1848 1971 1895 facias,
2001 1860 2044 1887 (9·
2071 1850 2160 1899 quid
2189 1855 2248 1892 cui

1206 1899 1388 1951 subiicias.
1423 1900 1509 1939 adV.
1545 1900 1781 1947 Hermogen.
1820 1910 1897 1947 cap.
1937 1899 2064 1937 XXII.
2091 1901 2177 1938 dicit
2214 1903 2251 1942 id

1216 1950 1316 1990 unde
1331 1951 1562 2001 protulerit..
1585 1961 1626 1988 ut
1642 1950 1811 2000 sciremus
1826 1979 1836 1994 ‚
1865 1950 1953 1998 quid
1976 1951 2076 1989 unde
2094 1952 2251 2002 processe-

1216 2003 1280 2040 rit.
1303 2004 1365 2041 ubi
1387 2001 1493 2041 simul
1515 2002 1734 2052 principium
1770 2003 1892 2050 capitis
1925 2002 2102 2040 conferas.
2143 2004 2255 2052 Capi-

121 2051 360 2092 considsratio
391 2047 603 2088 instituenda
627 2076 638 2093 ‚
685 2048 771 2097 quid
801 2047 842 2085 fit
877 2048 1015 2087 factum
1041 2079 1052 2095 ,
1098 2055 1138 2092 &
1217 2054 1353 2092 ‘colinus
1365 2053 1668 2103 Macrinocap.l.
1698 2051 1798 2102 quasi
1811 2051 1993 2101 sciendum
2002 2051 2076 2101 sit,
2105 2056 2248 2104 quando

121 2103 253 2141 deinde
285 2114 307 2138 a
340 2114 403 2150 quo
422 2129 433 2146 ‚
467 2101 505 2138 h.
533 2111 567 2138 e.
592 2099 698 2149 quale
732 2099 869 2138 fanum
892 2128 903 2145 ,
952 2102 991 2139 &
1021 2104 1136 2152 qualis

117 2153 269 2204 persona
290 2168 301 2197 ;
331 2151 381 2189 fin
403 2164 411 2189 :
448 2150 535 2200 quid
555 2163 578 2187 a
601 2163 667 2201 quo
690 2179 702 2196 ,
739 2149 889 2200 simplex
911 2159 1055 2190 tantum
1086 2155 1135 2194 est

117 2203 360 2243 consideratio
382 2231 394 2250 ,
422 2204 460 2241 ὅ(
490 2202 564 2239 hoc
596 2201 746 2252 quidem
777 2201 863 2240 loco
895 2203 1132 2253 facientium„

114 2264 157 2294 ut
187 2255 371 2306 sequentia
405 2253 594 2292 declarant.
634 2251 837 2292 Posteriore
866 2260 994 2292 tamen
1017 2257 1136 2296 modo

112 2308 249 2355 saepius
299 2308 406 2344 etiam
455 2304 651 2353 elegantiae
687 2300 802 2342 caussa
836 2304 1061 2354 loquuntur,
1090 2309 1136 2348 ad

109 2360 275 2412 priorem
297 2357 458 2399 sensum,
486 2353 587 2404 quod
618 2365 710 2392 mox
739 2353 984 2395 ostendemus.
1036 2357 1140 2397 Prio-

114 2420 196 2449 rem
220 2408 380 2445 formam
403 2404 583 2444 vindicavi
605 2403 650 2441 ad
666 2404 800 2444 Sallust.
813 2405 893 2443 Cat.
906 2408 1136 2454 cap.XXlII.

114 2472 151 2499 n.
172 2472 205 2506 4
235 2464 287 2497 De
311 2457 492 2496 Catilinae
514 2455 752 2493 coniuratione
763 2467 859 2506 quae
871 2462 1135 2508 quoquemodo

115 2512 279 2550 audierat
307 2507 536 2559 compluribus
571 2508 743 2544 narravit
763 2533 776 2551 ‚
820 2507 881 2545 ubi
915 2510 970 2547 vir
1006 2509 1135 2551 doetus

110 2561 358 2616 praeferebat:
388 2571 474 2609 quae
508 2569 585 2608 quo
607 2558 718 2594 modo.
742 2559 780 2595 &
800 2556 846 2595 ad
868 2568 946 2607 cap.
972 2559 1136 2603 XXV11‚

113 2626 151 2653 n.
174 2625 205 2651 1.
227 2622 409 2660 praeterea
434 2609 546 2645 alium
570 2608 638 2646 alio
664 2637 674 2653 ,
711 2620 825 2657 quem
858 2609 994 2659 ubique
1016 2620 1133 2661 oppor-

112 2673 242 2702 tunum
262 2661 436 2700 credebat.
475 2660 522 2697 Et
542 2659 587 2696 ad
609 2661 702 2696 hanc
726 2660 907 2697 rationem
930 2661 1029 2700 reete
1052 2664 1134 2701 No-

1217 2105 1346 2152 vestem
1377 2103 1579 2146 mutaverit
1605 2132 1616 2149 ,
1652 2115 1696 2143 (9⁹
1727 2115 1822 2150 quos
1860 2103 2011 2152 quando
2023 2107 2253 2153 promoverit.

1216 2156 1369 2196 Pacatus
1400 2157 1536 2205 Paneg.
1559 2167 1637 2205 cap.
1659 2153 1806 2193 XVIII.
1856 2153 1964 2191 Velim
1986 2165 2108 2194 tamen
2128 2157 2226 2194 dicas
2240 2186 2251 2203 ,

1215 2209 1311 2246 unde
1332 2237 1342 2252 ‚
1380 2220 1461 2246 cum
1492 2208 1612 2246 tantis
1642 2206 1802 2256 promissa
1831 2204 2009 2254 persolvas
2034 2234 2045 2251 ,
2073 2207 2160 2255 quid
2193 2211 2252 2247 cui

1211 2259 1411 2308 promiseris
1427 2259 1531 2306 scias.
1578 2257 1711 2306 Qualia
1734 2256 1874 2294 infinita
1895 2256 2072 2293 cumulari
2093 2256 2252 2305 possunt.

1221 2311 1256 2350 Si
1277 2322 1368 2348 vero
1389 2310 1519 2348 talibus
1544 2308 1728 2357 Copulam
1749 2318 1828 2344 non
1849 2305 1988 2344 addunt
2002 2332 2014 2350 ,
2042 2307 2102 2345 ubi
2123 2315 2249 2346 tamen

1218 2360 1264 2398 ad
1293 2369 1495 2410 utrumque
1524 2359 1706 2407 respicitur
1730 2371 1741 2400 ;
1779 2365 1876 2394 certe
1908 2356 2091 2394 hocloco
2113 2359 2249 2398 Plinius

1218 2411 1304 2460 quid
1327 2424 1350 2447 a
1373 2424 1439 2461 quo
1453 2410 1524 2458 fiat
1546 2409 1693 2447 scribere
1706 2408 1827 2456 potuit
1841 2436 1851 2451 ,
1877 2406 1938 2444 ubi
1949 2407 2092 2446 alterius
2102 2417 2248 2448 tantum

1219 2459 1460 2500 consideratio
1493 2459 1541 2498 est
1574 2456 1778 2497 necessaria.
1817 2459 1917 2496 Nam
1939 2456 2112 2498 fileviter
2131 2469 2247 2499 trans-

1218 2523 1357 2560 ponas:
1385 2525 1407 2549 a
1428 2525 1493 2561 quo
1517 2510 1602 2559 quid
1617 2509 1685 2558 fiat
1700 2538 1709 2554 ,
1738 2507 1877 2549 videbis
1895 2537 1905 2552 ,
1932 2521 2045 2558 quam
2067 2521 2190 2560 aperta
2202 2511 2244 2551 fit

1218 2563 1396 2612 scriptura.
1451 2562 1627 2609 Denique
1659 2571 1707 2598 ne
1735 2560 1985 2599 coniecturam
2006 2569 2151 2600 tantum
2174 2562 2244 2602 effe

1218 2614 1339 2652 credas
1354 2643 1364 2659 ‚
1391 2613 1500 2652 testor
1514 2641 1525 2657 ,
1551 2611 1768 2650 Mediceum
1783 2611 1909 2650 diserte
1921 2613 2093 2652 exhibere
2115 2615 2201 2663 quid
2224 2627 2244 2652 a

1221 2676 1297 2714 quo
1310 2665 1395 2712 fiat.
1423 2665 1577 2702 ConTE.

114 2713 180 2754 ster
203 2714 281 2753 Lib.
305 2713 374 2751 111.
400 2710 509 2760 Epist.
532 2709 601 2747 IX.
621 2722 657 2747 n.
681 2722 738 2758 19.
764 2715 832 2747 Sua
853 2723 966 2749 manu
987 2712 1134 2764 relique-

109 2777 175 2803 ατ
188 2767 358 2816 scriptum
371 2793 380 2809 ‚
410 2760 499 2812 quid
522 2773 568 2799 ex
577 2771 726 2850 ,ηυτιὲὶυε
739 2775 773 2799 re
788 2790 798 2806 ,
825 2762 912 2810 quid
927 2774 972 2799 ex
984 2775 1132 2814 quaque

110 2818 227 2866 cauffa
260 2814 432 2865 accepisJet.
464 2814 554 2851 item
589 2812 650 2849 Au
692 2841 700 2849 .
732 2811 777 2851 de
809 2813 899 2851 Vita
921 2813 1134 2865 Contempl.

111 2867 198 2904 Lib.
218 2866 286 2908 11-1.
308 2878 386 2914 cap.
407 2862 568 2903 XXVII.
615 2865 782 2911 Qarum
805 2877 878 2901 una
899 2864 1069 2912 (virtus)
1092 2868 1137 2914 est

113 2914 158 2951 «in
186 2917 405 2967 perspiciendo
428 2944 439 2963 ,
477 2913 565 2964 quid
597 2915 631 2952 in
657 2925 804 2964 quaque
825 2928 861 2951 re
884 2929 1009 2952 verum
1026 2916 1135 2966 fince-

114 2977 260 3014 πόνημα
285 2966 346 3016 sn.
373 2969 422 3005 ita
456 2967 555 3004 enim
587 2965 744 3014 legimus
767 2967 801 3003 in
826 2967 1048 3006 membranis
1070 2982 1134 3008 ve-

115 3015 266 3054 terrimis
290 3045 301 3060 ‚
337 3017 510 3066 quadrata
545 3017 663 3055 littera
686 3016 826 3065 scriptis.
864 3017 1014 3064 Vulgo:
1046 3022 1134 3067 qnid

116 3065 154 3101 in
176 3075 247 3112 qua
268 3078 303 3103 re
323 3080 458 3106 verum.
485 3068 610 3106 Altera
639 3069 731 3110 ratio
749 3069 809 3108 hic
831 3080 878 3106 eo
902 3069 1015 3116 magis
1029 3081 1132 3116 prae-

113 3114 243 3154 valebit
263 3145 273 3162 ‚
299 3118 382 3169 quia
406 3144 418 3163 ,
446 3118 548 3168 quod
569 3117 644 3157 dixi
666 3146 678 3164 ,
704 3119 815 3159 etiam
838 3119 899 3158 ubi
921 3118 966 3159 ad
989 3128 1132 3160 utrum-

1271 2727 1289 2765 3
1321 2713 1504 2763 Eadem]
1543 2716 1642 2753 Paria
1667 2743 1678 2760 ,
1717 2715 1754 2753 δε
1790 2726 1835 2754 ex
1867 2725 1990 2763 aequo
2022 2714 2246 2763 prat-stantia.

1218 2766 1375 2814 Agathia
1401 2766 1452 2807 *de
1474 2766 1632 2804 Zenone
1652 2765 1806 2804 scribens
1830 2766 2004 2804 monstrat
2025 2766 2152 2808 vilium
2177 2767 2248 2804 ho-

1217 2819 1361 2855 minum
1395 2816 1488 2854 faeta
1518 2817 1641 2864 jacere
1661 2845 1672 2862 ‚
1709 2819 1916 2868 principum
1947 2819 2058 2856 etiam
2084 2819 2246 2865 ¹minima

1218 2880 1388 2919 quaeque
1412 2865 1559 2906 extolli:

1270 2971 1320 3005 Οὐ
1341 2966 1472 3014 redono)
1493 2970 1662 3020 μερόπων
1683 2970 1711 3007 εἰ
1732 2972 1799 3009 xa?
1820 2968 1925 3015 μέγα
1956 2968 2095 3018 ῥέξομεν
2122 2968 2245 3017 ἔργον,

1319 3020 1371 3057 Οἱ]
1391 3038 1474 3063 τινος
1496 3023 1542 3063 εἷς
1565 3018 1689 3065 μνῆμην
1709 3020 1801 3072 ἓκξῖν
1827 3020 2081 3071 ε’πΐεξχσ’μ.ε,θοι.44

1264 3072 1308 3116 Of'
1333 3070 1366 3109 δ’
1381 3071 1519 3116 ἀγρειθο)
1542 3070 1598 3114 ab.)
1620 3071 1748 3118 μηδὲν,
1772 3075 2018 3112 ἀναπνεύσωσι
2039 3073 2077 3110 Ek
2097 3073 2218 3115 μένὲν,

1314 3123 1378 3166 Ω“ς
1402 3122 1510 3167 Λιςὺς
1533 3122 1631 3160 εἶπον
1660 3122 1738 3174 :king
1753 3154 1764 3171 ,
1794 3125 1870 3163 ’ὦτ’
1889 3123 2071 3169 ἀδάμαντι
2093 3123 2186 3167 μένει
2202 3147 2213 3164 ,

1563 3174 1648 3214 Lll
1676 3186 1697 3212 2
2204 3170 2249 3208 Id
