2616 3686
300 183 402 226 620

313 270 375 312 ut
401 273 488 311 me
518 257 812 313 formatore
834 274 1051 313 morum
1079 301 1092 321 ‚
1135 274 1223 312 me
1249 254 1391 330 quafi
1423 256 1670 329 magistro
1698 270 1958 316 uteretur.

1155 332 1295 387 Nam
1334 333 1765 405 quotusquisque
1807 339 1825 363 ²
1864 335 1951 389 vel
1993 339 2155 392 aetati
2194 337 2444 400 alteriuS,

280 338 299 391 3
321 337 371 386 in
394 331 819 387 adolescentibus
862 334 1067 388 nostris.

546 177 606 227 C.
672 176 1058 228 PLINII
1127 177 1636 228 CAECILII
1705 179 2218 236 SECUNDI

2050 267 2064 292 ¹
2087 260 2294 317 Rarum
2330 259 2445 316 hoe

317 408 401 461 vel
458 405 757 462 auctoritati
785 447 800 470 ‚
860 421 920 462 ut
967 409 1146 463 minor
1195 407 1386 462 cedit?
1455 407 1647 462 Statim
1682 405 1934 478 sapiunt,
1987 415 2005 443 ³
2047 410 2220 466 statim
2267 413 2441 466 sciunt

317 482 539 536 omnia:
593 484 868 536 neminem
903 496 1197 546 verentur,
1260 483 1540 536 imitantur
1582 484 1855 536 neminem
1883 522 1900 546 ‚
1957 495 2120 556 atque
2153 491 2174 521 ⁴
2216 485 2307 557 ipsi
2349 485 2443 540 s1bi

316 557 559 627 exempla
603 557 739 610 sunt.

273 716 307 764 4
320 703 471 778 quod
511 704 717 759 discere
750 705 979 759 volebat.

816 556 923 612 Sed
958 575 1072 611 non
1107 558 1300 611 Avitus
1333 593 1351 619 ,
1410 558 1560 627 cujus
1615 556 1745 611 haec
1790 559 2075 630 praecipua
2121 561 2407 631 prudentia
2431 599 2452 626 ,

317 629 471 700 quod
537 631 666 685 alios
710 630 1089 703 prudentiores
1151 629 1552 686 arbitrabatur:

1057 707 1280 777 Semper
1317 705 1406 760 ille
1446 719 1534 760 aut
1573 706 1644 761 de
1676 707 1858 764 studiis
1902 707 2139 781 aliquid,
2190 722 2279 763 aut
2319 712 2334 742 ⁵
2377 708 2454 763 de

1634 632 1767 687 haec
1826 634 2109 706 praecipua
2165 634 2446 698 eruditio,

320 776 515 834 officiis
547 780 687 834 vitae
720 780 738 808 ⁶
773 779 1113 835 consulebat:
1156 781 1365 852 semper
1399 781 1471 834 ita
1493 781 1821 847 recedebat,
1872 787 1893 818 ⁷
1919 794 1978 837 ut
2016 784 2206 838 melior
2245 779 2409 838 faetus
2434 799 2455 838 ε

319 854 376 908 δε
408 867 519 907 erat
550 852 754 918 faetus,
804 856 889 909 vel
929 872 994 910 eo
1022 855 1174 928 quod
1212 855 1452 910 audierat
1488 897 1505 921 ‚
1559 855 1640 909 vel
1682 857 1833 929 quod
1871 859 2098 912 omnino
2140 857 2455 931 quaesierat.

272 928 487 1001 5Quod
514 927 603 982 ille
638 927 957 1001 obsequium
999 929 1254 985 Serviano
1282 967 1298 992 ‚
1353 926 1681 983 exafiiffimo
1719 933 1833 984 viro
1860 966 1878 992 ,
1930 931 2230 1001 praestitit?
2281 949 2448 1004 quem

315 1003 593 1077 Legatum
614 1001 892 1061 Tribunus
920 1005 993 1058 ita
1018 1004 1074 1059 δε
1103 1004 1413 1068 intellexit,
1464 1005 1482 1033 ⁸
1515 1002 1570 1057 &
1615 1005 1760 1076 cepit
1785 1047 1825 1067 ,1
1853 1017 1912 1058 ut
1953 1023 2023 1061 ex
2067 1005 2358 1062 Germania
2395 1009 2452 1062 in

362 1183 395 1211 1.
419 1181 554 1215 Rarum
573 1174 634 1214 hoo
649 1175 928 1216 adolescentibus
940 1174 1093 1227 nostris]
1124 1174 1342 1225 Utcumque

305 1221 388 1280 ferri
409 1228 537 1274 potest.
564 1227 699 1276 Longe
719 1228 845 1266 melius
864 1227 1084 1266 Mediceus:
1114 1228 1251 1264 Rarum
1273 1226 1336 1263 hoc

302 1284 340 1312 m
359 1276 623 1329 adolescentibus
642 1278 773 1329 nostris.
793 1278 973 1326 Juvenalis
999 1277 1070 1316 Sat.
1080 1277 1187 1315 VIII.
1211 1288 1263 1316 vs.
1277 1287 1340 1328 73„

356 1382 472 1415 Rarus
493 1379 584 1417 enim
593 1381 707 1427 ferme
720 1379 837 1429 ,sensus
857 1379 1048 1418 communis
1065 1379 1101 1418 in
1121 1377 1188 1417 illa

356 1432 528 1467 Fortuna.

305 1527 438 1568 Cicero
467 1530 548 1569 Lib.
569 1530 616 1570 ΙΙ.
643 1529 689 1570 de
705 1529 818 1570 Finib.
845 1542 922 1581 cap.
942 1531 1042 1570 XIX.
1070 1529 1242 1569 utilitates
1259 1542 1340 1568 mae-

305 1579 336 1617 10
356 1582 447 1618 enim
466 1583 573 1620 dicere
593 1611 603 1627 ‚
630 1595 736 1633 quam
757 1581 951 1633 voluptates
967 1610 979 1627 ‚
1016 1583 1052 1621 in
1072 1592 1172 1620 tanto
1186 1582 1336 1631 praefore

305 1631 372 1668 rim
394 1632 482 1672 viro.
510 1633 644 1672 Sallust.
681 1633 763 1671 Cat.
789 1644 865 1682 cap.
888 1633 952 1671 LI.
978 1645 1003 1670 n
1040 1645 1097 1682 15.
1134 1636 1180 1669 Et
1208 1633 1245 1670 in
1266 1633 1332 1670 ho-

304 1682 461 1721 minibus
492 1684 604 1722 imoiis
614 1683 748 1733 fteleris
766 1683 861 1722 obliti
889 1684 929 1721 de
946 1692 1051 1734 poena
1076 1682 1236 1733 differunt
1260 1710 1271 1727 ‚
1302 1683 1338 1733 si

302 1745 343 1770 ea
373 1733 492 1783 paullo
516 1734 669 1785 severior
699 1733 786 1782 fuit.
819 1734 888 1772 illic
909 1735 974 1772 alia
994 1735 1092 1784 plura
1111 1733 1333 1783 collegimus.

303 1783 339 1821 C
351 1795 607 1874 {gezem
625 1833 788 1879 alterius,
816 1833 874 1872 vel
894 1833 1134 1884 auctoritati]
1163 1833 1255 1871 Non
1273 1834 1332 1872 ali·

302 1891 358 1923 ter
381 1885 626 1924 membranae.
651 1886 845 1934 Perperam
865 1884 980 1923 Aldus
1001 1898 1010 1923 ε
1039 1885 1097 1923 vel
1114 1894 1228 1922 aetate
1246 1884 1335 1923 alte-

300 1934 393 1981 n’us,
420 1936 478 1975 vel
496 1935 712 1975 austeritate.

356 1998 390 2036 3.
417 1988 547 2026 Statim
557 1987 675 2038 sciunt
704 1986 861 2035 ammas]
887 1985 924 2024 id
956 1985 1005 2025 est
1028 2013 1040 2031 ‚
1075 1985 1243 2023 videntur
1269 1985 1331 2026 fibi

300 2037 385 2076 scire
407 2065 419 2082 ‚
453 2046 494 2076 ut
529 2039 715 2078 Petronius
750 2037 854 2075 initio
891 2036 1110 2086 Fragmenti.
1143 2036 1170 2073 B
1186 2049 1242 2074 AR
1258 2050 1333 2076 ru.

302 2088 437 2127 Noster
473 2089 554 2128 Lib.
575 2089 622 2126 II.
661 2088 767 2137 Epist.
787 2087 893 2127 XIV.
929 2099 966 2126 n.
986 2088 1021 2123 6.
1059 2087 1155 2124 tanti
1183 2089 1334 2138 constat,

302 2148 343 2177 ut
364 2138 407 2179 fis
424 2139 668 2190 disertiffimus.
693 2138 882 2187 Euripides
909 2137 1037 2177 Bacch.
1063 2148 1114 2177 vs.
1134 2147 1223 2188 332.

403 2237 464 2278 xvc}
492 2243 615 2291 φρονὸν
641 2239 720 2280 ἑδέν
746 2241 891 2288 φρονεῖς.

301 2342 325 2381 i.
351 2354 382 2381 e.
417 2356 494 2381 cum
532 2342 688 2383 videaris
705 2340 865 2390 fizpiens,
892 2337 982 2377 nihil
999 2338 1094 2391 sapis
1119 2366 1130 2383 ‚
1165 2339 1271 2389 quod·
1296 2341 1335 2379 &

297 2393 505 2433 Menander
537 2394 635 2443 apud
670 2392 867 2430 stobaeum
903 2391 1018 2429 Serm.
1043 2390 1202 2429 LXXlI.
1237 2390 1336 2430 dixit.

294 2444 406 2483 Adde
438 2445 607 2494 Aeschyl.
635 2443 821 2481 Prometh.
860 2440 987 2480 Vinci.
1028 2452 1079 2479 vs.
1096 2441 1182 2487 446.
1210 2441 1331 2481 Medi-

297 2506 381 2534 ceus
404 2510 413 2534 z
452 2496 569 2540 statim
589 2494 708 2544 sciunt
738 2494 856 2532 omnia
874 2521 885 2539 ,
924 2492 1095 2531 neminem
1116 2492 1327 2539 imitamur,

295 2558 400 2597 atque
418 2545 465 2585 ibi
490 2547 557 2596 sibi
577 2545 730 2595 exempla
747 2545 833 2595 sunt
855 2572 865 2587 ‚
906 2543 1032 2582 ceteris
1052 2543 1209 2593 abjeffis.
1237 2543 1309 2582 For

295 2597 382 2637 tasse
410 2608 486 2635 non
519 2598 624 2635 male.
651 2595 741 2634 Illud
772 2595 883 2634 vereri
912 2593 1030 2632 modo
1068 2606 1104 2632 n.
1124 2606 1158 2632 2.
1189 2594 1326 2633 lectum

295 2648 367 2695 est,
395 2649 434 2686 δε
457 2649 617 2698 alioquin
638 2647 808 2696 discipulis
834 2647 928 2684 bene
951 2649 1128 2683 convenit
1149 2659 1159 2688 ;
1185 2645 1243 2683 hic
1264 2659 1328 2684 ve-

294 2710 335 2736 ro
349 2727 360 2744 ,
387 2698 449 2737 ubi
466 2698 775 2749 reprehenduntur
795 2725 807 2744 ,
834 2704 981 2735 tantum·
999 2696 1200 2744 graviffima
1219 2707 1329 2746 quae-

296 2761 369 2798 que
386 2750 470 2789 vitia
490 2751 587 2799 tangi
610 2761 670 2798 par
690 2756 775 2788 erat.

342 2813 378 2846 4.
402 2801 463 2849 Ipsi
479 2802 547 2854 fibi
567 2800 721 2851 exempla
732 2799 853 2850 suna]
884 2799 1065 2848 Aequales
1086 2796 1168 2835 suos
1179 2796 1323 2836 imitan-

293 2856 372 2893 tur,
401 2862 477 2888 non
500 2853 655 2902 maj0res
678 2864 688 2891 ε
725 2863 820 2900 quos
849 2850 1003 2888 delirare·
1021 2849 1156 2897 saepius
1188 2856 1326 2897 putant.

294 2899 323 2935 B
335 2912 358 2935 υ
372 2912 394 2936 c
410 2913 432 2936 Η
449 2913 473 2937 u
486 2914 506 2938 E
521 2915 558 2939 u.
586 2903 675 2939 Non
687 2903 809 2947 reiicio
831 2901 923 2939 hanc
935 2900 1136 2938 lectionem
1151 2926 1162 2942 ,
1176 2900 1322 2938 mallem

293 2957 417 2987 tamen
438 2951 581 2989 scribere
602 2951 748 3001 exemplo
761 2954 861 3000 sunt.
888 2952 910 2989 S
925 2963 947 2988 c
962 2963 1050 2989 ner
1065 2962 1165 2988 FER.
1194 2950 1328 2988 Athoc

290 3000 399 3038 etiam
435 3000 587 3040 deterius
619 3001 705 3040 effer
744 3003 904 3050 vulgata.
943 3002 1114 3041 Lucanus
1152 3000 1234 3040 Lib.
1260 3000 1329 3041 111.

299 3062 349 3090 ts.
371 3060 464 3100 129.

2266 1088 2284 1150 ξ
2310 1082 2447 1137 Pan-

1879 1221 2043 1272 nfficsque
2058 1222 2200 1273 senecia>

1458 1273 1704 1325 Exemplum,
1733 1287 1800 1312 non
1823 1274 1944 1318 miles,
1971 1280 2058 1313 erat.

1462 1244 1716 1257 *—

1404 1373 1464 1413 ubi
1480 1376 1543 1414 alia
1564 1382 1688 1414 notata
1705 1375 1870 1424 reperias.

1409 1476 1442 1513 C
1459 1439 1494 1475 ς.
1516 1432 1571 1465 De
1588 1427 1699 1475 officiis
1717 1426 1854 1477 vitae]
1883 1424 1944 1463 De
1963 1423 2063 1464 reete
2081 1423 2248 1476 beneque
2266 1427 2446 1468 vivendo.

1454 1492 1473 1514 A
1493 1490 1515 1515 '1'
1529 1491 1550 1514 A
1564 1491 1601 1515 N.

1455 1529 1491 1564 6.
1516 1526 1762 1578 Consulebat.]
1801 1524 2060 1573 Interrogabat.
2085 1522 2277 1565 Suetonius
2306 1528 2436 1578 Augu-

1403 1576 1456 1615 sto
1483 1589 1560 1627 cap.
1578 1577 1762 1616 XCVIII.
1788 1575 2050 1626 conversusque
2066 1576 2115 1612 ad
2137 1575 2356 1628 Thrasyllum
2379 1582 2437 1618 Ti·-

1404 1627 1488 1666 berii
1509 1629 1663 1667 comitem
1687 1655 1698 1673 ,
1736 1637 1855 1666 contra
1890 1627 2114 1665 accubantem
2141 1637 2182 1667 ω’
2209 1629 2368 1677 ignarum
2388 1632 2443 1670 ree}

1401 1678 1631 1729 interrogavit
1643 1707 1654 1724 ‚
1682 1678 1863 1728 cnjusnam
1884 1683 2005 1715 Poetae
2019 1688 2158 1727 putaret
2180 1681 2340 1730 versum.-
2370 1695 2433 1731 quo

1402 1729 1596 1779 haefitante
1609 1758 1620 1773 ‚
1649 1730 1788 1779 subjecit
1811 1729 1921 1766 alium
1935 1745 1947 1767 .-
1971 1729 2012 1766 de
2032 1728 2091 1766 hoc
2115 1741 2242 1779 quoque
2261 1731 2435 1770 consuluit

1400 1781 1456 1819 Sic
1478 1808 1489 1826 ,
1514 1780 1637 1832 consuli
1657 1780 1850 1829 prudentes
1879 1780 1925 1818 de
1956 1779 2041 1827 Jure
2059 1793 2071 1824 3
2110 1780 2358 1820 Mathematici
2385 1782 2430 1820 de

1399 1831 1524 1870 futuris
1542 1831 1727 1871 dicuntur.
1745 1831 1774 1869 B
1790 1845 1810 1869 υ
1827 1843 1848 1871 c
1862 1842 1886 1869 u
1899 1843 1923 1869 Ν
1934 1842 1964 1869 E.
1973 1843 2010 1870 r..
2039 1831 2208 1870 Lucanus
2232 1832 2312 1872 Lib.
2325 1832 2432 1871 Vlll.

1397 1893 1454 1921 vs..
1469 1881 1552 1922 168.

1448 1986 1683 2035 Rebioremque
1703 1983 1791 2021 raris
1812 1981 1858 2022 de
1878 1983 2009 2022 canoris-
2025 1981 2174 2022 consulit
2190 1984 2306 2035 astris.

1400 2084 1661 2174 Adde-&cibstfs
1671 2083 1778 2134 Epist.
1790 2076 2049 2132 XXIII.princ.
2072 2083 2153 2123 Lib.
2166 2085 2212 2124 11.
2231 2085 2337 2136 Epist.
2347 2087 2435 2124 XX..

1399 2147 1435 2176 n.
1455 2147 1491 2183 4.
1602 2147 1622 2174 a
1652 2147 1721 2174 im.
2398 2179 2400 2183 ἢ

1454 2197 1489 2234 7.
1519 2192 1562 2224 Ut
1577 2149 1710 2226 pmelior
1729 2183 1888 2234 fabium]
1926 2183 2022 2222 Tale
2051 2184 2136 2224 illud
2159 2186 2420 2225 Terentianum

1399 2238 1566 2287 quamvis
1586 2248 1649 2287 per
1669 2236 1914 2275 adulationem
1931 2263 1940 2279 ,
1952 2248 2149 2283 numquam,
2167 2238 2285 2276 accedo
2302 2235 2349 2273 ad
2365 2245 2418 2280 te,

1400 2289 1483 2339 quin
1503 2289 1565 2326 abs
1583 2300 1615 2326 te
1637 2287 1760 2326 abeam
1780 2286 1921 2324 doolior.
1947 2285 1979 2323 C
1995 2299 2016 2322 A
2029 2298 2088 2324 ΤΑ
2103 2300 2140 2325 N.

1451 2338 1486 2377 8.
1516 2343 1562 2376 Et
1583 2338 1700 2389 cepit.]
1730 2337 1957 2386 Complexus
1978 2335 2050 2381 est,
2078 2338 2192 2381 fovit,
2220 2333 2425 2374 delestaviu

1400 2390 1461 2427 An
1483 2391 1601 2438 potius
1619 2389 1744 2439 excepit
1761 2387 1958 2436 legendum
1981 2415 1991 2431 ,
2018 2387 2053 2426 id
2076 2388 2125 2426 est
2143 2387 2290 2435 hospitio
2311 2384 2424 2422 susce·

1397 2441 1470 2490 pit,
1495 2441 1698 2479 honestavit
1721 2467 1732 2484 ‚
1770 2437 1857 2476 ficut
1878 2450 1954 2476 non
1974 2437 2096 2475 dilexit
2118 2466 2133 2483 ,
2154 2436 2210 2475 sed
2229 2435 2420 2478 intellexit,

1396 2492 1514 2529 virum
1534 2492 1661 2530 scilicet
1685 2489 1758 2529 effe
1775 2489 2050 2528 exactissimum.
2076 2487 2129 2525 11,
2144 2499 2163 2524 ι
2180 2499 2225 2524 u.
2245 2483 2421 2522 Intellexe

1395 2553 1443 2582 <9⁴-
1459 2542 1578 2593 cepit-.]
1607 2542 1739 2581 Placuit
1753 2541 1943 2579 admittere
1962 2537 2131 2575 Catanaei
2148 2536 2295 2573 verbum
2317 2546 2394 2584 cepit
2408 2563 2419 2579 ‚

1396 2594 1518 2643 ejecto
1537 2593 1718 2633 hactenus
1738 2592 1905 2640 usurpato
1925 2589 2067 2637 excepit,
2096 2597 2221 2623 verum
2242 2587 2287 2623 ita
2307 2594 2343 2622 ut
2367 2597 2422 2642 re-

1392 2645 1511 2694 jiciam
1538 2645 1614 2693 ejus
1634 2641 1966 2692 interpretationem
1988 2635 2172 2693 complexus
2192 2635 2234 2680 est
2257 2663 2268 2680 ,
2300 2638 2397 2682 fovit
2410 2664 2420 2680 ,

1394 2696 1592 2734 delectavit.
1637 2695 1736 2733 Nam
1765 2699 1877 2740 capere
1892 2690 1950 2726 hic
1965 2687 2112 2725 sumitur
2129 2697 2194 2734 pro
2213 2685 2428 2735 comprehen-

1397 2748 1475 2784 dere
1497 2748 1534 2784 &
1554 2744 1698 2795 adsequi
1716 2742 1775 2779 vel
1799 2740 1893 2778 adeo
1911 2748 1977 2786 pro
1997 2735 2153 2785 inescare.
2205 2736 2273 2774 Sed
2297 2738 2419 2775 malim

1397 2799 1512 2845 prima
1537 2794 1804 2845 fignificatione.
1840 2788 2007 2826 Similiter
2029 2787 2229 2824 Pater-culus
2249 2788 2336 2825 libro
2356 2799 2426 2836 po·

1397 2848 1540 2887 steriore
1567 2857 1644 2894 cap.
1666 2840 1805 2880 CX1V.
1829 2838 1880 2876 de·
1909 2839 2036 2874 Marco
2070 2837 2214 2885 Lepido
2237 2851 2245 2875 z
2283 2839 2340 2875 vir
2364 2853 2424 2875 no-

1397 2899 1505 2936 minis
1527 2908 1568 2933 ac
1578 2896 1743 2943 fortunae
1759 2902 1878 2928 eorum·
1894 2887 2069 2937 proximus
2091 2915 2102 2932 ,
2139 2902 2239 2938 quem
2257 2889 2292 2926 in
2312 2903 2425 2940 quan-

1395 2959 1472 2986 rum
1492 2947 1630 2997 quisque
1646 2953 1708 2980 aut
1729 2939 1912 2986 intelligere
1937 2948 2000 2974 aut
2019 2939 2201 2988 cognoscere
2220 2941 2326 2988 potuit
2347 2969 2356 2984 ,
2385 2942 2430 2978 in·

1394 3008 1539 3034 tantum
1576 2996 1727 3032 miratur
1761 3001 1801 3026 ac
1847 2988 1972 3037 diligit.
2025 2988 2189 3027 Addatur
2225 2992 2262 3028 ὃς
2307 2990 2436 3029 noster

1389 3047 1519 3086 Plinius
1546 3045 1629 3085 Lib.
1647 3044 1677 3083 1.
1713 3038 1819 3090 Epist.
1854 3038 1899 3077 X.
1926 3038 1988 3079 sub
2008 3039 2162 3081 initium.
2190 3041 2224 3080 G
2238 3055 2263 3080 n
2279 3055 2299 3080 u
2315 3054 2371 3081 TE
2385 3054 2426 3078 a.
