2616 3686
596 152 940 230 mnan
1004 171 1750 227 1·11.·E‘PISTOLA
1813 180 1918 230 ix.
2191 207 2282 247 209

194 262 344 322 fendi
379 251 489 315 non
511 253 680 328 posset
709 289 726 315 ‚
771 249 784 272 ¹
821 251 890 305 ita
926 247 1154 310 mirum,
1191 247 1460 319 pudorem
1486 248 1839 304 damnationis
1864 265 2040 310 morte
2062 256 2277 327 fugisse‚

193 350 356 409 quem
405 344 514 383 non
563 321 830 397 puduisset
880 319 1178 376 damnanda
1223 320 1583 374 committere.
1658 320 2015 379 Nihilominus
2067 327 2282 388 Baetica
2323 355 2352 393 6

193 408 351 462 etiam
388 402 443 456 in
476 397 715 454 defunffi
761 392 1090 450 accusatione
1123 391 1421 462 perstabat:
1460 392 1476 410 ²
1501 391 1769 462 provisum
1797 392 1900 446 hoc
1926 396 2159 467 legibus,
2200 405 2281 459 in-

185 472 480 532 termissum
525 484 741 531 tamen,
805 466 862 520 δε
908 463 1026 536 post
1072 463 1285 535 longam
1321 465 1779 534 intercapedinem
1817 478 1946 519 tunc
1983 471 2278 533 reductum.

187 545 540 604 Addiderunt
565 543 582 570 ³
605 536 834 600 Baetici,
871 536 1021 608 quod
1046 535 1192 589 fimul
1216 537 1417 598 socios„
1459 537 1832 608 ministrosque
1867 536 2077 594 Clasfici
2123 545 2279 601 detu-

188 621 399 679 lerunt,
435 612 854 682 nominatimque
881 610 933 663 in
961 625 1054 662 eos
1069 609 1094 634 ⁴⁴
1127 607 1520 679 inquisitionem
1555 610 1966 678 postulaverunt.
2042 614 2278 675 Aderam
2321 643 2352 690 7

191 689 420 746 Baeticis
445 725 463 750 ‚
519 699 835 754 mecumque
879 681 893 708 ⁵
935 681 1172 735 Luceius
1208 681 1434 734 Albinus
1460 719 1475 743 ‚
1531 683 1611 734 vir
1647 681 1701 734 in
1743 681 1978 735 dicendo
2004 688 2275 756 copiosu8‚

193 773 434 821 ornatuS,
469 772 629 829 quem
656 770 760 825 ego
787 769 912 808 cum
948 753 1077 807 olim
1108 765 1299 806 mutuo
1322 751 1630 823 diligerem,
1671 771 1738 808 ex
1765 755 1861 808 hac
1900 754 2069 812 offleii
2106 759 2274 816 socie-

194 847 300 889 tate
321 845 492 884 amare
517 827 786 881 ardentius
820 825 994 895 coepi.
1070 822 1256 879 Habet
1280 823 1500 896 quidem
1528 825 1720 893 gloria,
1758 825 1811 879 in
1839 825 2020 882 studiis
2044 835 2276 900 praeser—
2324 837 2353 886 8

193 905 316 966 tim,
353 894 646 972 quiddam⁶
668 897 970 960 αἰκωνώνητοντ
1007 896 1160 951 nobis
1186 909 1365 950 tamen
1388 897 1590 950 nullum
1618 912 1889 952 certamen
1916 938 1933 962 ,
1969 904 2109 956 nulla
2148 922 2281 963 con-

193 975 391 1031 tentio:
432 988 555 1026 cum
575 982 803 1042 uterque
824 968 840 996 ⁷
865 971 975 1040 pari
1001 967 1164 1040 jug0,
1205 985 1313 1022 non
1338 967 1542 1037 prose,
1581 968 1672 1023 sed
1697 987 1794 1039 pro
1820 974 1970 1024 causa
1998 975 2274 1036 niteretur,

189 1045 355 1116 Cujus
381 1044 438 1097 &
464 1042 810 1115 magnitud0‚
846 1043 901 1096 &
928 1041 1124 1099 utilitas
1155 1039 1259 1097 visa
1282 1041 1357 1095 est
1381 1040 1680 1113 postulare,
1721 1041 1736 1069 ⁸
1763 1058 1831 1095 ne
1858 1056 2064 1098 tantum
2103 1054 2278 1107 oneris

2019 1130 2035 1181 *¹
2072 1117 2282 1191 fingulis

242 1267 260 1296 1
293 1261 350 1294 lta
379 1253 551 1305 mirum]
580 1254 634 1294 Sc.
663 1254 861 1294 videbatur.
888 1253 1102 1305 Ineptiunt,
1139 1256 1202 1304 qui
1264 1251 1404 1292 Albius.
1445 1253 1634 1294 GRUTER.
1671 1254 1716 1292 In
1757 1255 1936 1295 Albinum
1969 1256 2171 1312 conspirant
2197 1263 2285 1303 ‘libri

192 1307 323 1346 mirum
346 1307 602 1346 Parentheseos
623 1308 719 1344 notis
741 1305 942 1345 includunt.
1261 1304 1370 1344 nostri
1382 1321 1392 1349 ;
1423 1312 1458 1342 at
1479 1305 1591 1343 iidem
1615 1307 1725 1343 etiam
1746 1307 1920 1345 consensu
1942 1312 2088 1344 Luctum
2104 1310 2282 1351 Albinum

239 1369 261 1395 2
292 1359 481 1406 Provisum
511 1352 761 1406 hoc'legibus.]
817 1356 962 1394 Caverit
991 1356 1089 1405 leges
1113 1386 1123 1402 ,
1161 1365 1202 1395 ut
1262 1365 1397 1393 vocant
1419 1384 1430 1400 ‚
1466 1363 1507 1392 ut
1539 1356 1724 1411 Gryphius
1749 1386 1759 1402 ,
1796 1369 1875 1395 non
1911 1359 2072 1395 Luceium
2091 1389 2101 1404 ‚
2139 1372 2279 1411 praeter

190 1416 360 1447 mortuos
380 1410 484 1447 liceat
503 1408 680 1446 accusare.
731 1407 904 1445 Scaevola
929 1406 974 1444 ad
996 1408 1115 1455 legem
1138 1408 1201 1454 Ju-
1264 1404 1479 1444 Mediceum
1494 1433 1504 1449 ‚
1531 1418 1560 1492 R
1583 1418 1595 1443 1
1615 1407 1786 1444 boccum
1801 1408 1901 1446 Aldo
1914 1416 2047 1447 tuctur.
2073 1412 2172 1452 Vide
2186 1413 2280 1453 infra

190 1458 278 1498 liam
312 1458 593 1508 repetundarum
616 1471 625 1494 :
665 1462 789 1494 Datur
821 1470 862 1492 ex
897 1456 963 1492 hac
985 1456 1074 1503 lege,
1101 1469 1144 1497 (ς’
1163 1459 1200 1496 in
1266 1455 1347 1492 Lib.
1372 1455 1439 1493 IV.
1462 1455 1532 1503 Epi
1563 1484 1570 1491 .
1593 1455 1715 1507 IX·.n·
1741 1469 1796 1506 13.
1897 1509 1904 1515 .

192 1507 329 1546 heredes
355 1510 444 1546 aetio
469 1509 568 1545 intra
593 1519 730 1544 annum
759 1508 946 1542 duntaxat
971 1519 993 1542 a
1021 1518 1130 1544 morte
1167 1523 1198 1546 e-
1316 1505 1339 1540 6
1365 1504 1642 1554 Autumnum]
1669 1504 2028 1548 incommunicabile.
2057 1511 2184 1559 Nam,

186 1558 248 1606 jus
273 1586 282 1601 ,
318 1559 378 1606 qui
422 1556 647 1606 arguebatur.
711 1556 904 1592 Marcellus
946 1555 992 1592 ad
1034 1558 1200 1596 Senatus-

196 1606 402 1644 consultum
422 1607 703 1656 Turpilianum:
734 1607 853 1642 Morte
875 1605 925 1642 rei
938 1605 1112 1651 judicium
1128 1607 1203 1656 sol-

195 1657 298 1694 vitur
313 1674 322 1692 .·
354 1656 420 1706 nist
438 1656 510 1694 tale
530 1657 660 1693 crimen
673 1656 786 1701 fuerit
800 1655 918 1700 ‚cujus
940 1656 1114 1704 accusatio
1136 1659 1203 1694 ad-

192 1712 315 1751 versus
342 1706 477 1744 heredes
505 1708 639 1750 durat,
666 1704 780 1743 veluti
805 1703 1007 1752 majestatis.
1047 1706 1200 1746 Cia-ran.

193 1757 498 1806 Repetundarum
522 1769 600 1796 reos
623 1757 732 1794 etiam
754 1753 830 1805 post
842 1764 1002 1792 mortem
1023 1758 1200 1795 condem·
1263 1753 1296 1790 C
1309 1766 1332 1790 A
1347 1769 1369 1793 τ
1384 1768 1406 1792 A
1419 1768 1457 1794 Ν.

194 1809 272 1845 nari
304 1807 506 1844 observavit
537 1808 705 1846 Cuiacius
735 1806 780 1844 ad
811 1821 852 1842 π.
883 1803 1077 1843 deiniusto
1110 1818 1200 1858 rupt.
1259 1804 1531 1857 Α’κοινῶνητον.]
1572 1809 1791 1851 Insociabile.
1840 1814 1957 1861 Quod
1990 1815 2162 1855 Lucanus
2194 1818 2280 1859 dicit

197 1857 220 1894 i.
244 1856 266 1893 f.
293 1857 427 1894 testam.
456 1857 494 1894 T
499 1870 572 1895 om.
597 1857 644 1894 11.
668 1858 767 1906 Opp.
790 1867 869 1905 pag.
890 1855 970 1905 238.
1262 1857 1453 1912 impatiens
1483 1860 1648 1909 confhrtis
1670 1891 1681 1909 ‚
1719 1862 1911 1902 redderem
1942 1865 2156 1909 ἀκοινώνητος
2181 1880 2191 1906 :
2217 1870 2279 1909 illo

249 1917 267 1954 3
298 1908 446 1951 Baetici,
473 1909 564 1956 quod
576 1906 714 1956 fimul.]
744 1906 945 1952 Sententiae
957 1907 1076 1944 lucem
1091 1907 1196 1954 dedi,
1260 1916 1299 1942 m
1321 1906 1427 1955 loco'
2181 1919 2186 1923 ’
2278 1919 2280 1921 ·

198 1958 403 1994 mutatione
421 1958 553 1995 literae.
580 1957 678 1996 Prius
701 1958 798 1996 enim
819 1957 1000 2005 legebatur
1014 1985 1025 2002 ‚
1051 1970 1133 2006 quot
1148 1959 1200 2010 fi-

198 2010 283 2042 mut.
319 2017 387 2055 pro
416 2008 523 2045 altera
555 2007 671 2045 nostra
700 2007 867 2055 scriptura
908 2006 972 2046 stat
1007 2008 1198 2050 Palatinus.
1496 2036 1502 2043 -

199 2055 333 2093 GRUT.
362 2057 455 2095 Mihi
476 2066 598 2095 tamen
628 2057 688 2095 ista
717 2058 779 2095 lux
812 2068 912 2096 mera
944 2058 1063 2097 adhuc
1085 2061 1199 2112 caligo
1309 2052 1380 2119 'I‘-
1407 2034 1583 2092 ‘'mmsque
1596 2037 1760 2095 pmsta‘·

199 2105 350 2143 videtur.
398 2107 453 2144 Ex
486 2107 604 2145 Codd.
630 2108 717 2146 nihil
734 2109 793 2147 hic
814 2106 976 2157 praefidii
993 2138 1003 2154 ,
1032 2121 1117 2148 cum
1159 2124 1202 2150 ο-
1330 2094 1502 2135 mpamm
1523 2087 1687 2136 “ms‘’m‘
1711 2098 1789 2128 em·

199 2158 302 2202 ptimi
324 2157 390 2194 hac
408 2165 507 2206 parte
529 2156 747 2196 deficiantur.
775 2157 871 2196 Esset
891 2159 1049 2208 aliquid,
1076 2159 1101 2196 fi
1123 2161 1203 2201 scri-

197 2205 318 2243 beres:
348 2208 578 2245 Adiuverunt
600 2210 728 2246 Baetici
743 2237 753 2254 ‚
780 2210 870 2258 quod
895 2208 997 2257 fimul
1009 2210 1117 2259 fhcios
1131 2223 1199 2251 cet.
1260 2207 1454 2250 STEPHAN.
1480 2213 1643 2252 Voman.
1666 2216 1705 2252 in
1723 2221 1849 2252 textu:
1878 2214 2052 2262 quiddam
2074 2215 2174 2254 haud
2185 2220 2277 2256 comss

198 2266 257 2292 aut
281 2257 429 2295 verbum
451 2259 681 2296 Addiderunt
703 2261 762 2298 tali
785 2287 796 2303 ,
822 2261 880 2298 vel
899 2259 1001 2299 simili
1022 2260 1121 2298 sensu
1142 2275 1199 2300 ca·
1259 2263 1470 2301 municabne
1484 2291 1494 2309 ,
1522 2264 1662 2302 Graeca
1691 2274 1814 2303 autem
1837 2291 1847 2308 ,
1885 2271 1924 2299 ut
1945 2265 2078 2314 saepius
2097 2267 2209 2313 solet,
2237 2271 2276 2308 in

195 2317 281 2353 perc
310 2308 441 2346 liceret.
479 2307 636 2346 Fortasse
658 2310 750 2347 haec
782 2310 906 2347 omnia
939 2311 1045 2348 nimis
1074 2311 1202 2351 libera·
1262 2313 1438 2358 margine.

192 2357 272 2394 liter
314 2358 432 2397 habita
466 2359 544 2397 sunt
585 2370 606 2396 a
640 2358 899 2397 Gloffatoribus
933 2388 944 2404 ‚
982 2362 1020 2398 δε
1067 2362 1200 2401 Plinius
1313 2370 1330 2403 7
1361 2363 1448 2398 Pari
1470 2364 1558 2411 iugo
1661 2362 1869 2412 niteretur]
1900 2363 2102 2404 Helmstad.
2118 2369 2199 2415 pari
2220 2371 2275 2407 in-

188 2401 454 2446 'tantummodo
467 2408 664 2458 scripserat:
694 2410 927 2447 Addiderunt
948 2410 1074 2446 Baetici
1087 2410 1195 2460 fimul
1263 2409 1627 2454 genio...niteretur.
1641 2425 1717 2450 non
1729 2415 1854 2463 placet.
1882 2415 2019 2451 Seneca
2042 2414 2148 2465 Epist.
2172 2419 2272 2458 CIX.

185 2456 291 2504 socios
324 2458 559 2509 ministrosque
581 2459 716 2507 Claffici
741 2488 752 2504 ,
789 2460 1067 2508 nominatimque
1095 2462 1130 2497 in
1150 2475 1200 2500 eos
1262 2457 1357 2494 Idem
1391 2461 1480 2497 velle
1511 2473 1615 2511 atque
1635 2464 1725 2501 idem
1749 2463 1836 2501 nolle
1849 2464 1986 2513 sapiens
2000 2465 2154 2514 sapientt
2169 2478 2272 2519 prae-

180 2514 259 2552 ·cet.
289 2508 342 2544 Ita
363 2511 449 2548 nihil
471 2518 656 2548 mutamus
671 2538 681 2554 ‚
717 2518 860 2547 tantum
883 2509 992 2546 verba
1028 2511 1119 2557 quod
1141 2512 1200 2548 de·
1252 2505 1374 2552 stabit.
1427 2513 1610 2560 Egregium
1631 2522 1708 2562 opus
1732 2515 1806 2562 pari
1837 2517 1923 2562 iugo
1944 2515 2054 2553 ducet.

193 2556 351 2594 tulerunt
366 2586 376 2602 ,
404 2560 530 2607 quibus
553 2560 638 2598 illud
663 2560 890 2597 Addiderunt
923 2558 1098 2608 explicare
1130 2572 1198 2599 vo·
1317 2558 1337 2594 8
1368 2565 1423 2596 Ne
1444 2571 1590 2599 tantum
1611 2564 1762 2613 oneri5.]
1794 2563 1878 2602 Imo
1900 2565 2095 2613 legendum
2111 2579 2173 2612 ,ut
2190 2581 2275 2606 tan-

193 2604 361 2652 luerunt‚
387 2610 549 2646 tollimus
571 2623 590 2647 e
614 2610 750 2648 medio,
1261 2617 1337 2643 tum
1371 2612 1480 2647 oneris
1502 2641 1512 2656 ‚
1550 2623 1620 2651 σε.
1672 2614 1770 2652 Nam
1803 2617 1886 2663 quia
1909 2617 2008 2652 causa
2030 2617 2119 2654 hacc
2141 2630 2274 2667 magna

242 2669 266 2703 4
313 2658 582 2709 anuifitionem
603 2659 619 2709 ]
658 2661 922 2708 cognitionem
971 2662 1163 2700 criminum
1188 2691 1199 2708 ‚
1263 2657 1460 2710 diffusaque
1481 2673 1522 2699 ac
1545 2665 1639 2702 varia
1663 2674 1762 2710 erat,
1792 2665 1926 2702 idcirco
1950 2677 2018 2702 una
2042 2667 2186 2704 actione
2209 2682 2271 2707 ex-

199 2707 297 2753 quod
315 2708 401 2747 solet
424 2709 523 2755 fieri,
552 2709 577 2746 fi
598 2710 846 2760 praecesserint
863 2710 1007 2758 judicia.
1046 2714 1198 2751 cii-rm,
1261 2709 1379 2755 plicari
1412 2711 1508 2748 haud
1540 2721 1681 2761 poterat
1702 2729 1713 2758 3
1754 2715 1910 2763 pluribus
1925 2713 2037 2761 'ig-,itur
2060 2715 2273 2769 tinnulisque

249 2769 266 2803 ς
297 2761 431 2808 Lucejus
455 2760 634 2811 Albinus]
666 2763 756 2808 Quo
790 2761 886 2798 socio
909 2763 1016 2799 etiam
1050 2762 1129 2800 usus
1152 2764 1200 2801 est
1262 2770 1352 2808 opus
1372 2771 1454 2798 crat.
1483 2763 1600 2810 Quod
1621 2763 1655 2801 se
1678 2775 1762 2802 cum
1787 2765 1896 2803 Albio
1921 2766 2099 2817 constituit
2117 2781 2136 2804 e
2159 2772 2271 2808 etiam

203 2802 240 2840 in
257 2808 354 2845 causa
376 2811 458 2856 Julii
479 2811 568 2848 Baffi
584 2840 594 2855 ,
624 2814 661 2850 &
682 2812 856 2858 Joscphus
878 2812 984 2850 tradit
1005 2820 1089 2850 ante
1104 2813 1195 2852 Hie-
1260 2820 1334 2847 non
1363 2819 1505 2850 tantum
1530 2825 1620 2850 mox
1643 2814 1779 2864 subjicit
1798 2815 1931 2853 Plinius
1956 2845 1965 2860 ,
2004 2816 2063 2854 sed
2085 2818 2162 2865 ejus
2182 2831 2273 2856 con-

206 2852 457 2902 rosolYmarum
481 2873 519 2898 ca
546 2862 724 2899 tivitatem
747 2861 816 2899 illic
838 2861 1012 2899 Albinum
1032 2862 1195 2911 judicem
1260 2858 1320 2898 filii
1342 2874 1465 2911 quoqe
1486 2866 1641 2902 rationes
1663 2865 1817 2902 adducit.
1854 2866 1882 2903 B
1897 2879 1921 2901 u
1935 2878 1957 2902 c
1973 2878 1996 2902 Η
2011 2878 2035 2902 Ν
2049 2879 2069 2903 E
2084 2880 2121 2904 n.
2148 2868 2271 2908 Probo

209 2897 411 2955 Romanum
452 2875 562 2949 fuisset,
624 2912 727 2949 Dion
759 2913 796 2949 in
829 2912 995 2960 Trajano
1027 2915 1196 2951 meminit
1260 2912 1505 2951 coniecturam
1543 2916 1606 2952 viri
1645 2915 1837 2953 doftiffimi
1863 2945 1873 2960 ,
1921 2917 2001 2953 iicet
2044 2917 2120 2954 libri
2162 2920 2272 2960 nostri

208 2950 342 2988 Lucium
353 2956 449 2998 fuisse
459 2960 664 3008 profectum
678 2961 843 2999 adversus
855 2963 1001 3007 Dacos,
1025 2965 1197 3002 &contra
1262 2973 1392 2999 omncs
1425 2976 1464 3000 ne
1496 2972 1643 3002 teneant
1665 2981 1675 3009 ;
1723 2977 1816 3014 quae
1839 2967 2014 3004 Particula
2036 2968 2094 3005 hic
2114 2968 2159 3005 ad
2183 2982 2269 3007 nau-

242 2998 468 3053 arthosmulta
480 3012 716 3049 memoranda
729 3011 871 3060 gessisse.
893 3012 1200 3060 CATAN.Luceju5
1261 3011 1354 3050 scam
1388 3015 1571 3052 iteraretur
1599 3043 1610 3059 ‚
1648 3016 1686 3053 &
1719 3016 1797 3053 alibi
1819 3018 1929 3054 etiam
1953 3017 1995 3053 ab
2017 3018 2160 3057 lbrariis
2182 3031 2267 3057 cum

212 3045 390 3102 AEbmmd
413 3057 467 3095 Sic
482 3071 630 3111 quoque
650 3062 771 3102 Par&
794 3061 905 3103 editio
922 3065 1093 3114 antiqua,
1120 3076 1198 3103 non
1261 3074 1300 3100 ut
1324 3072 1527 3112 permutata
1548 3064 1618 3113 est,
1642 3073 1684 3104 ut
1706 3065 1865 3105 vidimus
1887 3067 1931 3107 ad
1952 3068 2033 3107 Lib.
2057 3068 2085 3108 Ι.

1730 3115 1817 3155 Dd
2152 3117 2271 3166 1ss'n7

1315 1625 1388 1672 Qi
1409 1626 1496 1666 velit
1518 1627 1652 1676 ingenio
1675 1629 1811 1676 cedere,
1838 1644 1942 1670 rarus
1963 1632 2040 1671 erit.
