2616 3686
286 205 386 258 442
546 177 2254 252 C.PLIN11CAEC=ILIISECUNDI

290 273 483 330 tollere
514 287 526 324 :
584 267 760 339 plures
802 279 1068 335 nusquam
1107 260 1214 331 jam
1254 260 1387 314 deos
1425 259 1559 312 ullos
1589 295 1604 321 ,
1654 265 1668 287 ¹
1702 271 2086 328 aeternamque
2114 259 2252 314 illam
2280 257 2335 313 δι
2359 264 2466 315 nou

295 344 561 401 vissimam
600 339 816 395 nof'tem
857 336 1063 392 mundo
1100 330 1618 406 interpretabantur.
1693 331 1815 386 Nec
1855 329 2151 387 defuerunt
2189 335 2283 403 qui
2329 331 2465 386 fietis

301 419 650 486 mentitisque
688 415 705 433 ²
742 411 1044 465 terroribus
1084 425 1210 460 vera
1256 405 1493 479 pericula
1518 418 1790 474 augerent.
1870 402 2116 458 Aderant
2143 406 2236 477 qui
2265 404 2470 460 Miseni*-
2542 453 2559 460 ,

199 505 261 549 16
309 491 438 548 illud
475 488 623 544 fuisse
654 525 669 550 ,
707 484 835 538 illud
876 483 1062 538 ardere
1093 478 1258 541 fals0,
1293 477 1385 533 sed
1430 476 1805 539 credentibus,
1842 477 2187 532 nunciabant.
2269 477 2284 504 ³
2311 477 2468 532 Paul-

311 567 422 621 lum
465 562 706 620 reluxit,
759 555 908 627 quod
948 570 1057 608 non
1100 551 1214 604 dies
1249 549 1403 604 nobis
1433 588 1451 613 ‚
1507 550 1597 604 sed
1636 551 1971 604 adventantis
2017 552 2155 621 ignis
2205 549 2473 605 indicium·

316 636 637 692 videbatur:
681 630 732 682 &
775 628 912 697 ignis
982 622 1208 695 quidem
1279 622 1490 690 longius
1541 621 1810 677 substitit:
1861 633 1879 658 ⁴
1930 624 2186 678 tenebrae
2249 623 2423 678 rursus
2451 661 2478 688 ,,
2539 624 2543 628 '

321 711 455 765 cinis
518 703 691 758 rursus
759 699 957 752 multus
1022 696 1074 748 &
1141 695 1349 764 gravis:
1421 695 1564 748 hunc
1628 695 1929 750 identidem
1989 695 2314 766 assurgentes
2375 714 2472 751 ex.

319 779 697 837 cutiebamuS‚
758 771 936 843 operti
996 767 1241 838 alioqui,
1290 778 1454 837 atque
1514 766 1674 820 etiam
1738 769 1759 795 ⁵·
1819 767 1968 821 oblisi
2029 770 2272 840 pondere
2339 768 2481 824 effe-.

217 875 277 926 17
323 869 457 909 mus.
537 846 747 903 Possem
814 842 1024 916 gloriari
1069 879 1086 904 ‚
1138 857 1250 895 non
1301 842 1566 908 gemitum
1618 839 1805 902 mihi,
1865 857 1978 893 non
2032 859 2227 896 vocem
2283 858 2481 914 parum-

213 918 217 923 *
324 927 528 982 fortem
570 923 626 975 in
664 919 823 973 tantis
862 911 1404 989 periculis·excidiffe
1440 950 1458 977 ,
1505 908 1524 931 ⁶
1564 909 1662 965 nisi
1696 927 1785 965 me
1824 925 1950 967 cum
1978 915 2253 980 omnibus,
2294 918 2479 970 omnia.

2259 1004 2485 1043 mecum-

374 1139 397 1178 ’τ
430 1141 696 1182 Aeternumque
719 1131 820 1169 iilam
848 1159 859 1175 ‚
885 1125 996 1176 eya]
1034 1128 1114 1166 Dio
1136 1128 1231 1166 hanc
1251 1126 1365 1178 ipsam
1488 1135 1515 1170 3¹
1538 1125 1707 1164 Paullum
1739 1125 1885 1165 reluxit.
1908 1123 1926 1175 ]
1964 1123 2071 1163 Voff.
2104 1123 2261 1163 H‘elmst.
2290 1125 2360 1164 Ed.
2387 1126 2478 1165 Vet.

327 1191 484 1230 Vesuvii
517 1184 844 1232 conflagrationem
865 1211 874 1227 ‚
915 1191 1011 1230 quae
1047 1179 1109 1216 sub
1132 1180 1228 1218 Tito
1249 1181 1369 1218 conti·
1441 1177 1630 1226 Gryphius
1654 1179 1692 1216 δε
1715 1178 1938 1217 recentiores
1958 1175 2111 1225 quidam
2135 1189 2144 1213 :
2184 1175 2397 1214 paullulum
2428 1191 2481 1214 re-

334 1243 386 1293 git
407 1270 418 1287 ‚
447 1240 527 1278 Lib.
563 1235 707 1274 LXVI.
741 1245 884 1272 narrans
908 1260 927 1277 ‚.
960 1228 1023 1267 noe}
1047 1228 1172 1269 ἒὸέκεν
1187 1260 1198 1276 ,
1225 1232 1369 1281 inquit,
1442 1227 1561 1274 luxit,
1588 1229 1755 1269 sollemni
1776 1227 1995 1267 confufione
2018 1256 2028 1273 ,
2057 1227 2103 1265 de
2125 1239 2198 1277 qua
2219 1227 2265 1266 ad
2289 1227 2371 1266 Lib.
2392 1227 2485 1266 VII.

338 1294 374 1330 ‚i
395 1294 454 1336 uio
489 1290 550 1331 78³5
579 1292 762 1330 γίγαντκς
797 1286 1034 1321 {varis-arbom
1058 1310 1070 1328 ,
1107 1282 1135 1318 oi
1170 1282 1208 1318 δὲ
1243 1280 1308 1320 καὶ
1336 1280 1369 1324 ἔς
1445 1279 1554 1330 Epist.
1579 1280 1744 1319 XXVII.
1774 1292 1811 1318 n.
1831 1293 1877 1330 9..
1907 1291 1947 1317 ut
1966 1278 2129 1328 paullum
2150 1279 2372 1329 exspestaret.
2410 1278 2486 1319 Hic

337 1344 427 1393 χάος
464 1339 480 1382 37
514 1342 576 1377 καῖ
598 1341 672 1385 π’ὕξ
698 1338 753 1374 τὸν
778 1335 904 1379 κέσμον
933 1333 1058 1370 πάντα
1089 1331 1370 1371 &vanienses—oxi:
1447 1339 1545 1369 certe
1574 1331 1807 1371 veterrimus
1831 1359 1841 1376 ,
1881 1331 1997 1368 Arnz.
2032 1332 2070 1368 &
2110 1329 2226 1367 Aldus
2245 1330 2408 1380 paullum
2431 1345 2488 1369 re-

335 1392 602 1442 Existimabam
624 1388 786 1426 nonnulli
804 1388 963 1437 gigantes
986 1396 1108 1423 contra
1122 1385 1371 1435 seinsurgere:
1447 1382 1553 1421 luxit.
1587 1383 1744 1421 Heltnst.
1783 1381 1978 1421 Paululum
2011 1380 2143 1419 reluxit
2177 1381 2331 1432 quidem
2355 1410 2368 1428 ,
2416 1394 2492 1420 non.

336 1446 424 1488 alii,
453 1454 520 1482 aut
542 1442 720 1478 mundum
740 1440 779 1478 in
801 1437 905 1476 chaos
927 1437 1036 1486 redigi
1060 1465 1070 1481 ,
1107 1447 1174 1473 aut
1197 1437 1268 1486 igni
1295 1449 1374 1475 con·
1452 1433 1520 1472 dies
1555 1434 1664 1472 nobis.
1691 1446 1894 1484 perperam.

326 1497 440 1546 sumi.
469 1496 618 1543 Nempe
641 1491 834 1540 Epicutaei
859 1492 898 1529 ὃς
921 1488 1035 1527 Stoici
1058 1490 1261 1538 periturum
1285 1489 1372 1538 igne
1498 1498 1523 1533 4
1550 1484 1724 1523 Tenebrae
1744 1484 1908 1535 rursus.]
1937 1484 2085 1524 Tantus
2099 1483 2169 1523 fuit
2181 1478 2489 1534 ignis&fumus,'

335 1546 524 1586 mundum
550 1573 561 1589 ,
595 1538 801 1592 'omniaque
837 1543 874 1579 in
905 1540 1094 1591 pristinum
1120 1568 1130 1584 ,
1166 1539 1267 1578 unde
1298 1547 1376 1577 orta
1449 1543 1490 1573 ut
1525 1547 1610 1574 aera
1641 1543 1767 1575 totum
1799 1536 2038 1574 obumbraret
2062 1564 2073 1581 ,
2109 1544 2234 1575 totum
2259 1548 2348 1576 vero
2371 1537 2486 1576 solem

339 1597 597 1644 esseni,chaos
618 1594 803 1640 recasura,
822 1592 1036 1632 statuebant.
1065 1592 1240 1630 Lucanus
1253 1591 1336 1630 Lib.
1350 1590 1378 1629 Ι.
1453 1588 1654 1626 occultaret
1679 1599 1749 1626 ceu
1771 1587 1986 1626 dest-etum:
2013 1598 2091 1626 nox
2116 1599 2206 1626 vero
2231 1601 2276 1627 ex
2300 1589 2381 1633 die,
2409 1598 2489 1626 nox

1454 1640 1493 1680 ὃς
1525 1640 1699 1678 tenebrae
1733 1651 1786 1678 ex.
1811 1639 1893 1680 luce
1929 1638 2046 1677 saetae
2074 1639 2164 1678 sunt.
2205 1639 2491 1678 Eruetabatim-

392 1720 456 1730 -
486 1700 536 1736 sic
550 1728 559 1744 ‚
589 1711 667 1735 cum
689 1705 845 1746 compage
865 1695 986 1746 solum
1454 1691 1598 1729 mensus
1619 1692 1729 1736 ciuis,
1756 1693 1796 1730 &
1818 1690 2020 1740 occupabat
2041 1698 2175 1729 terram
2189 1719 2201 1736 ‚
2221 1703 2324 1729 mare
2347 1720 2358 1737 ‚
2383 1701 2492 1729 aera:
2560 1736 2563 1739 Ι

396 1750 517 1789 Secula
541 1761 593 1787 tot
614 1748 742 1787 mundi
758 1746 925 1796 suprema
947 1745 1088 1794 coegerit
1111 1744 1199 1782 hora
1214 1774 1226 1791 ,
1453 1741 1688 1780 laedebantur
1710 1744 1908 1787 homines,
1936 1742 2128 1790 regiones,
2155 1754 2292 1791 pecora
2314 1772 2325 1788 ,
2357 1742 2503 1792 pisces‚.

325 1834 332 1841 .
395 1802 610 1850 Antiquam
635 1808 786 1850 repetent
812 1800 943 1836 iterum
967 1797 1069 1834 chaos
1091 1796 1221 1834 omnia.
1456 1802 1640 1843 praeterea
1659 1805 1745 1839 aves
1766 1793 2061 1832 absumebantur.
2085 1795 2205 1833 Dion.
2245 1795 2399 1833 Carni.

1512 1857 1530 1893 ς
1563 1844 1681 1883 Oblifi
1709 1846 1855 1895 pondere
1887 1843 2067 1895 effemus.]
2100 1846 2254 1884 Mallem
2280 1859 2288 1884 :
2319 1845 2392 1885 elifi
2408 1854 2506 1896 pon-5·

349 1903 480 1953 Atque
509 1902 555 1939 ab
583 1902 654 1939 hac
685 1900 895 1939 necessitate
932 1909 1001 1937 nee
1029 1899 1137 1937 Deos
1169 1899 1265 1948 ipsos
1288 1897 1387 1937 exci-
1460 1896 1539 1935 dere
1560 1895 1710 1945 essemus.
1739 1899 1914 1936 Lucanus
1937 1895 2021 1936 Lrib.
2043 1897 2093 1936 11.
2114 1909 2166 1936 vs.
2190 1898 2274 1935 206.

350 1956 511 2004 piebant.
538 1952 678 1990 Seneca
702 1950 894 2000 Thyeste:
1987 1980 1995 1987 .

1514 2018 1576 2030 —-
1604 2001 1764 2051 vivaque
1779 2013 1911 2050 graves
1934 1995 2073 2039 elidunt
2093 2010 2233 2050 corpora
2254 2001 2386 2039 trunci.

405 2055 602 2105 Trepidant
617 2082 628 2096 ,
655 2053 838 2103 trepidant
855 2055 991 2102 penora
1016 2065 1145 2104 magno-

406 2105 571 2154 Perculsa
590 2115 712 2149 metu,
741 2105 912 2149 nefiztalz
1465 2101 1526 2140 ubi
1558 2103 1652 2142 vide.
1689 2102 1853 2143 oblidere
1880 2111 2008 2142 tamen
2043 2103 2179 2141 eodem
2212 2102 2289 2141 fere
2308 2101 2410 2140 sensu
2433 2101 2509 2139 Ci-'--

409 2159 552 2195 Cuoc‘ia
573 2156 681 2193 ruina
705 2154 867 2204 quassata
891 2154 1037 2198 labent,
1468 2164 1555 2190 cero
1579 2181 1589 2198 ,
1628 2154 1782 2193 Tacitus
1805 2185 1814 2201 ,
1850 2155 2069 2194 Prudentius
2101 2156 2138 2193 ὃς
2161 2154 2218 2193 alii
2247 2154 2416 2193 dixerunt
2433 2181 2446 2199 ‚
2471 2150 2507 2189 fi:

409 2214 612 2256 Rerumque
639 2212 726 2244 Deos
750 2204 973 2256 hominesque
991 2215 1131 2256 premat
1467 2203 1587 2242 modo
1608 2205 1689 2243 sana
1709 2206 1879 2256 scriptura
1897 2205 1945 2244 ad
1967 2218 2036 2244 nos
2058 2208 2241 2255 pervenit.

411 2259 579 2306 Deforme
602 2256 717 2295 chaos.
746 2277 817 2286 —
1519 2255 1542 2292 6
1572 2256 1653 2306 Nifi
1682 2269 1737 2294 me
1770 2271 1849 2296 cum
1881 2256 2091 2306 omnibus.]
2131 2257 2376 2299 Sensus,est:
2413 2253 2501 2291 fiin-

1470 2306 1544 2343 hoc
1578 2307 1658 2345 casu
1692 2309 1812 2359 aliqua
1834 2310 2033 2347 meliorum
2056 2308 2116 2358 spe
2136 2308 2240 2357 supra
2257 2305 2491 2358 praesentium

361 2362 412 2401 Et
435 2374 482 2399 eo
508 2361 666 2410 perfluet
681 2389 689 2403 ‚
718 2358 821 2408 quod
842 2358 1011 2396 n0ssnulli
1025 2386 1034 2401 ‚
1055 2365 1096 2396 ut
1112 2357 1224 2396 refert
1237 2357 1373 2396 Noster
1387 2386 1399 2403 ,
1471 2358 1706 2397 acerbitatem
1727 2359 1939 2399 sustulissem
1959 2362 2125 2399 animum
2141 2389 2152 2405 ,
2178 2368 2258 2397 tum
2270 2354 2405 2407 poffem
2415 2353 2493 2407 glo-

365 2414 552 2456 dicerent,
581 2424 759 2461 nusquam
776 2411 858 2460 jam
883 2415 972 2448 Deos
987 2409 1073 2447 ullos
1084 2407 1153 2458 effe.
1185 2409 1400 2448 Bucimmt.
1471 2411 1576 2455 riari,
1598 2423 1668 2449 nec
1688 2414 1872 2460 gemitum
1892 2413 1983 2450 mihi
2008 2423 2077 2450 nec
2100 2410 2232 2448 fortem
2256 2415 2379 2456 parum
2400 2412 2494 2440 exci—

366 2465 541 2502 Lucanus
567 2463 647 2501 Lib.
668 2463 716 2499 V.
741 2473 790 2500 vs.
816 2462 900 2508 634.
1473 2459 1560 2500 disse
1580 2473 1718 2501 vocem
1743 2464 2086 2513 (etenim-magnae
2106 2461 2235 2500 indolis
2257 2457 2394 2511 iignum
2415 2451 2494 2500 spe-

1474 2522 1552 2550 rare
1583 2513 1751 2564 semper)
1775 2526 1875 2553 nunc
1897 2526 1982 2552 cum
2005 2525 2049 2552 ex
2073 2509 2316 2559 desperatione
2337 2502 2372 2560 ¹.d
2396 2500 2493 2539 fece-

416 2566 595 2604 Extimuit
621 2575 756 2601 natura
780 2564 882 2602 chaos
897 2593 906 2608 ‚
935 2564 1053 2615 rupisse
1075 2566 1248 2604 videntur
1476 2565 1545 2602 rim
1570 2567 1691 2613 potius
1705 2595 1716 2611 ,
1744 2568 1782 2606 δε
1803 2568 1888 2615 quia
1904 2564 2036 2603 credidi
2059 2561 2184 2600 mundi
2205 2557 2314 2595 finem
2338 2551 2468 2611 instare
2484 2581 2494 2595 ,

418 2618 608 2655 Concordes
631 2616 801 2652 elementa
825 2629 966 2662 moras,
992 2616 1181 2668 rursusque.
1199 2613 1311 2655 redire
1479 2615 1702 2656 constantiae
1733 2619 1772 2657 &
1807 2615 2026 2655 fortitudinis
2057 2610 2198 2650 laudem
2235 2614 2366 2643 mereri
2396 2603 2494 2641 haud

421 2669 511 2707 Nox
534 2679 661 2705 manes
686 2670 845 2705 mixtura
870 2667 955 2706 cleis,
1480 2665 1648 2714 possum:
1679 2680 1801 2718 neque
1824 2670 1922 2706 enim
1946 2666 2055 2700 virtus
2076 2659 2125 2698 est
2140 2686 2149 2702 ,
2177 2654 2276 2714 quod
2289 2654 2495 2692 necessitate

1479 2719 1704 2767 exprimitur.
1740 2719 1892 2757 Interim
1923 2722 2046 2750 tamen
2079 2711 2241 2764 ignaviae
2274 2705 2344 2763 sese
2368 2717 2495 2744 vacare

378 2771 547 2817 Virgilius
570 2769 597 2807 1.
618 2770 755 2817 Georg.
778 2780 828 2808 vs.
850 2769 934 2816 468.
1479 2770 1582 2818 culpa
1615 2769 1788 2818 significat
1809 2797 1820 2813 ,
1846 2775 1886 2804 ut
1914 2764 1975 2812 qui
2005 2757 2207 2808 persuaserit
2244 2769 2393 2801 ammo,
2421 2768 2510 2795 non=

1478 2818 1548 2858 effe
1574 2819 1764 2858 ferendum
1785 2828 1891 2865 aegre
1912 2820 1973 2850 aut
1994 2808 2263 2858 deprecandum
2287 2809 2471 2846 interitum
2487 2837 2498 2852 ,

430 2870 609 2917 Impiaque
630 2879 814 2910 aeternam
847 2873 1043 2911 timuerunt
1068 2871 1212 2922 saecula
1241 2871 1408 2910 nostem.
1477 2872 1542 2918 qui
1570 2882 1701 2907 omnes
1725 2868 1851 2907 eadem
1876 2862 2040 2902 involvat
2061 2861 2171 2897 ruina.
2201 2859 2387 2917 l'atiapud
2403 2861 2500 2918 Tra-

1477 2922 1600 2968 gicum
1627 2921 1767 2956 ratione
1801 2917 1833 2953 se
1861 2911 2063 2950 consolatur
2090 2922 2132 2947 ac
2163 2919 2265 2961 erigit
2297 2912 2428 2950 chorus
2462 2925 2512 2951 m:

433 2980 454 3004 2
481 2968 690 3020 Terroribus.
715 2969 731 3017 ]
782 2971 881 3008 Nam
920 2972 1212 3010 existimabantur
1247 2975 1409 3021 gigantes
1481 2969 1584 3007 fimili
1607 2969 1688 3006 casu
1710 2995 1722 3011 ‚
1751 2976 1835 3003 cum
1861 2964 1929 3000 ἓῑῑῑ

352 3030 359 3034 ·
382 3017 603 3058 insurrexissc
627 3046 637 3060 ,
678 3020 714 3055 8<
740 3019 875 3065 effigies
902 3021 1045 3057 illorum
1071 3023 1270 3070 apparuisse
1293 3026 1329 3060 in
1353 3023 1410 3059 fu-

386 3081 454 3108 mo
469 3097 479 3115 ,
506 3076 690 3117 praeterea
714 3070 881 3107 tubarum
906 3070 1042 3109 sonitus
1065 3075 1190 3111 audiri.
1219 3075 1374 3113 Cum.
1531 3067 1676 3108 Abeant
1697 3063 1830 3117 questus
1845 3094 1855 3112 ‚
1883 3064 2014 3114 discede
2037 3063 2161 3102 dolor!
2444 3114 2449 3120 ἡ

2410 3121 2519 3156 Vuae·
