2616 3686
280 202 383 259 ⁶4⁶
503 192 562 242 e.
627 172 1592 238 PL1N112CAECIL11
1660 159 2175 231 SECU'NDI

289 276 382 331 illo
410 273 574 337 sileri,
615 270 771 326 velis:
809 285 838 322 a
865 283 952 322 me
972 261 1312 338 praesertim,
1350 254 1500 327 cujus
1520 258 1924 333 praedieatione
1945 275 2099 334 putas
2120 264 2286 319 vitam
2310 263 2422 336 ejus·

291 351 506 413 ornari,
549 345 870 402 memoriam
898 340 1207 414 prorogari,
1246 335 1522 408 ipsamque
1549 335 1722 400 illam,
1762 347 1775 368 ¹
1801 354 1908 409 qua
1932 335 2005 392 est
2029 352 2236 412 raptus,
2277 355 2420 396 aeta·

296 437 409 481 tem
434 422 582 498 posse
604 419 824 478 restitui.
902 416 1043 474 Vale.

553 599 628 654 X.
704 596 772 652 C.
848 584 1783 658 PL1Nius,TAc1To
1862 589 2042 646 Suo
2118 591 2171 647 S.
2248 650 2250 653 ,

476 841 490 870 ³
518 835 800 889 Minervae
828 833 883 884 &
909 829 1112 883 Dianae
1139 869 1152 890 ,
1194 842 1324 899 quas
1344 824 1416 877 ais
1445 825 1642 895 pariter
1664 825 1917 880 colendas
1940 860 1955 882 ,
1996 830 2293 882 convenire
2318 846 2431 885 non

259 910 476 985 2possit.
553 909 741 980 Itaque
765 903 1049 960 Minervae
1081 915 1290 956 tantum
1315 897 1656 953 serviendum
1679 899 1753 952 est
1771 937 1787 962 ‚
1831 906 1853 935 ⁴
1880 901 2112 957 delicate
2134 915 2313 958 tamen
2334 947 2347 966 ,
2371 919 2434 960 ut

298 989 353 1042 in
377 983 603 1047 seceffu,
643 984 699 1037 δε
734 978 940 1035 aestate.
1018 978 1076 1032 In
1102 978 1184 1030 via
1209 977 1362 1047 plane
1388 973 1647 1028 nonnulla
1677 974 1904 1038 leviora,
1943 976 2228 1049 statimque
2251 978 2439 1034 delen-

301 1062 394 1126 da,
434 1078 494 1116 ea
516 1059 854 1134 garrulitate,
895 1062 1039 1129 §qua
1058 1053 1332 1107 sermones
1353 1050 1407 1103 in
1435 1047 1688 1104 vehiculo
1713 1049 1986 1114 seruntur,
2023 1053 2262 1109 extendi.
2327 1053 2435 1110 His

2275 1145 2441 1201 quae-

294 770 313 795 2
339 758 621 903 CUpio
645 755 947 829 praeceptis
966 753 1070 808 tuis
1102 767 1292 824 parere
1316 792 1332 817 ‚
1385 748 1478 804 sed
1510 765 1766 821 aprorum
1795 763 1941 806 tanta
1967 752 2189 824 penuria
2215 750 2288 808 est
2311 791 2327 817 ‚
2369 767 2430 810 ut

289 1285 434 1325 laecum
453 1284 516 1323 tibi
537 1287 730 1321 renovent.
775 1279 946 1319 Diximus
977 1277 1023 1316 de
1041 1278 1108 1315 hac
1130 1277 1258 1326 Figura
1285 1275 1330 1315 ad
1400 1274 1438 1312 T
1454 1273 1487 1312 A
1501 1273 1561 1312 CI
1574 1272 1612 1312 T
1627 1273 1664 1311 O
1713 1273 1748 1310 S.
1796 1284 1864 1323 pro
1903 1274 1935 1312 C
1947 1275 1984 1313 O
1999 1278 2033 1315 R
2045 1277 2098 1316 N.
2143 1274 2229 1314 TA
2241 1275 2398 1316 CITU
2411 1278 2435 1317 S

291 1337 428 1375 Sallust.
452 1337 534 1384 Jug.
564 1345 642 1382 cap.
657 1331 779 1370 XXX.
814 1342 851 1369 n.
878 1343 914 1378 4.
947 1337 1056 1380 atque
1084 1331 1137 1366 uti
1155 1328 1330 1366 hocloco
1399 1325 1424 1364 P
1441 1325 1501 1363 LI
1516 1326 1553 1363 N
1566 1325 1581 1361 1
1594 1325 1631 1362 O
1671 1323 1704 1361 S.
1723 1322 1965 1364 inscribentes.
1992 1328 2024 1364 C
2038 1340 2059 1365 A
2072 1339 2100 1365 T
2114 1338 2135 1363 Α
2150 1338 2187 1364 Ν.
2215 1328 2320 1377 Cupio
2336 1338 2438 1378 prae-

1403 1376 1501 1426 ceptis
1520 1376 1588 1414 tuis
1602 1377 1759 1425 parem]
1789 1377 1880 1413 Non
1898 1375 2066 1418 affentior
2096 1377 2285 1416 Catanaeo
2306 1406 2318 1424 ,
2346 1381 2439 1418 aliis-

1403 1439 1475 1485 que
1495 1426 1610 1464 doffls
1632 1426 1715 1464 viris
1732 1425 2012 1467 existimantibus
2029 1429 2123 1467 hanc
2146 1429 2335 1477 epistolam
2356 1431 2438 1469 Ta-

1405 1486 1465 1516 citi
1487 1477 1569 1516 effe.
1599 1477 1700 1514 Nam
1734 1477 1837 1526 quod
1856 1479 1906 1515 ait
1928 1478 2129 1518 Catanaeus
2147 1479 2241 1517 hanc
2267 1477 2338 1519 effe
2359 1482 2439 1520 Ta-

1404 1530 1463 1567 citi
1482 1527 1757 1577 responsionem
1779 1527 1824 1566 ad
1845 1528 1962 1567 literas
1981 1531 2085 1569 Plinii
2103 1556 2115 1574 ,
2142 1541 2237 1579 quae
2257 1530 2347 1569 libro
2367 1535 2441 1582 pri-

1407 1591 1473 1618 mo
1493 1580 1729 1636 continentur
1741 1577 1906 1635 'Epistola
1923 1579 2020 1619 sexta
2032 1596 2044 1625 ;
2058 1581 2150 1619 mihi
2169 1582 2268 1619 aliter
2284 1583 2437 1624 videtur.

1406 1630 1500 1668 Puto
1531 1642 1631 1669 emm
1662 1630 1815 1667 thum
1846 1641 1945 1668 nunc
1976 1631 2191 1681 respondere
2224 1632 2403 1681 Epistolae
2425 1662 2438 1680 ,

1405 1693 1520 1739 quam
1539 1681 1602 1731 ipsi
1625 1681 1778 1738 Tacitus
1797 1681 1891 1719 mifit
1911 1692 2059 1732 accepta
2082 1683 2139 1720 illa
2156 1683 2338 1731 superiore
2361 1685 2438 1724 libri

1406 1735 1523 1782 pruni.
1576 1732 1669 1769 Sane
1689 1743 1753 1781 qui
1780 1739 1918 1772 attente
1947 1742 2142 1783 utramque
2168 1734 2364 1782 Epistolam
2383 1737 2439 1774 in·

1407 1792 1460 1822 ter
1481 1784 1516 1822 se
1547 1783 1801 1827 comparabit,
1835 1784 2010 1835 intelliget
2039 1796 2119 1822 non
2145 1785 2352 1834 responderi
2377 1787 2440 1826 ista
2472 1813 2475 1815 -

1406 1834 1453 1872 illi
1473 1835 1602 1884 priori:
1630 1833 1691 1871 sed
1712 1833 1768 1871 alii
1790 1833 1936 1872 cuidam
1957 1864 1967 1882 ,
1995 1837 2097 1886 quus
2119 1844 2375 1884 argumentum
2399 1839 2437 1876 &

1408 1886 1566 1927 ὑπόθεσις
1588 1895 1632 1922 ex
1651 1885 1707 1922 illa
1727 1885 1846 1933 priore
1867 1895 1967 1925 erant
1987 1895 2083 1925 nata.
2108 1886 2212 1935 quod
2231 1887 2317 1935 quia
2335 1895 2439 1936 puta-

1410 1947 1491 1974 mus
1520 1934 1874 1991 acutumdeclorem
1899 1949 1944 1975 ex
1968 1939 2156 1987 utriusque
2188 1937 2368 1987 Epistolae
2389 1940 2439 1978 le-

1409 1986 1531 2025 &tione
1549 1986 1653 2024 facile
1672 1986 1940 2026 intellecturum
1967 2018 1978 2034 ,
2016 1989 2171 2038 pluribus
2203 1990 2354 2038 probare
2386 1989 2441 2028 su·

1407 2037 1691 2086 persedebimus.
1719 2037 1751 2074 C
1767 2049 1788 2073 A
1804 2051 1820 2073 s
1838 2050 1859 2074 A
1872 2051 1897 2074 u
1911 2052 1932 2075 n
1944 2052 1967 2074 o
1981 2051 2020 2078 N.
2048 2040 2220 2078 Omnino
2246 2040 2349 2079 Plinii
2365 2040 2436 2086 est,

1408 2089 1498 2128 nihil
1517 2087 1562 2126 ad
1582 2088 1772 2126 Tacitum.
1797 2087 1823 2125 B
1837 2101 1857 2125 A
1870 2102 1896 2126 R
1909 2101 1936 2126 T
1949 2101 1986 2126 Η.

297 1387 377 1431 hoc;
408 1386 455 1424 fic
475 1385 556 1425 alibi
574 1385 612 1422 td
634 1412 645 1429 ‚
672 1383 764 1420 idem
779 1409 789 1426 ,
818 1392 894 1419 tam
915 1381 1079 1430 aliaeque
1100 1390 1210 1417 voces
1232 1406 1243 1423 ‚
1268 1379 1324 1416 ali-

296 1438 386 1487 quid
404 1438 476 1475 «ἐπὶ
499 1439 595 1473 notu&
616 1440 784 1482 repetunt
810 1444 818 1469 ε
856 1440 896 1469 ut
915 1432 1017 1480 supra
1034 1430 1222 1479 aliquoties
1240 1429 1331 1468 vidi·

296 1501 392 1527 mus.
418 1487 541 1526 Etiam
564 1484 639 1523 fine
659 1484 721 1522 tali
736 1481 882 1520 custode
902 1482 1001 1520 idem
1019 1493 1132 1530 genus
1152 1480 1328 1530 loquendi

296 1540 567 1578 observavimus
588 1536 667 1574 Lib.
684 1535 747 1572 HI.
776 1533 884 1583 Epist.
905 1534 970 1572 1Χ.
987 1545 1023 1571 n.
1051 1544 1109 1571 12.
1144 1532 1224 1571 Lib.
1248 1531 1332 1570 Vll.

296 1591 408 1640 Epist.
436 1590 504 1628 IV.
540 1600 576 1626 n.
597 1586 634 1625 6.
671 1584 799 1635 quibus
835 1584 924 1622 locis
960 1584 1024 1622 alia
1072 1581 1331 1632 adscripfimus.

303 1642 338 1680 C
355 1655 378 1678 0
393 1655 416 1679 R
433 1653 456 1678 T
471 1652 507 1678 Ε.

356 1704 389 1731 1.
415 1691 508 1744 Qec
526 1690 574 1728 est
592 1688 752 1737 raptus]
794 1686 850 1724 Sic
880 1685 925 1724 de
958 1692 1185 1735 praematura
1215 1692 1336 1724 morte

300 1744 511 1798 loquuntur.
539 1740 721 1778 Ausonius
739 1735 886 1777 Profeff.
908 1737 1028 1786 Epigr.
1049 1737 1119 1775 VI.
1138 1747 1191 1775 vs.
1215 1735 1249 1775 8.

491 1824 693 1889 ostentatus⁴
702 1867 713 1885 ,

418 1928 461 1939 s
486 1893 541 1930 Ra
546 1901 690 1943 ptusque
708 1889 829 1942 fimul.

305 1997 335 2034 B
352 2008 373 2033 A
386 2007 410 2034 R
423 2007 446 2032 τ
459 2007 500 2034 H.
528 1993 636 2032 Adde
660 1992 759 2042 supra
777 1991 822 2030 ad
851 1990 933 2029 Lib.
953 1990 1024 2028 VI.
1045 1988 1153 2038 Epist.
1172 1989 1243 2026 VI.
1257 2001 1293 2027 n.
1306 1998 1341 2035 7.

307 2048 412 2085 Doleo
432 2045 641 2084 eniminum
671 2046 870 2082 immatura
903 2052 1010 2078 morte
1042 2041 1266 2089 indigniffime
1287 2050 1338 2076 ra—

307 2106 429 2146 ptum.
454 2101 620 2134 Aetatem
643 2093 742 2143 poffe
768 2094 898 2132 restitui
916 2091 1187 2141 putavit‚quali
1208 2091 1340 2128 Plinius

300 2150 481 2199 juvenem
505 2145 567 2195 ipsi
581 2145 781 2184 redditurus
802 2142 912 2188 esset,
940 2154 1017 2192 quo
1039 2141 1168 2179 diutius
1192 2141 1340 2178 vivente

934 2194 941 2201 ι
1093 2193 1099 2199 ·
1303 2193 1321 2198 ..
1462 2151 1497 2189 3.
1526 2139 1712 2177 Minervae
1731 2149 1775 2178 w·
1799 2139 1979 2191 Dianae]
2012 2141 2140 2180 Studiis
2161 2139 2237 2180 five
2252 2141 2370 2186 literis,
2395 2141 2433 2178 &

309 2201 380 2238 frui
402 2206 511 2248 queat
534 2211 543 2236 :
571 2209 655 2236 nam
677 2197 776 2235 senes
799 2194 825 2232 fi
845 2205 1006 2233 max1me
1023 2192 1203 2235 restituas,
1231 2191 1276 2228 de
1300 2203 1340 2230 ns

1407 2190 1604 2228 venationi.
1632 2190 1656 2226 Β
1671 2203 1695 2226 υ
1709 2201 1732 2227 c
1745 2201 1772 2227 H
1786 2202 1810 2227 N
1823 2203 1843 2228 ε
1858 2204 1895 2229 n.

309 2252 452 2298 semper
467 2248 676 2286 timendum
692 2275 702 2292 ‚
714 2260 762 2285 ne
780 2246 930 2284 tandem
955 2253 1103 2282 naturae
1125 2243 1342 2281 concedant.

310 2302 418 2339 Haec
437 2300 611 2347 elegantia
629 2299 743 2337 subest
763 2312 775 2342 ;
803 2308 914 2346 quam
936 2295 961 2333 fi
981 2295 1157 2343 negligaS,
1184 2305 1253 2332 nec
1273 2294 1341 2332 Pli-

309 2354 414 2391 nium
436 2350 660 2400 adsequeris,
688 2351 727 2388 &
746 2350 783 2387 in
805 2348 922 2387 verbis
941 2357 1018 2383 non
1037 2345 1341 2394 multumleporis

313 2403 489 2442 invenies.

363 2467 398 2493 2.
427 2451 569 2503 capim]
607 2452 683 2490 Nisi
703 2451 851 2501 epistola
871 2447 1029 2489 Secundi
1047 2459 1093 2486 ex
1130 2446 1211 2485 Lib.
1229 2449 1258 2485 Ι.
1284 2446 1345 2485 ubi

309 2506 473 2544 hortatur
493 2503 668 2542 Tacitum
688 2503 734 2541 ad
745 2503 980 2541 venationem
1003 2498 1345 2549 pariter&studium

313 2557 486 2605 exemplo
508 2556 572 2592 suo
595 2582 605 2599 ‚
638 2563 719 2592 tum
751 2554 860 2592 etiam
894 2553 956 2591 stili
992 2549 1194 2589 diversitate
1228 2550 1344 2598 aliqua

309 2607 504 2650 sentimus,
530 2606 696 2654 quamvis
719 2606 819 2642 nullo
842 2602 1039 2651 exemplari
1053 2600 1247 2639 addicente
1262 2601 1343 2644 ‚has

308 2658 427 2696 literas
446 2670 466 2695 a
489 2656 605 2694 Corn.
628 2657 762 2695 Tacito
780 2656 919 2704 scriptas
940 2651 1045 2691 fuiffe
1067 2651 1260 2695 Secundo,
1283 2652 1344 2700 qui

312 2708 359 2747 illi
371 2711 450 2760 jam
470 2715 701 2757 praenotatae
730 2706 900 2754 epistolae
927 2705 973 2743 ad
1004 2715 1167 2752 unguem
1198 2703 1344 2750 respon-

317 2759 379 2798 det
401 2774 410 2798 z
439 2771 516 2797 non
536 2755 635 2807 poffe
660 2786 671 2803 ,
706 2758 835 2795 scilicet
857 2757 1048 2794 Minervae
1070 2756 1107 2792 ὅ(
1131 2754 1272 2792 Dianae
1301 2753 1341 2791 fi-

313 2811 389 2847 mul
423 2811 602 2849 inservire.
629 2819 740 2859 quare
775 2807 904 2846 omiffa
931 2807 1125 2846 venatione
1145 2833 1155 2850 ‚
1200 2813 1342 2842 tantum

318 2859 460 2915 studere
480 2860 654 2898 intendit:
682 2871 789 2909 parce
809 2867 950 2904 tamen,
967 2858 1051 2908 quia
1069 2858 1105 2896 in
1125 2856 1235 2894 aestu.
1264 2856 1345 2893 Nec

319 2920 455 2946 mltum
482 2909 508 2946 s1
535 2911 719 2948 Secundus
744 2911 805 2949 has
832 2922 919 2948 unas
946 2909 1067 2948 Taciti
1087 2907 1152 2946 suis
1177 2907 1344 2951 inseruit,

318 2965 359 2996 ut
383 2970 469 2996 eum
488 2959 532 2996 ab
551 2962 719 2998 omnibus
739 2962 1012 3006 secerneret,&
1039 2958 1272 3009 praecipuum
1294 2957 1346 2994 fa-

316 3017 427 3048 ceret.
452 3008 554 3058 quod
570 3010 697 3047 librarii
717 3022 793 3047 non
826 3011 1063 3058 intelligentes
1092 3011 1269 3057 integram
1296 3008 1345 3045 le·

277 3104 281 3108 ,
322 3060 485 3100 (tionem
503 3059 540 3097 in
561 3059 726 3099 vitiosam
758 3067 939 3098 mutarant
963 3088 974 3107 ‚
1010 3062 1056 3114 C,
1080 3061 1106 3098 P
1123 3057 1346 3099 LlNlUS
1379 3050 1384 3064 ¹
1414 3052 1555 3104 hiculod,
1586 3051 1657 3089 fine
1686 3046 1967 3094 Praepofinone.
1995 3047 2150 3088 Helmst.
2168 3049 2372 3098 praeterea,
2403 3053 2441 3089 &

1423 2291 1431 2298 ν
1461 2254 1493 2286 4.
1520 2241 1677 2278 Delicate
1689 2251 1805 2278 tamen
1820 2270 1830 2286 ‚
1843 2252 1883 2279 ut
1895 2242 1932 2278 in
1936 2242 2060 2294 seceffu
2074 2271 2085 2288 ,
2098 2243 2305 2294 Quaestum]
2333 2245 2374 2279 Ut
2395 2240 2432 2277 in

1399 2291 1542 2341 secessu,
1570 2294 1705 2341 quippe
1719 2303 1832 2340 quem
1853 2293 2047 2343 voluptatis
2070 2295 2108 2331 ὃς
2128 2293 2332 2333 refectionis
2349 2302 2433 2328 cau-

1407 2343 1441 2380 sa
1466 2352 1589 2392 petere
1608 2343 1768 2381 solebant
1790 2357 1798 2381 ε
1837 2354 1877 2382 ut
1907 2344 1944 2381 in
1962 2344 2085 2393 aestate
2103 2373 2114 2389 ‚
2141 2350 2235 2395 quae
2253 2342 2365 2391 gravis
2391 2342 2429 2379 &

1410 2395 1521 2432 noxia
1544 2395 1650 2432 nimis
1669 2393 1937 2433 intendentibus
1955 2399 2133 2435 animum.
2185 2393 2292 2431 Unde
2313 2393 2350 2428 δε
2368 2402 2434 2439 per

1410 2455 1610 2494 puerorum
1637 2445 1742 2483 ludos
1770 2445 1878 2485 feriae
1905 2457 1925 2483 a
1949 2446 2044 2494 Julio
2069 2448 2106 2484 in
2142 2444 2222 2483 Idus
2243 2441 2434 2481 Ostobres.

1414 2496 1509 2535 Vide
1534 2497 1673 2534 Marial.
1703 2495 1783 2533 Lib.
1800 2497 1847 2535 X.
1868 2496 1989 2545 Epigr.
2009 2496 2123 2534 LXII.
2163 2496 2246 2532 Ins
2260 2504 2300 2530 tu.
2335 2493 2437 2541 Delif

1413 2558 1507 2593 cate,
1535 2549 1559 2586 i.
1578 2559 1653 2584 non
1676 2547 1787 2595 rigide
1809 2548 1847 2584 δε
1866 2556 1948 2585 toto
1967 2549 2103 2586 animo.
2130 2543 2191 2581 BA
2205 2557 2229 2581 a
2246 2554 2317 2580 ra.

1463 2611 1497 2645 4.
1522 2600 1614 2652 Qu
1629 2598 1798 2646 sermones
1820 2598 1856 2635 in
1874 2598 2027 2636 vehiculo
2037 2596 2194 2633 seruntur
2209 2621 2219 2636 ‚
2245 2593 2434 2643 extendi]

1413 2649 1563 2687 Helmst.
1589 2651 1700 2688 Arnz.
1720 2650 1758 2686 ὅ(
1788 2648 1855 2686 Ed.
1889 2647 1974 2685 Vet.
1992 2650 2159 2693 feruntur
2179 2643 2299 2681 sistunt
2316 2672 2324 2686 ‚
2365 2656 2433 2693 pro

1410 2703 1572 2747 seruntur
1595 2730 1605 2746 ,
1645 2700 1704 2738 sed
1733 2709 1929 2748 perperam.
1979 2694 2158 2733 Eamdem
2179 2694 2435 2734 confusionem

1412 2751 1569 2790 vidimus
1589 2751 1683 2798 apud
1711 2753 1843 2786 Lucan.
1872 2746 2008 2784 Lib.Il.
2030 2744 2174 2789 vs.642.
2202 2745 2312 2794 Apud
2333 2747 2436 2795 Apu.

1411 2804 1525 2852 lejum
1550 2803 1657 2840 obvia
1679 2801 1758 2838 sunt
1780 2797 1887 2836 verba
1902 2797 2030 2845 serere,
2050 2799 2240 2842 sermonem
2262 2797 2438 2846 conflorere,

1405 2853 1556 2900 fabulas
1577 2850 1759 2896 conserere,
1786 2847 1845 2885 sed
1866 2856 1958 2895 quae
1979 2853 2051 2882 tam
2073 2847 2108 2883 in
2132 2857 2200 2890 eo,
2230 2859 2341 2896 quam
2364 2849 2435 2887 aliis

1416 2904 1510 2942 haud
1533 2915 1610 2940 raro
1628 2903 1663 2938 in
1682 2903 1770 2943 fierre
1789 2899 1826 2933 &
1846 2897 1994 2935 constrre
2024 2904 2159 2934 mutata
2189 2898 2279 2935 sunt.
2333 2899 2435 2948 Lege

1417 2956 1601 2991 Pricaeum
1629 2949 1672 2987 ad
1703 2947 1845 2997 princip.
1879 2947 2036 2984 Metam.
2089 2951 2145 2983 At
2162 2962 2215 2996 ego
2236 2949 2298 2986 thi
2316 2953 2437 2989 varias

1407 3004 1554 3049 fabulas
1575 3000 1768 3039 conseram.
1799 2995 1900 3034 Voss.
1938 2996 2064 3034 Helm.
2087 3000 2123 3034 &
2154 2999 2220 3038 Ed.
2253 3001 2341 3038 Vet.
2378 3015 2439 3039 ve·

2376 3102 2446 3141 Ed.
