2616 3686
551 179 898 250 LIBER
965 199 1060 248 vt.
1118 198 1703 257 *EPISTOLA
1772 213 1915 261 xvi.

155 259 484 340 consultant,
521 283 535 305 ¹
555 275 706 328 ‘intra
748 269 885 325 tesia
911 269 1185 325 subsistant
1211 311 1228 334 ,
1267 289 1330 326 an
1361 274 1414 327 in
1436 289 1624 344 aperto
1653 295 1930 349 vagentur.
2202 242 2292 291 431

2007 284 2144 339 Nam
2175 308 2296 345 cre-

158 353 264 409 bris
287 348 546 422 vastisque
569 346 588 365 ²
613 342 937 400 tremoribus
960 342 1095 397 tefia
1121 344 1379 399 nutabant
1405 385 1420 408 ‚
1474 347 1528 398 δε
1557 350 1698 418 quasi
1725 366 1906 404 emota
1945 353 2153 411 sedibus
2193 362 2293 414 suis

154 441 297 480 nunc
321 423 424 477 huc
454 460 470 485 ‚
506 436 647 475 nunc
674 417 796 471 illuc
823 414 968 470 abire
987 455 1002 478 ,
1043 429 1132 471 aut
1163 417 1353 472 referri
1381 417 1719 476 videbantur.
1799 436 1813 462 ³
1837 423 1946 477 :iub
1971 426 2064 479 dio
2088 431 2289 492 rursus,
2328 450 2385 492 15

150 513 452 569 quanquam
503 493 699 548 levium
738 487 1134 559 exesorumque
1175 491 1455 560 pumicum
1506 493 1650 547 casus
1697 495 2036 552 metuebatur
2062 538 2076 561 ,
2130 506 2280 570 quod

151 581 333 624 tamen
367 570 386 595 ⁴
417 565 776 639 periculorum
815 562 1033 616 collatio
1064 562 1227 632 elegit
1259 581 1270 616 :
1314 565 1367 618 ἃς
1398 564 1540 633 apud
1566 567 1714 621 illum
1740 569 1964 639 quidem
1996 569 2009 596 ⁵
2038 575 2174 627 ratio
2202 595 2284 630 ra-

151 644 353 696 tionem
370 679 384 704 ,
421 637 561 711 apud
578 637 716 690 ·alios
741 635 995 689 timorem
1021 636 1187 689 timor
1214 636 1358 692 vicit.
1435 637 1730 695 Cervicalia
1751 642 2012 712 capitibus
2038 643 2282 717 imposita

151 715 326 769 linteis
350 711 742 779 constringunt:
782 705 837 760 id
882 709 1278 763 munimentum
1316 709 1562 766 adversus
1595 709 1613 733 ⁶
1647 714 1939 769 incidentia
1970 714 2088 771 fuit.
2159 719 2276 790 Jatn
2322 743 2392 791 17

148 787 260 841 dies
284 783 430 846 alibi,
469 784 574 837 illic
598 798 711 857 nox
735 781 983 835 omnibus
1010 779 1256 848 nostibus
1282 784 1488 853 nigrior
1517 785 1868 858 densiorque:
1908 805 2066 859 quam
2096 805 2278 852 tamen

143 857 280 913 faces
307 856 530 920 multae,
567 864 584 894 ⁷
610 852 856 926 variaque
881 855 1078 911 lumina
1103 854 1391 911 solvebant.

137 1064 282 1106 Deinde
311 1066 431 1106 Codd.
464 1078 594 1106 omnes
617 1079 626 1103 :
656 1065 852 1115 mixtisque
867 1063 1073 1115 pumicibus.
1101 1066 1167 1105 Li-

138 1119 216 1157 vius
247 1117 327 1156 Lib.
360 1117 482 1156 XXV.
506 1130 583 1168 cap.
606 1116 693 1154 XV.
715 1116 847 1174 instare
869 1123 1020 1175 Poenuru
1043 1146 1054 1162 ,
1083 1129 1160 1176 pet-

143 1169 354 1258 ῐῧίιῖιῑῖζῖῑιῗ.
373 1179 416 1208 cy
440 1168 546 1218 hostes
576 1166 698 1207 urbem
720 1167 920 1217 invasuros.
961 1167 1064 1208 Silius
1086 1169 1172 1209 Lib.

183 1331 283 1344 -“
334 1335 434 1346 --
481 1322 593 1372 fimul
612 1335 742 1369 arma,
772 1320 940 1373 virique,

183 1376 243 1410 Ac
266 1374 404 1414 mixtus
424 1375 571 1425 sonipes.

128 1474 226 1512 Mox
258 1487 389 1514 ornnes
423 1476 539 1524 scripti
571 1473 710 1512 n'ostri:
732 1474 762 1522 [ι
785 1473 914 1522 longior
935 1473 974 1510 in
997 1474 1150 1513 cubiculo

128 1539 228 1563 mora
243 1555 253 1571 ,
282 1526 356 1564 fine
377 1526 505 1564 Verbo
526 1524 600 1573 effer
624 1552 636 1570 ,
674 1533 715 1562 ut
736 1524 837 1572 supra
859 1535 895 1560 n.
917 1535 971 1561 12.
994 1523 1101 1572 Epist.
1125 1526 1151 1563 Ι.

135 1579 249 1624 princ.
275 1579 313 1614 ὃ(
335 1578 472 1626 passim.

183 1639 197 1664 1
231 1628 292 1664 An
314 1627 413 1665 intra
435 1628 525 1664 tet-'ta
543 1623 736 1675 subfistant
757 1652 768 1668 ,
808 1635 854 1661 an
881 1624 919 1660 in
942 1633 1058 1668 aperto
1082 1626 1150 1677 v.]

129 1677 188 1716 Sic
212 1679 378 1726 vulgatae
404 1677 497 1715 Edd.
521 1679 559 1715 ὃς
584 1678 637 1714 vir
650 1674 778 1713 doetus
789 1675 926 1712 laborat
939 1675 1128 1716 ostendere
1144 1707 1155 1724 ,

131 1738 274 1767 veteres
306 1743 423 1766 an-an
450 1758 459 1772 ,
499 1739 567 1776 pro
600 1738 792 1764 utrum-an
825 1723 960 1763 dixisse.
992 1727 1067 1765 Hic
1088 1729 1150 1766 illo

129 1779 253 1819 labore
277 1792 353 1817 non
377 1791 538 1828 egemus.
563 1790 647 1816 naui
662 1778 912 1821 Veterrimus,
938 1778 1028 1814 item
1044 1779 1148 1818 Voff.

130 1830 258 1868 Oxon.
284 1831 438 1869 Helmst.
462 1834 499 1867 ὅ(
525 1829 613 1866 Edi.
637 1828 738 1865 Vctt.
760 1829 856 1877 prius
878 1840 928 1863 an
951 1839 1036 1865 cum
1053 1830 1152 1879 Gry-

129 1880 216 1926 phio
239 1881 410 1919 nesciunt.
439 1880 555 1929 quue
578 1887 746 1917 ex⁸more
769 1878 934 1918 Secundi.
977 1879 1059 1918 Lib.
1084 1881 1151 1920 111.

129 1928 236 1977 Epist.
270 1931 312 1967 X.
346 1943 380 1968 n.
412 1943 444 1968 2.
473 1937 579 1966 Nunc
602 1942 730 1980 quoque
750 1928 950 1979 haesstavi,
978 1931 1013 1968 id
1026 1931 1148 1981 stilum

127 1982 305 2017 mitterem
330 2010 341 2025 ,
389 1993 434 2018 aii
465 1981 659 2018 afficerem.
690 1993 723 2017 n.
751 1993 783 2026 4.
813 1979 1004 2030 haesitant-i
1028 1983 1144 2030 mihi,

127 2034 254 2068 omnia
277 2033 374 2070 vobis
395 2031 588 2070 exhiberem
605 2060 615 2075 ,
642 2042 686 2068 an
697 2029 814 2068 adhuc
824 2031 947 2080 aliqua
960 2033 1145 2081 differrem.

119 2078 215 2117 End.
253 2082 358 2131 lipist.
388 2082 487 2120 XIX.
519 2094 553 2120 n.
589 2095 621 2132 3.
676 2084 778 2129 §Luae
793 2081 988 2131 plurimum
1011 2086 1142 2133 refert,

121 2141 238 2168 unum
262 2135 297 2169 in
319 2134 432 2172 locum
452 2134 606 2181 conferas
631 2161 641 2177 ‚
664 2143 710 2169 an
731 2135 769 2170 in
790 2134 933 2182 diversa
954 2133 1139 2185 dispergas.

118 2179 226 2228 Epist.
254 2184 374 2222 XVII.
394 2187 503 2234 princ.
534 2184 651 2223 Reste
671 2184 789 2220 omnia
815 2212 825 2228 ,
863 2186 955 2234 quod
976 2186 1052 2223 iam
1067 2189 1142 2238 pri-

115 2237 193 2267 dem
227 2235 376 2281 epistolae
407 2248 488 2274 tuae
521 2235 643 2281 ceffiznt
666 2244 680 2271 ,θ
720 2235 782 2272 An
803 2236 923 2272 omnic
944 2239 1056 2281 reste,
1077 2238 1141 2288 fid

116 2292 294 2321 occubatus
330 2301 362 2323 es
393 2298 432 2324 tu
455 2296 469 2324 ,³
512 2287 570 2323 ubi
596 2285 757 2322 fecerunt
783 2289 930 2324 Reffene.
987 2289 1068 2326 Lib.
1092 2291 1140 2328 V.

114 2331 220 2382 Epist.
247 2336 324 2372 XX.
347 2349 380 2373 n.
405 2349 438 2374 2.
469 2337 530 2380 Etsi
552 2349 619 2372 non
635 2334 708 2382 sine
728 2348 878 2374 eventu:
909 2350 1000 2374 nam.
1017 2340 1111 2378 beiie
1126 2370 1137 2386 ,

111 2394 154 2420 an
190 2385 282 2422 male
301 2417 310 2431 ,
351 2389 433 2424 tiber
457 2387 637 2424 indicabit.
687 2386 781 2424 Infra
809 2388 882 2424 lio:
902 2388 996 2426 libro
1022 2390 1135 2438 Epist.

112 2434 247 2472 xxix.
283 2449 314 2473 n.
350 2451 380 2474 2.
430 2440 527 2486 [Quin
547 2438 744 2487 plurimum
766 2438 934 2483 referret,
963 2439 1105 2480 bouum
1121 2470 1133 2488 ,

113 2495 157 2523 an
188 2486 325 2524 ηιαὶτιηι
348 2490 584 2526 induceret-ir.
607 2489 665 2526 ubi
687 2490 847 2526 tentabit
873 2489 951 2526 MS.
978 2491 1130 2531 Helmst.

114 2547 157 2574 an
187 2538 315 2574 bonum
340 2568 349 2581 ‚
388 2553 436 2575 an
468 2541 618 2577 malum.
656 2538 748 2576 ali:
778 2539 868 2576 infixi
905 2540 985 2578 Lib.
1022 2543 1133 2582 VIIl.

115 2585 218 2636 Epist.
243 2588 336 2626 XIV
371 2603 404 2627 ii.
439 2603 494 2636 24.
542 2592 595 2628 lta
630 2592 668 2628 ὅτ.
700 2591 791 2627 alios
824 2590 966 2636 solere„
987 2592 1061 2632 dixi
1089 2595 1135 2634 ad

124 2637 259 2678 Lucan.
280 2640 361 2678 Lib.
386 2641 433 2679 V.
457 2653 509 2680 vs.
536 2643 618 2692 569.

170 2758 239 2773 —
287 2759 358 2771 —
411 2743 604 2793 Zephyros
625 2745 815 2790 intendat,
842 2757 888 2783 au
911 2749 1023 2784 Euros

172 2797 346 2832 Incertum
367 2793 423 2841 est.

128 2898 169 2928 ut
208 2891 339 2933 habent
389 2897 635 2937 membranae.
689 2898 849 2947 Vulgo:
899 2898 1133 2949 Zephymffle·

134 2941 284 2979 Coit-re.

180 3001 201 3026 2
230 2995 475 3046 Tremoribueff
506 2999 819 3039 Terraemotibus.
854 3002 978 3039 Dion:
1022 2999 1129 3038 Vehe-

130 3051 498 3096 menter-terraemotus
517 3050 632 3099 subito
645 3052 740 3098 facti
760 3052 841 3099 sunt
871 3081 881 3096 ‚
919 3063 959 3088 ut
976 3050 1140 3101 Flam-‘¹⁸⁸5

125 3090 373 3143 xllauniversa
395 3099 492 3147 aquis
506 3101 697 3149 scaturiret
722 3131 734 3149 ‚
769 3113 815 3144 Θ·
842 3114 976 3143 montes
999 3101 1141 3156 subsili-

1469 856 1675 913 Placuit
1697 859 1886 930 egredi
1928 864 1981 917 in
2024 864 2176 928 litus,
2220 869 2278 923 &

2098 955 2280 1010 epro-
2354 1007 2356 1009 ‚

1243 1079 1338 1108 rent.
1369 1070 1548 1117 Causam,
1573 1082 1645 1121 qua
1667 1079 1762 1110 terra
1775 1075 1983 1112 concutitur
1998 1101 2007 1118 ‚
2036 1075 2140 1113 aiiiin
2152 1079 2274 1127 aqua‚'

1245 1121 1304 1159 alii
1335 1122 1373 1159 iii
1403 1122 1545 1170 ignibus
1567 1152 1578 1168 ‚
1616 1123 1672 1161 alii
1706 1125 1742 1162 in
1775 1124 1847 1174 ipsa
1870 1134 1988 1170 terra,
2014 1126 2073 1163 alii
2093 1129 2130 1164 in
2152 1129 2273 1177 spiritu

1243 1180 1444 1219 putavere,
1472 1175 1529 1212 alii
1553 1175 1590 1211 in
1613 1174 1796 1224 pluribus,
1823 1176 1881 1214 alii
1903 1177 1941 1214 iii
1965 1177 2149 1227 omnibus.
2179 1181 2274 1228 Qui-

1243 1222 1328 1261 dam
1358 1224 1499 1274 liquere
1531 1224 1614 1274 ipsis
1644 1226 1804 1275 aliquam
1839 1239 1883 1265 ex
1915 1226 1983 1265 istis
2007 1228 2146 1266 causam
2172 1229 2275 1270 dixe-

1241 1283 1347 1320 runt,
1378 1275 1437 1313 sed
1457 1288 1536 1322 non
1554 1277 1695 1327 liquere
1717 1289 1813 1327 quae
1834 1276 1931 1317 esset.
1971 1278 2210 1319 Democritus
2234 1284 2275 1322 ὅτ,

1239 1336 1325 1364 eum
1357 1325 1500 1365 secutus
1532 1328 1671 1365 Seneca
1704 1328 1784 1378 post
1813 1330 1963 1378 longam
1988 1328 2272 1379 disputationem

1239 1376 1495 1423 crediderunt,
1520 1379 1658 1416 nullam
1682 1378 1752 1417 effe
1775 1380 1917 1418 causam
1933 1389 2057 1419 motus
2070 1384 2249 1431 majorem
2266 1413 2278 1430 ‚

1238 1437 1351 1474 quam
1384 1428 1547 1477 spiritum
1574 1459 1585 1475 ,
1625 1441 1702 1478 quo
1735 1432 1825 1468 nihil
1858 1431 1906 1468 est
1938 1435 1976 1469 in
1999 1443 2120 1469 rerum
2144 1443 2272 1473 natura

1236 1480 1446 1524 potentius:
1474 1479 1549 1517 fine
1570 1492 1648 1530 quo
1669 1492 1739 1518 nec
1760 1482 1815 1519 illa
1838 1481 1990 1531 quidem
2011 1511 2020 1526 ‚
2044 1494 2139 1532 quae
2161 1485 2242 1523 sunt
2256 1515 2268 1532 ,

1235 1528 1554 1568 vehementiffima
1577 1531 1729 1579 pollent.
1768 1532 1898 1580 Ignem
1921 1534 2059 1581 spiritus
2081 1537 2266 1583 concitat,

1236 1590 1352 1628 aquae
1375 1578 1402 1616 fi
1425 1590 1580 1619 ventum
1603 1581 1766 1620 detrahas
1788 1585 1920 1622 inertes
1933 1585 2023 1622 sunt.
2053 1584 2172 1623 Multa
2188 1587 2267 1626 fere

1234 1630 1270 1665 in
1295 1630 1451 1668 eandem
1475 1631 1692 1670 sententiam
1715 1632 1848 1672 disserit
1873 1635 2068 1674 Lucretius
2088 1635 2181 1674 libro
2214 1639 2272 1677 ul·

1236 1681 1342 1719 timo.
1373 1682 1530 1720 CATAN.

1286 1743 1304 1781 3
1336 1731 1404 1768 Sub
1429 1732 1492 1770 dio
1514 1731 1674 1782 rursus.]
1705 1735 1960 1774 Veterrimus:
1989 1736 2057 1773 Sub
2071 1739 2136 1777 die.
2154 1741 2270 1781 Arnz.

1221 1780 1448 1832 subdet-usus.
1479 1783 1550 1822 Ed.
1579 1785 1666 1822 Vet.
1698 1787 1736 1823 δε
1769 1785 1885 1824 Aldus
1912 1799 1920 1823 ε
1963 1788 2033 1837 sub
2066 1791 2162 1830 divo.
2213 1793 2269 1831 Ita

1229 1831 1347 1872 solent
1379 1835 1520 1872 librarii.
1560 1835 1840 1884 Disputavimus
1874 1837 1920 1875 de
1952 1841 2138 1879 vocabulo
2176 1843 2269 1882 Diff.

1229 1881 1258 1920 Ι.
1282 1884 1329 1922 de
1356 1885 1421 1922 usu
1445 1886 1528 1924 Ort.
1553 1887 1634 1923 Lat.
1658 1899 1734 1935 cap.
1758 1888 1826 1924 ΙΙΙ.
1851 1889 1884 1929 §.
1909 1889 1978 1927 VI.

1280 1947 1303 1982 4
1333 1935 1567 1975 periculorum
1590 1937 1726 1975 collatio
1738 1937 1878 1987 elegia]
1910 1939 2132 1988 Eligendum
2147 1943 2264 1984 suafit.

1229 1983 1272 2021 In
1297 1999 1344 2025 eo
1372 1988 1473 2025 enim
1497 1999 1710 2038 quanquam
1734 1990 1935 2037 periculum
1952 2020 1962 2036 ,
1991 2001 2118 2031 tamen
2142 1997 2264 2034 minus

1227 2044 1313 2074 erat.
1347 2038 1375 2076 B
1390 2050 1450 2075 uc
1466 2051 1489 2076 H
1504 2052 1528 2076 N
1545 2053 1565 2077 E
1581 2053 1620 2076 iz.
1650 2039 1804 2077 Helmst.
1829 2043 1868 2079 ὃς
1890 2041 1959 2079 Ed.
1983 2043 2070 2080 Vct.
2083 2045 2263 2084 malorum

1228 2086 1392 2133 collatio;
1421 2089 1526 2128 Voff.
1544 2090 1745 2134 maiomam
1777 2092 1891 2130 Atnz.
1914 2095 2092 2131 malorum
2117 2097 2259 2142 collocu-

1224 2139 1283 2176 tio.
1315 2141 1514 2190 Optimus,
1541 2151 1582 2180 ut
1605 2142 1745 2187 editur,
1773 2152 2030 2194 praeterquam
2055 2148 2259 2195 quodcum

1224 2189 1294 2231 Ed.
1316 2192 1405 2229 Vet.
1420 2191 1509 2241 fistit
1533 2193 1624 2243 eligit
1640 2222 1650 2237 ,
1678 2205 1745 2242 pro
1762 2195 1872 2242 elegit.

1276 2254 1294 2289 ς
1324 2243 1428 2280 Ratio
1461 2245 1649 2281 rationem.
1672 2243 1686 2283 i
1730 2245 1768 2281 ld
1792 2245 1840 2282 est
1863 2273 1872 2289 ,
1901 2246 2005 2294 quod
2029 2246 2157 2283 exierit
2181 2275 2192 2291 ,
2220 2247 2259 2285 id

1224 2292 1310 2331 fecit
1332 2293 1418 2331 sano
1443 2297 1576 2333 mentis
1596 2293 1748 2331 consilio
1772 2307 1781 2331 t
1829 2296 1913 2343 quia
1938 2295 2001 2332 etsi
2025 2297 2059 2333 in
2089 2297 2257 2335 cubiculo

1221 2350 1323 2381 tutus
1345 2353 1420 2381 erat
1442 2356 1462 2381 a
1486 2345 1690 2393 pumicibus
1716 2372 1727 2388 ,
1762 2354 1886 2382 tamen
1913 2347 2029 2393 majus
2051 2347 2256 2393 periculum

1224 2395 1442 2431 imminebat
1463 2423 1472 2438 ,
1500 2402 1676 2444 tanquam
1690 2393 1714 2431 si
1728 2394 1887 2433 diceres:
1917 2397 2083 2442 excessit,
2114 2409 2195 2435 non
2215 2400 2262 2438 ti-

1229 2456 1336 2482 more
1351 2473 1360 2487 ,
1388 2445 1446 2482 sed
1471 2446 1622 2483 ratione.
1652 2445 1682 2480 C
1698 2458 1718 2482 A
1735 2459 1758 2484 τ
1773 2458 1793 2481 Α
1809 2457 1847 2483 u.

1277 2496 1300 2532 6
1330 2495 1588 2542 Dementia]
1637 2496 1866 2535 Veterrimus
1897 2525 1908 2541 ,
1948 2509 2156 2548 omnesque
2201 2500 2260 2540 alii

1225 2547 1374 2595 scripti,
1415 2547 1507 2585 Edi.
1539 2546 1642 2584 Vett.
1676 2559 1760 2584 cum
1797 2547 1968 2596 Gryphio
1993 2563 2001 2586 ε
2028 2549 2221 2588 incidentia
2245 2581 2257 2597 ,

1224 2598 1328 2647 quod
1361 2609 1423 2635 cur
1455 2598 1678 2635 mutaverint
1713 2598 1869 2636 editores
1894 2627 1904 2641 ‚
1945 2599 2102 2637 caussam
2124 2601 2254 2640 iustam

1225 2660 1301 2685 non
1326 2648 1447 2685 video.
1500 2649 1612 2697 Supra
1636 2650 1735 2687 enim
1761 2648 1968 2697 simpliciter
1990 2652 2107 2697 casum
2134 2653 2259 2700 pumi-

1229 2710 1313 2736 cum
1349 2699 1437 2737 dixit
1461 2727 1471 2743 ,
1509 2700 1609 2747 iique
1630 2707 1705 2736 tam
1729 2700 1826 2737 reeie
1847 2700 1997 2738 incidere
2019 2700 2187 2739 dicuutur
2211 2704 2248 2741 in

1228 2752 1367 2797 capit-a,
1396 2761 1506 2799 quam
1530 2750 1692 2786 decidere.
1733 2750 1858 2786 Immo
1885 2778 1895 2793 ,
1924 2749 1948 2787 si
1971 2753 2126 2789 curatius
2149 2754 2257 2799 inspi-

1228 2801 1322 2844 cias,
1351 2812 1444 2850 quae
1477 2799 1522 2838 de
1553 2803 1789 2839 munimento
1827 2800 1947 2847 dixit,
1978 2803 2122 2851 vulgata
2143 2804 2256 2843 lestio

1227 2851 1367 2899 prorsus
1389 2851 1523 2888 absona
1545 2853 1622 2889 erit.

1278 2915 1295 2945 7
1330 2902 1501 2951 Variaque
1525 2901 1664 2940 lumina
1688 2902 1886 2941 solvebant.
1910 2903 1926 2952 ]
1967 2904 2024 2942 Sic
2045 2903 2196 2952 quidem
2221 2917 2258 2943 e-

1225 2951 1287 2990 diti
1313 2981 1323 2997 ‚
1353 2954 1390 2991 &
1414 2962 1585 3001 putarunt
1607 2955 1738 2991 nostem
1762 2952 1807 2990 sic
1823 2953 1919 3002 solvi
1944 2982 1955 2998 ‚
1993 2963 2035 2992 ut
2056 2955 2135 2992 alibi
2162 2968 2257 2992 tene-

1226 3002 1308 3040 brae
1343 3003 1591 3053 dt'ffolvuntur.
1647 3004 1718 3042 Sed
1751 3016 1839 3040 num
1867 3004 1960 3043 faces
1982 3005 2061 3043 illae
2082 3008 2254 3054 variaque

1226 3053 1366 3092 lum-tna
1388 3053 1629 3092 densissimam
1650 3057 1761 3095 talem
1773 3055 2066 3105 no&etiifhlvere
2079 3054 2222 3104 possunt
2237 3052 2268 3089 Γ

1226 3103 1466 3146 Faliiffimum
1498 3105 1573 3146 hoc
1610 3096 1671 3146 est.
1722 3106 1783 3147 Est
1820 3107 1932 3147 etiam
1972 3107 2279 3194 contr-akli'clolggfiL
