2616 3686
389 190 538 242 01⁴1
570 189 611 236 B
646 186 777 239 ER
844 184 913 234 X.
977 143 1095 236 ELP
1130 187 1156 235 I
1191 185 1223 234 S
1257 184 1308 235 T
1340 184 1392 232 Ο
1428 185 1475 235 L
1510 186 1558 234 A
1616 184 1790 235 LVII.
1827 189 1876 237 ὃς
1910 193 2101 246 LVIII.
2235 212 2376 268 769¹

185 276 218 331 ..3
372 267 554 324 Meum
585 274 604 300 a
641 268 1022 340 Apameor14m,
1074 281 1219 336 quem
1254 262 1472 337 epistolae
1503 275 1621 318 tuae
1627 268 1921 338 junxeras,
1959 279 1974 306 ³
1999 275 2184 343 remgfi't
2202 282 2329 335 mihi

237 278 692 417 Lnecfftatem
716 339 1042 415 perpendendi
1074 337 1249 412 qualia
1280 338 1431 410 effent
1450 379 1467 403 ,
1511 351 1714 414 propter
1751 359 1878 413 quae
1912 345 2080 401 videri
2116 350 2325 425 volunt,

189 439 299 483 eos,
328 424 415 493 qui
431 425 451 455 ⁴
469 434 560 491 pro
579 416 857 489 consulibus
878 417 1009 469 hanc
1027 418 1344 487 provinciam
1367 414 1720 479 obtinuerunt,
1749 415 2026 491 abstinuzffe
2044 428 2058 456 ⁵
2084 425 2321 495 inspefi‘a.

197 499 330 550 tione
356 485 610 548 rationum
619 495 868 565 sitarum,
907 507 1017 543 cum
1043 489 1198 562 ipfitm
1219 501 1293 554 te,
1317 500 1376 541 ut
1401 507 1482 543 eas
1507 492 1759 563 inspiceres
1781 534 1794 553 ‚
1845 510 1940 546 non
1964 495 2320 566 recusaverint.

196 567 583 626 Remuneranda
614 568 676 639 est
696 571 859 639 zgitu‘r·
876 565 1100 638 probitas
1124 582 1292 619 eorum
1315 603 1331 628 ‚
1381 564 1570 635 utjam
1591 582 1722 617 nnnc
1733 565 1901 636 sciam
1929 568 2021 623 hoc
2039 609 2054 634 ‚
2095 572 2226 642 quod
2247 579 2318 626 tn-

178 650 453 717 Jpeglmw
479 661 554 706 est,
596 661 657 696 ex
680 660 787 695 mea
813 641 1081 695 voluntate
1106 682 1123 708 ‚
1172 640 1376 710 ‘fizlvis
1404 677 1422 706 ‚
1476 657 1601 712 quae
1621 640 1806 694 habent
1825 678 1840 705 ,
1873 644 2160 719 privilegiis
2186 689 2198 709 ‚
2240 649 2327 719 effe

180 719 475 794 fac‘z‘mwm.

457 840 657 898 LVIII.
733 842 800 896 L.
880 839 945 894 C.
1023 839 1462 894 PLINIUS
1541 838 2037 909 TRAJANO.

749 942 836 996 De
863 942 1109 1012 religioso
1133 944 1339 1014 templo
1369 942 1768 1001 transferendo,

185 1067 414 1121 erretur
436 1057 602 1113 aedem
628 1061 680 1113 in
703 1056 885 1132 angelo
904 1056 1021 1130 fori
1040 1057 1199 1129 flecma
1216 1097 1232 1121 ‚
1275 1059 1509 1132 relegione
1536 1061 1708 1134 aliqua
1731 1063 2052 1136 impediente,
2095 1072 2147 1124 in
2166 1071 2324 1127 alium

267 1137 425 1190 loc-um
452 1133 764 1207 transferre,
804 1151 959 1208 quare
991 1134 1238 1206 confilium
1260 1146 1388 1207 peltt
1409 1154 1440 1188 ez
1466 1136 1694 1210 pontefice
1730 1156 1869 1194 max.
1946 1143 2166 1217 Trajano
2198 1151 2322 1222 qued

255 1211 571 1284 faciendum.

196 1322 342 1458 A
363 1387 503 1442 Nn:
543 1385 833 1441 adventum
858 1401 1040 1441 meum
1057 1422 1073 1448 ,
1114 1383 1384 1454 Domine,
1426 1390 1852 1449 Nicomedenses
1878 1398 2046 1468 priori
2071 1396 2193 1454 foro
2219 1417 2318 1456 no-

245 1548 278 1575 1.
303 1534 484 1585 Libellus]
513 1535 648 1574 Nescio
665 1546 710 1572 an
729 1535 890 1573 accusem
911 1535 1047 1581 Julium
1071 1534 1219 1583 Capito-

190 1588 309 1627 linum
324 1599 388 1631 ,an
412 1586 529 1624 dicam
554 1586 759 1624 Macrinum
779 1586 976 1634 principem
998 1588 1218 1623 ementitum

183 1640 234 1676 hin
255 1649 331 1675 rem
348 1637 448 1675 suam
462 1665 473 1681 ,
504 1638 541 1675 in
558 1639 658 1687 cujus
678 1639 748 1674 vita
764 1637 916 1684 legimus
946 1633 1141 1692 decrevisse
1180 1648 1222 1673 o-

195 1690 295 1726 mnia
314 1689 475 1736 reicripta
493 1696 660 1726 veterum
678 1689 878 1737 ptincipum
897 1688 1020 1725 tollere
1038 1695 1099 1731 ‚ut
1116 1698 1220 1735 jure,

2186 1493 2317 1531 vum

1288 1537 1474 1576 Editiones
1493 1550 1624 1578 ornnes
1646 1568 1659 1586 ,
1689 1543 1795 1581 unica
1811 1550 1962 1593 excepta
1980 1572 1992 1588 ,
2027 1546 2152 1585 vitiose
2175 1560 2197 1584 a
2217 1548 2319 1595 Julio

1288 1589 1492 1638 proconsule.

1344 1653 1378 1689 ς.
1409 1641 1684 1692 ληῃυεὶἕατὶοηε.]
1724 1643 1872 1682 Secutus
1900 1646 1978 1683 sum
2011 1645 2117 1684 Voff.
2147 1649 2186 1686 &
2216 1650 2319 1690 Vett.

1292 1690 1386 1728 Edd.
1415 1703 1504 1740 quas
1532 1691 1673 1730 secutae
1706 1693 1787 1731 sunt
1825 1696 2016 1736 Riviniana
2048 1699 2086 1736 δε
2118 1698 2318 1741 Hackiana.

181 1750 268 1777 enon
290 1739 459 1788 rescriptis
473 1747 637 1788 ageretur
660 1766 670 1783 ,
709 1750 795 1775 cum
828 1738 1005 1784 Traianus
1028 1748 1215 1786 nunquam
1291 1741 1490 1790 Reliquae,
1519 1743 1626 1780 etiam
1649 1743 1791 1782 Cellarii
1811 1747 2018 1795 inspeelione,
2046 1748 2207 1794 Scilicet,
2232 1754 2315 1800 quia

189 1789 309 1828 libellis
329 1789 550 1838 responderit
570 1817 580 1834 ,
607 1801 653 1827 ne
672 1788 716 1826 ad
733 1789 813 1826 alias
831 1789 947 1826 causas
967 1788 1059 1825 faeta
1082 1789 1217 1837 perfer-

191 1850 315 1877 rentur
334 1868 344 1884 ,
381 1851 475 1889 quae
498 1840 544 1878 ad
571 1840 718 1889 gratiam
750 1837 949 1888 compofita
976 1838 1184 1877 viderentur
1206 1867 1217 1883 ,

193 1901 279 1928 curn
306 1891 364 1928 hic
400 1892 438 1927 &
475 1891 554 1928 alibi
588 1890 774 1929 videamus
793 1918 804 1935 ‚
847 1889 968 1928 libellis
1003 1888 1217 1938 rescripfiffe,

194 1941 227 1977 C
241 1953 263 1977 Α
278 1953 299 1976 τ
313 1953 336 1977 Α
350 1953 387 1978 Ν.
414 1940 567 1978 Aldinae
579 1969 590 1985 ,
610 1942 740 1988 Juntae
754 1968 764 1986 ‚
774 1940 947 1979 Schurerii
959 1967 969 1984 ‚
983 1941 1137 1989 Gryphii
1155 1942 1213 1978 Li-

181 1990 318 2028 bellum
333 2017 344 2034 ,
370 1991 566 2040 quomodo
586 1993 693 2031 etiam
712 1991 857 2041 praestat
877 2002 1003 2039 margo
1014 1991 1214 2045 Casauboni

193 2044 232 2079 ὅ(
273 2042 410 2080 Minois
446 2041 512 2081 Ed.
544 2042 640 2080 forte
677 2054 740 2090 per
755 2038 884 2080 vitium
907 2070 918 2086 ,
945 2043 1029 2091 quia
1044 2041 1147 2079 Voss.
1175 2044 1214 2080 δε

189 2092 355 2142 princeps
378 2091 498 2130 Editio
521 2093 703 2141 vulgatam
722 2099 867 2131 tuentur
881 2120 891 2136 ‚
910 2093 973 2130 nist
991 2092 1129 2131 dietum
1150 2105 1215 2131 ¹ve-

187 2142 227 2179 lis
247 2153 310 2190 per
335 2145 537 2182 ἀνακολὲθον
557 2171 569 2189 ,
594 2145 694 2194 cujus
714 2144 926 2192 exemplum
949 2144 1099 2193 suggerit
1110 2143 1217 2193 Epist.

190 2192 367 2231 XXXIV.
393 2205 426 2230 n.
454 2205 486 2231 1.

239 2255 276 2281 2.
303 2244 574 2293 summorum]
602 2242 707 2282 Voff.
742 2249 1004 2294 Apamenorum
1026 2272 1036 2289 ‚
1073 2246 1110 2283 in
1140 2257 1210 2294 qua

184 2295 348 2332 lectione
368 2306 415 2331 ne
435 2294 583 2343 quidem
605 2294 770 2333 deseritur
794 2306 814 2332 a
834 2295 980 2341 Joannis
1001 2297 1046 2334 de
1057 2296 1213 2334 Tridino

190 2345 280 2383 libro
302 2372 312 2388 ‚
351 2343 560 2393 eodemque
583 2345 671 2382 vitio
692 2372 703 2390 ‚
737 2344 840 2393 quod
857 2346 1010 2385 Plinium
1031 2348 1209 2394 majorem

187 2394 286 2433 Hist.
306 2395 391 2432 Nat.
419 2395 500 2433 Lib.
524 2394 572 2432 V.
609 2406 686 2443 cap.
709 2394 862 2434 XXXII.
883 2397 996 2444 princ.
1023 2397 1158 2436 obsedit
1178 2399 1215 2435 in

192 2445 404 2495 quibusdam
426 2444 517 2482 Edd.
538 2445 706 2483 Proxime
725 2446 773 2483 illi
794 2456 878 2483 cum
891 2446 1076 2484 Catanaeo
1097 2448 1214 2495 injun-

185 2510 296 2535 ,xeras
325 2508 392 2545 pro
415 2496 598 2544 junxeras.
638 2496 842 2544 Perperam.
874 2495 946 2533 Pro
964 2498 1105 2544 vulgata
1126 2501 1217 2536 stant

193 2547 302 2594 Epist.
345 2547 505 2585 LXVII.
552 2546 730 2584 LXVIII.
769 2553 860 2585 extr.
886 2547 1078 2586 LXXXV.
1112 2560 1148 2586 n.
1183 2550 1218 2586 6.

193 2598 270 2637 alia.

247 2659 281 2697 3.
308 2645 484 2698 Remistt.]
515 2647 672 2685 Exemit.
699 2646 756 2685 Sic
771 2647 808 2685 in
827 2648 1048 2696 panegyrico
1070 2675 1081 2691 ‚
1124 2649 1218 2698 inju-

190 2697 332 2735 siarum
355 2709 485 2737 meeum
511 2710 554 2737 ω’
580 2698 766 2747 accusandi
794 2699 1034 2736 neceffitatem
1074 2701 1219 2739 remisit.

202 2747 235 2783 C
249 2761 270 2784 A
284 2761 306 2786 τ
319 2762 340 2785 A
353 2761 392 2788 N.
417 2749 473 2795 Jo.
492 2749 537 2786 de
560 2749 717 2786 Tridino
730 2776 740 2793 ,
766 2749 882 2787 Aldus
895 2778 904 2793 ‚
915 2749 1021 2795 Junta
1035 2778 1044 2794 ‚
1067 2749 1218 2788 Schure-

203 2796 272 2834 rius
289 2799 408 2847 remifit
428 2799 516 2837 mihi
538 2799 767 2848 neceffltatem.
793 2800 970 2848 Perpendi
989 2801 1108 2850 qualia
1119 2802 1216 2850 effent

205 2854 274 2884 cet.
297 2849 487 2897 quomodo
507 2861 633 2898 margo
655 2849 856 2888 Casauboni
873 2851 910 2888 &
931 2851 1079 2888 Minois.

249 2906 292 2950 ,4.
318 2904 378 2935 Pro
393 2899 612 2951 consulibu5.]
645 2901 694 2939 Ita
716 2900 894 2939 edidimus
915 2901 1147 2939 monentibus
1173 2914 1212 2938 0-

206 2946 326 2992 ptimis
377 2950 546 2999 uibusque
569 2952 673 2990 libris.
699 2951 797 2990 Vide
820 2963 913 3000 quae
937 2952 1094 2991 dicemus
1125 2953 1215 2990 infra

208 2994 314 3041 Epist.
334 2997 364 3033 L
405 2998 467 3036 lV.
493 3011 529 3038 n.
546 3013 580 3046 4.
620 3000 677 3049 Efl
707 3002 798 3040 enim
830 3003 999 3040 adduam
1025 3004 1074 3039 ad
1103 3016 1156 3040 me
1182 3004 1217 3039 in

203 3052 399 3094 perpetuum
418 3047 578 3097 relegatus
596 3051 698 3098 Juh‘o
716 3064 784 3102 pro
808 3053 966 3093 consule.
985 3053 1031 3092 ibi
1050 3061 1132 3091 ante
1152 3064 1218 3091 nos

1288 1792 1405 1829 minus
1432 1791 1558 1829 usitata
1585 1805 1660 1830 vox
1692 1795 1752 1832 est.
1789 1797 1879 1834 Non
1915 1807 2039 1836 tamen
2066 1799 2170 1848 plane
2190 1801 2315 1849 ignota

1288 1843 1410 1881 Latio,
1445 1844 1581 1881 Seneca
1614 1845 1682 1881 Vl.
1716 1847 1780 1893 Qu
1824 1849 1910 1887 Nat.
1937 1860 2014 1897 cap.
2034 1862 2068 1892 4·
2093 1852 2253 1898 Quorum
2270 1852 2314 1898 est

1286 1893 1370 1929 adeo
1399 1893 1486 1931 mihi
1513 1894 1623 1931 dulcis
1652 1895 1875 1944 inspeetatio.
1911 1898 2087 1937 Ceterum
2120 1902 2157 1938 in
2176 1902 2312 1941 eodem

1283 1945 1438 1992 negotio
1471 1944 1581 1983 utitur
1612 1947 1724 1984 verbo
1751 1948 1906 1997 inspicere
1945 1949 2101 1989 Ovidius
2121 1950 2169 1991 11.
2205 1952 2315 1991 Trist.

1278 2005 1333 2032 vvs.
1358 2005 1445 2042 509.

1335 2094 1471 2144 Inspice
1489 2096 1650 2136 letdarum
1671 2098 1808 2136 sumtus
1823 2126 1833 2143 ,
1861 2102 2034 2150 Auguste,
2060 2113 2198 2142 tuorum
2211 2121 2223 2142 s

1388 2152 1497 2184 Emta
1518 2148 1722 2199 tibi-magno
1739 2150 1828 2188 talia
1851 2154 1967 2190 multa
1989 2152 2081 2202 leges.

1281 2246 1468 2286 Praeterea
1485 2248 1542 2294 Jo.
1565 2248 1611 2287 de
1632 2249 1790 2289 Tridino
1812 2263 1895 2289 cum
1923 2252 1986 2290 suo
2007 2251 2110 2291 Voff.
2140 2267 2216 2291 cum
2234 2256 2306 2304 ipse

1282 2308 1321 2334 ut
1343 2311 1399 2335 eas
1421 2300 1589 2348 inspiceres
1611 2313 1678 2337 non
1707 2302 1950 2340 recusaverim.
1987 2304 2021 2340 L
2034 2316 2057 2341 o
2073 2317 2097 2341 N
2110 2315 2135 2341 G
2151 2317 2197 2341 01.
2211 2318 2225 2342 1
2242 2319 2265 2342 υ
2279 2319 2305 2345 s.

1333 2348 1368 2384 6.
1396 2351 1514 2387 Salvis
1529 2378 1539 2394 ‚
1565 2363 1650 2399 quae
1675 2351 2024 2403 habent‚privilegiis
2047 2354 2062 2404 ]
2094 2355 2183 2392 Non
2203 2357 2304 2395 facile

1281 2409 1350 2435 nec
1374 2397 1448 2436 fine
1468 2401 1671 2448 gravisfimis
1690 2402 1798 2439 causis
1812 2431 1822 2448 ,
1849 2404 2013 2452 Princeps
2033 2405 2213 2454 privilegia
2233 2410 2307 2446 cui-

1283 2460 1393 2497 quam
1414 2450 1472 2487 sua
1492 2451 1652 2489 adimere
1671 2451 1777 2490 debet
1798 2480 1809 2497 ‚
1848 2452 1922 2491 five
1951 2466 1971 2491 a
1993 2455 2027 2492 se
2049 2456 2124 2504 ipso
2144 2457 2278 2494 indulta
2292 2485 2303 2501 ‚

1282 2500 1356 2536 five
1375 2512 1395 2536 a
1416 2503 1608 2550 majoribus
1626 2511 1770 2552 accepta
1794 2530 1804 2547 ‚
1840 2504 2043 2552 praesertim
2073 2506 2097 2543 fi
2126 2519 2187 2555 per
2213 2519 2302 2545 con-

1282 2550 1412 2588 tra<9ms
1433 2552 1589 2590 modum
1613 2552 1681 2590 fint
1703 2554 1865 2592 concefla
1880 2569 1888 2593 :
1904 2565 1942 2592 ut
1964 2558 2075 2594 muita
2095 2566 2217 2595 extant
2235 2559 2303 2596 hac

1281 2600 1326 2638 de
1350 2613 1387 2639 re
1408 2603 1692 2651 Jurisperitorurn
1722 2606 1875 2643 confilia.
1927 2608 2034 2653 Quae
2053 2617 2171 2646 autem
2189 2608 2303 2658 justae

1279 2662 1322 2688 ac
1342 2652 1551 2691 sufficientes
1566 2656 1808 2699 causae,cum
1826 2657 1905 2694 alibi
1926 2657 2104 2702 videatur,
2116 2668 2193 2695 tum
2206 2659 2304 2707 apud

1283 2702 1386 2750 Dyn.
1413 2704 1582 2742 Peckium
1611 2705 1770 2753 aliosque
1798 2708 2003 2753 interpretes
2036 2707 2079 2744 ad
2109 2710 2266 2756 regulam
2290 2722 2299 2747 :

1283 2753 1509 2802 Privilegium
1521 2766 1670 2792 meretur
1681 2757 1840 2793 amittere
1852 2786 1861 2800 ,
1874 2758 1931 2806 qui
1941 2757 2008 2805 fibi
2026 2759 2164 2807 conceffiz
2184 2758 2302 2798 abuti-

1288 2813 1348 2839 tur
1362 2805 1531 2853 potestate.
1554 2806 1585 2841 R
1600 2818 1610 2840 1
1623 2817 1649 2841 T
1661 2817 1688 2841 T
1701 2820 1715 2841 i:
1733 2819 1753 2842 R
1769 2818 1783 2843 s
1796 2819 1821 2843 H
1835 2820 1859 2843 u
1873 2821 1901 2844 s.
1930 2807 1997 2844 Sed
2023 2819 2063 2844 ea
2082 2808 2222 2858 semper
2240 2811 2308 2848 fuit

1282 2854 1469 2892 clementia
1489 2855 1638 2903 Trajani
1652 2882 1662 2898 ,
1691 2867 1735 2892 ne
1754 2857 1932 2905 privilegia
1953 2859 2166 2908 cujusquam
2194 2862 2305 2898 viola-

1283 2913 1416 2941 rentur.
1446 2905 1645 2942 Infraidem
1663 2906 1765 2953 Epist.
1785 2907 1866 2944 CX.
1893 2908 2304 2959 sihabentprivilegium,

1285 2966 1347 3002 quo
1368 2955 1482 2992 ceteris
1499 2955 1716 2992 creditoribus
1738 2966 1994 3006 anteponantur
2016 2987 2027 3004 ‚
2054 2961 2306 3006 custodiendum

1288 3003 1341 3048 est.
1393 3005 1566 3041 Ceterum
1592 3006 1753 3043 ultimam
1776 3009 1942 3056 epistolae
1969 3021 2100 3048 vocem
2132 3012 2312 3050 Casaubo-

1286 3065 1352 3093 nus
1371 3055 1411 3094 &
1434 3055 1559 3094 Minos
1579 3056 1614 3094 in
1637 3058 1799 3105 margine
1818 3059 1987 3099 exhibent
1997 3061 2188 3107 sufflorum.

1670 3106 1833 3147 ⁴Eeeee
1858 3121 1882 3147 α
2144 3110 2312 3150 1.Aedes
