2616 3686
432 170 886 239 “LrssER
933 182 1000 232 11.
1068 179 1178 231 ui>
1222 183 1643 239 rsToLA
1708 193 1880 245 xvii,

197 276 301 340 est,
339 283 541 327 amores
579 263 714 318 mei:
754 251 974 316 revera
1011 272 1236 312 amoreS.
1275 257 1384 328 ipse
1423 261 1589 329 posui.
1627 264 1684 318 ln
1721 266 1819 320 hac
1858 282 1872 303 ¹

2203 223 2298 278 165·

1909 266 2293 339 heliocaminus

197 345 456 422 quidem,
493 338 589 393 alia
625 334 869 406 xystum,
907 330 1000 386 alia
1038 344 1216 394 mare,
1253 333 1736 414 utraque-²·solern:
1778 339 2080 400 cubiculum
2109 362 2289 409 autern

191 408 386 478 valvis,
442 411 905 480 cryptoporticum
955 400 1178 456 fenestra
1243 420 1258 447 ³
1320 402 1626 473 prosp1cit:
1683 422 1702 447 ⁴
1746 424 1854 491 qua·
1900 427 2046 468 mare
2105 436 2291 480 contra

186 488 441 563 parietem
477 480 717 537 medium
751 497 769 523 s
804 472 1030 530 zotheca
1068 489 1325 546 perquam
1366 474 1638 547 eleganter
1675 481 1913 544 recedit,
1951 500 2086 556 quae
2122 489 2139 510 ⁶
2175 493 2288 564 spe-

188 674 246 701 η.
284 663 394 713 Supm
421 658 609 698 Mediceus
631 668 640 693 :
666 665 764 703 aegre
788 651 882 708 pigro
904 678 914 695 ,
935 660 1012 709 ‘pro‘
1030 663 1128 710 aere,
1155 654 1195 693 &

188 711 280 752 infra
300 712 425 751 amoris
444 709 533 753 mei,
559 717 626 756 pro
645 717 779 742 amores
792 731 803 748 ‚
827 702 954 740 librarii
976 710 1078 741 vitio.
1181 757 1188 763 ι

241 775 256 801 1
285 757 577 806 Heliacaminus.j
606 752 1006 794 Concameratuslocus
1016 761 1115 794 totus
1125 754 1190 795 soli

187 811 384 862 cxpofitus,
409 821 451 847 ac
479 807 645 857 hyberno
676 813 846 854 tempore
878 804 1107 861 ca'orcmuex
1127 806 1191 845 illo

184 864 352 912 recipiens
373 862 411 899 &
430 859 621 896 continens
643 856 782 894 diaetae
803 865 882 904 pars
895 882 917 911 ⁸,
943 853 1055 893 nostri
1076 866 1186 906 vapo-

179 913 313 958 urium
335 910 448 962 fhlare
479 916 644 946 vocant:
689 905 765 944 five
789 907 963 953 solarium
993 913 1045 961 ‘ut
1087 909 1184 956 apud

178 961 343 1001 Plautum
372 962 408 999 in
439 960 552 998 milite
578 956 748 1007 glorioso⁴
799 955 899 993 Nam
928 954 1183 997 heliocaminus

179 1010 356 1050 Graecum
385 1010 447 1049 est.
482 1008 577 1050 ἥλιος
605 1009 702 1046 enim
727 1006 782 1056 sol
817 1008 856 1044 &
876 1003 1027 1063 mamm·
1030 1007 1183 1053 fornax.

176 1061 262 1109 Ejus
280 1062 449 1100 meminit
464 1061 552 1110 Ulp.
578 1060 713 1097 octavo
736 1058 773 1095 ff.
795 1056 841 1095 de
871 1056 1094 1095 servitutibus
1123 1071 1183 1097 ut-

175 1111 351 1150 banorum
375 1111 617 1161 praediorum.
669 1108 789 1146 Mi··0r
820 1106 997 1164 quosdam
1028 1108 1183 1156 prodere

173 1161 273 1200 ausos
296 1163 383 1200 olim
406 1163 559 1199 caminos
581 1173 657 1199 non
681 1156 783 1197 fuisse
795 1160 832 1197 in
843 1159 1014 1196 membris
1027 1158 1183 1214 domus,

172 1221 256 1249 cum
281 1212 446 1250 Sidonius
467 1211 564 1250 secus
589 1209 807 1261 apertissime
828 1207 995 1264 ostendat
1016 1209 1069 1265 liis
1105 1220 1184 1248 ver-

170 1262 309 1300 verbis:
340 1268 378 1299 A
402 1262 648 1313 cryptoporticu
668 1262 706 1299 in
723 1258 1099 1316 hyemale-triclinium
1122 1274 1183 1299 ve-

170 1313 268 1349 nitur
281 1329 292 1349 .·
321 1314 413 1363 quod
432 1313 599 1350 arcuatili
619 1312 752 1349 camino
771 1311 863 1359 saepe
884 1322 975 1366 iguis
996 1322 1185 1365 animatur

165 1362 266 1412 pulsa
284 1363 439 1412 fuligine
470 1363 600 1410 infecit.
653 1363 697 1400 T
695 1373 793 1412 ranq.
825 1363 860 1399 iii
893 1359 1068 1398 Vitellio:
1110 1368 1182 1419 {⁸74⁶

165 1423 250 1450 ante
267 1414 305 1451 in
328 1414 549 1451 Praetorium
567 1413 667 1451 rediit
691 1442 702 1457 ,
729 1425 844 1462 quam
861 1409 1045 1470 flagrante
1074 1413 1183 1468 tricli-

168 1463 221 1499 nio
243 1477 284 1501 ex
308 1473 464 1513 conceptu
484 1465 624 1502 camini.
654 1464 838 1500 Lucianus
855 1463 893 1499 in
916 1461 1180 1516 battirnalibus‚

167 1513 227 1550 ubi
246 1515 424 1562 hyemem
448 1513 608 1552 describit
623 1542 633 1556 ,
663 1512 797 1555 Multi,
824 1512 942 1566 iuquit
955 1538 966 1554 ‚
981 1523 1108 1548 circum
1122 1526 1179 1570 ca-

166 1563 305 1599 minum
335 1564 537 1610 versantur.
588 1563 636 1599 Et
667 1561 854 1615 Didymus
884 1572 922 1596 in
964 1571 1002 1615 re
1037 1561 1179 1618 Rustica

164 1614 336 1661 praecipit
351 1640 360 1655 ‚
389 1611 600 1649 faciundum
623 1611 805 1648 caminum
827 1621 864 1647 m
882 1608 1024 1666 balneis.
1053 1612 1179 1664 Alta]

163 1662 280 1699 Parte.
319 1664 350 1700 C
365 1676 386 1700 A
402 1676 424 1700 r
439 1675 460 1698 A
475 1673 512 1699 N.
548 1660 785 1700 Evolvendus
807 1659 855 1697 est
878 1659 923 1697 de
944 1659 1179 1703 Heliaramino

164 1710 330 1750 Budaeus
352 1714 397 1750 ad
418 1713 587 1751 Pande&
608 1723 687 1760 pag.
709 1722 788 1758 441.
824 1709 975 1748 Burri.
1014 1713 1053 1749 ὃς
1076 1713 1175 1751 Tur-

165 1762 247 1799 neb.
273 1763 353 1800 Lib.
377 1763 517 1801 XVIII.
542 1763 696 1801 Advers.
719 1772 793 1810 cap.
811 1759 931 1816 XXII.

216 1823 235 1848 2
266 1812 411 1862 Solem]
441 1815 568 1862 Qum]
591 1821 630 1850 ut
653 1812 853 1860 exciperet,
879 1810 964 1848 ideo
976 1809 1172 1852 struebatur

165 1859 422 1901 heliocaminus.
477 1864 588 1902 Unde
633 1864 763 1901 merito
807 1859 1075 1908 Jurisconsultus
1113 1875 1168 1902 re-

163 1909 339 1957 spondet,
366 1914 508 1951 arbores
527 1925 620 1964 quae
640 1913 740 1951 illum
762 1911 1007 1950 inumbrarent
1038 1912 1168 1954 succidi

169 1962 207 1996 ὅ(
229 1961 306 1999 tolli
329 1962 469 2001 debere.
497 1963 529 2000 C
542 1976 563 2000 A
579 1977 601 2002 Τ
616 1977 638 2001 Α
652 1975 688 2000 κ.

214 2021 231 2057 3
263 2012 464 2063 hospicia]
503 2014 608 2052 Aliae
641 2013 720 2053 edd.
743 2013 869 2063 recipit.
895 2013 1165 2055 Boxiioiwius.

160 2057 287 2098 Immo
309 2063 435 2115 respicit
455 2062 561 2101 estin
592 2063 790 2102 Lindenbr.
823 2066 862 2102 &
892 2064 1061 2112 Bongars.
1115 2068 1169 2106 At

159 2113 343 2151 veterrimi
360 2113 514 2170 prospicit
528 2142 539 2159 ,
567 2116 667 2164 quod
688 2115 746 2153 hic
757 2115 933 2164 repudiari
945 2126 1022 2151 non
1034 2115 1140 2156 debet
1155 2148 1164 2164 ‚

162 2170 245 2197 cuni
289 2163 399 2213 respici
427 2163 483 2202 illa
514 2168 657 2214 proprie
689 2165 851 2203 dicantur
875 2193 884 2210 ,
929 2166 1122 2223 quae-sunt
1145 2181 1164 2206 a

160 2216 261 2259 tergo
285 2213 395 2260 polita
418 2242 429 2258 ,
454 2222 501 2252 ut
515 2215 615 2253 vides
638 2228 683 2254 ex
706 2227 742 2253 n.
764 2229 797 2264 ς,
821 2217 949 2254 Oxon.
976 2227 1103 2265 recipit.

207 2275 228 2307 4
256 2263 375 2314 Qua]
404 2265 473 2304 Pal.
495 2267 533 2303 δε
555 2265 636 2303 edd.
657 2274 743 2306 vett.
757 2278 832 2303 non
843 2266 1041 2314 agnoscunt
1053 2268 1137 2306 illud
1151 2298 1161 2313 ,

158 2310 195 2347 δε
219 2323 284 2360 pro
307 2314 423 2353 diaeta
442 2316 576 2353 habent
605 2328 701 2355 zeta.
738 2317 925 2354 Gaui-im.
959 2316 1159 2357 Helmstad.

153 2361 244 2399 soliis
277 2375 322 2401 ex
353 2366 476 2403 nostris
508 2367 644 2404 omittit
673 2369 780 2416 Qu}
809 2375 846 2404 at
865 2366 938 2403 aliis
959 2369 1042 2422 {Qu
1063 2380 1160 2423 mare

154 2410 271 2450 deetl'e
313 2414 500 2454 adnotavit
543 2416 843 2465 Lindenbrogius.
894 2416 1039 2471 Optimi
1074 2418 1162 2455 nihil

152 2471 318 2508 mutant,
347 2477 416 2504 nec
437 2467 551 2504 sensus
574 2468 816 2504 mutationem
838 2467 1005 2503 admittit.
1058 2465 1162 2505 Idem

152 2509 351 2551 Helmstad.
388 2517 426 2554 ὅ(
460 2517 570 2554 Arnz.
598 2528 681 2554 zeta
711 2517 862 2565 quidem
884 2517 1077 2563 ingerunt,
1102 2516 1162 2555 sed

151 2563 274 2613 reliqui
297 2565 391 2602 aliud
413 2566 570 2611 habent,
597 2576 636 2604 ut
660 2578 749 2604 mox
773 2568 944 2606 dicemus.

199 2627 217 2661 ς
245 2613 437 2665 zotheca]
476 2616 587 2654 Nunc
617 2618 760 2665 vulgata
791 2618 1010 2666 exemplaria·
1031 2645 1042 2662 ,
1079 2629 1163 2656 cor-*-

154 2662 336 2703 rectorum
359 2669 450 2705 vitio
464 2694 475 2711 ‚
503 2669 587 2716 quia
608 2669 645 2705 in
666 2676 748 2705 toto
761 2668 940 2717 Epistolae
951 2676 1054 2705 textu
1065 2668 1158 2708 diae·
1193 2689 1196 2723 5

152 2718 271 2751 »arum
286 2743 296 2759 ,
332 2728 575 2766 zetas-umque
595 2719 738 2756 mentio
758 2720 878 2758 crebra
890 2719 1035 2756 recurrit
1049 2745 1059 2762 ,
1084 2719 1158 2757 hoc

158 2762 262 2802 etiam
293 2767 330 2804 in
358 2768 446 2806 loco
476 2768 631 2805 diaetam
664 2769 845 2807 exhibent.
899 2766 968 2807 Sed
992 2769 1163 2825 certaUest.

156 2814 315 2854 veterum
334 2817 444 2856 leffio
468 2847 478 2864 ,
515 2829 626 2867 quam
648 2820 919 2868 repraesentavi.
975 2818 1032 2855 Ex
1052 2819 1155 2858 Plinii

158 2864 274 2899 autem
301 2867 414 2905 verbis
435 2881 512 2906 non
533 2869 675 2906 difficile
698 2869 745 2907 est
757 2870 976 2918 cognoscere
991 2896 1001 2913 ‚
1028 2869 1151 2925 zophe-

157 2914 366 2962 “⁸³'Pr0prie
389 2917 496 2956 dietas
518 2918 720 2957 secretiores
742 2931 853 2958 oecos
876 2921 914 2958 &
934 2919 1150 2957 habitatiun-

159 2956 250 3013 cula?-
267 2959 392 3018 domus
413 2969 580 3007 cubiculis
599 2970 782 3019 adjimetas
807 2998 818 3014 ,
854 2972 889 3008 in
912 2969 1039 3025 quibus
1068 2969 1151 3006 Do·
1184 2959 1189 3030 ξ

158 3013 247 3043 mini
275 3009 529 3056 diversabantur
551 3047 562 3064 ,
599 3020 813 3068 privatisque
842 3020 962 3058 studiis
995 3031 1145 3068 operam
1183 3034 1187 3068 5

156 3052 307 3102 d³b²¹¹t2
331 3065 442 3111 quma
463 3069 538 3107 sunt
560 3097 579 3116 ‚‚
598 3081 692 3122 quae
712 3072 824 3122 vulgo
846 3071 966 3111 studia
991 3079 1052 3109 aut
1075 3075 1148 3122 Ca?
1181 3080 1185 3111 t

2143 567 2288 621 cula-

1264 648 1392 688 bineta*
1409 651 1571 692 dicimus.
1622 655 1750 693 Utitur
1769 656 1838 694 hac
1857 667 1954 694 voce
1976 656 2143 697 Sidonius
2175 664 2290 704 etiam·

1269 701 1358 740 Lib.-
1374 702 1480 741 VIII.
1507 703 1613 754 Epist.
1633 706 1735 744 Xvi.
1759 708 1799 745 δί
1820 707 1899 745 Lib.
1924 707 1988 744 IX.
2012 720 2067 758 ep.
2092 709 2156 749 XI.
2170 723 2285 755 extat-

1266 763 1340 801 quc
1362 753 1400 790 iii
1423 754 1618 794 Tiburtina
1641 755 1901 806 Inscripti0ne,
1927 769 2038 808 quam
2053 761 2187 800 Savaro
2200 777 2284 814 pro-

1263 803 1345 839 tulit
1359 829 1369 846 ‚
1398 804 1437 841 &
1458 805 1495 842 in
1516 805 1585 842 hac
1606 807 1762 844 Reatina
1784 807 1953 846 nondum
1976 809 2151 849 haetenus
2165 816 2257 854 edita
2274 831 2283 855 :

1313 853 1384 891 TI.
1398 854 1653 894 CLAUDIO
1673 857 1800 895 AUG.
1825 859 1870 895 L.
1893 857 2068 897 FELICI
2093 863 2281 904 SCAPU-

1266 903 1421 941 LANO
1447 906 1495 942 D.
1530 906 1597 944 III.
1630 908 1678 956 Q.
1703 907 1769 945 III.
1792 920 2100 955 QJiNQJENNAii
2126 926 2280 957 mmuur

1266 966 1539 993 TRH‘LICARIO
1567 969 1667 995 BENE
1701 971 1884 997 MEREN‘H
1910 971 1958 998 EX
1981 972 2186 1002 CONSENSU
2210 980 2280 1007 DE..

1262 1015 1414 1042 CURIAE
1438 1018 1664 1046 UNIVERSAE
1691 1018 1867 1047 HONORIS
1901 1021 2023 1048 CAUSA
2060 1025 2285 1057 ZOTHBCAM'

1261 1066 1433 1093 PUBLICE
1456 1070 1679 1097 pensantur
1704 1073 1908 1098 ATIMETUS
1933 1074 1965 1098 ι.
2001 1075 2071 1098 sue.
2103 1077 2279 1108 pecuum

1261 1117 1510 1145 anouuavrr.
1537 1110 1621 1156 JAc.
1650 1111 1849 1149 SIRMOND.
1876 1111 2117 1151 Membranae
2139 1118 2281 1160 nostrae

1261 1157 1412 1194 Zotheca
1426 1186 1436 1202 ‚
1465 1160 1567 1208 quod
1591 1171 1722 1198 verum
1743 1173 1783 1200 ac
1806 1173 1951 1200 merum
1963 1163 2168 1208 Plini-anum
2183 1167 2254 1207 esse
2267 1200 2279 1215 ,

1259 1205 1348 1245 vidit
1380 1220 1532 1258 quoque
1561 1211 1774 1250 sirmondus
1807 1212 1852 1250 ad
1886 1212 2024 1251 Sidonii
2057 1214 2137 1252 Lib.
2171 1217 2279 1259 VIII.

1256 1255 1366 1306 Epist.
1388 1260 1493 1299 XVI.
1515 1272 1595 1310 pag.
1620 1274 1698 1311 157.
1736 1263 1890 1301 Bam-ii.
1929 1264 2142 1304 Sirmondus
2165 1271 2279 1320 expli-

1261 1316 1316 1345 cat
1348 1310 1509 1348 cubicuia
1533 1339 1544 1356 ‚
1581 1314 1620 1350 in
1652 1313 1783 1364 quibus
1813 1315 1960 1363 privatis
1981 1314 2100 1353 studiis
2124 1329 2277 1366 operam

1261 1356 1391 1399 dabant
1407 1387 1418 1405 ‚
1442 1362 1560 1411 qualia
1581 1363 1661 1401 sunt
1682 1375 1776 1414 quae
1796 1366 1910 1413 vulgo
1931 1366 2061 1404 Studia
2087 1376 2150 1406 aut
2171 1372 2278 1410 Cabi-

1259 1418 1351 1446 neta.
1405 1411 1476 1449 Sed
1495 1413 1586 1449 haec
1606 1415 1713 1451 nimis
1735 1416 1912 1461 generalia
1927 1442 1937 1460 ,
1963 1427 2033 1454 nec
2054 1428 2190 1457 vocem
2211 1435 2275 1460 ex-

1258 1457 1400 1505 plicant.
1450 1461 1548 1498 Puto
1569 1462 1758 1500 Zothecam
1780 1464 1914 1502 distarn
1929 1493 1939 1509 ,
1967 1467 2070 1514 quod
2091 1469 2129 1505 in
2152 1482 2194 1508 ea
2207 1472 2275 1511 ser-

1257 1517 1427 1548 varentur
1450 1510 1557 1560 sigilla
1571 1539 1582 1556 ‚
1608 1513 1768 1561 picturae
1782 1542 1804 1558 ,.
1819 1516 1961 1552 tabulae
1975 1543 1986 1560 ‚
2013 1517 2078 1555 alia
2101 1519 2138 1556 id
2159 1530 2276 1567 genus

1256 1558 1332 1595 visu
1365 1562 1506 1599 rariora.
1559 1563 1658 1600 Nam
1690 1572 1730 1603 ut
1761 1565 1964 1614 Zographus
1981 1567 2008 1604 is
2031 1568 2183 1614 dicitur,
2211 1577 2275 1623 qm=

1254 1609 1392 1657 pingit,
1420 1614 1557 1661 quires
1579 1615 1716 1659 varias,
1744 1617 1935 1661 animalia,
1961 1617 2131 1658 homines
2154 1627 2272 1671 expri-

1252 1660 1322 1696 mit
1343 1662 1558 1708 coloribus,
1574 1665 1621 1702 ita
1645 1666 1683 1702 δε
1704 1664 1856 1702 Zotheca
1887 1668 1948 1705 ubi
1979 1678 2034 1706 res
2065 1670 2272 1721 eiusmodi,

1251 1710 1419 1750 animalia
1440 1739 1460 1756 ,.
1478 1714 1648 1752 homines
1672 1741 1690 1758 ,.
1708 1713 1783 1753 sive
1804 1716 1898 1764 pidia
1923 1745 1934 1762 ,
1961 1716 2037 1757 sive
2058 1719 2129 1757 ah'o
2152 1724 2270 1764 modo

1253 1756 1408 1800 formata
1432 1762 1690 1802 custodiuntur.
1745 1767 1877 1814 Qualia
1900 1768 1939 1805 &
1959 1768 2030 1816 ipsa
2051 1770 2164 1810 hodie
2196 1780 2271 1812 Ca-

1248 1806 1366 1848 bineta
1390 1812 1460 1851 dici
1481 1815 1757 1854 consueverunt.
1786 1819 1808 1855 S
1822 1828 1845 1854 c
1860 1830 1918 1856 1-1213
1932 1831 1951 1857 r·-
1966 1831 1989 1855 1³
2002 1831 2023 1857 ε
2037 1834 2075 1858 a.
2102 1821 2155 1860 At
2165 1827 2269 1873 quod

1247 1857 1326 1898 leni
1355 1863 1414 1902 hic
1447 1864 1486 1902 &
1516 1864 1774 1904 cathedrarum
1803 1869 1946 1907 mentio
1968 1869 2031 1914 fit,
2058 1871 2268 1916 ameriam

1248 1909 1340 1949 infra
1364 1915 1454 1953 Lib.⁴
1468 1915 1516 1951 V.
1539 1915 1647 1965 EpIst.
1668 1917 1739 1955 VI.
1761 1929 1796 1955 n.
1818 1919 1889 1968 38..
1929 1920 1974 1958 ad
1997 1921 2062 1960 alia
2098 1933 2266 1966 mentem

1251 1959 1453 2003 Schefferus
1485 1965 1674 2005 advertere
1707 1967 1869 2007 debebat.
1921 1970 2048 2011 Immo
2080 1971 2106 2009 fi
2128 1975 2266 2023 legisset

1248 2010 1442 2054 Sidonium
1465 2017 1527 2064 qui
1549 2016 1652 2055 libros
1677 2020 1716 2057 &
1735 2018 1964 2058 Zotheculam
1984 2050 1995 2066 ‚
2033 2026 2196 2063 armaria
2227 2031 2268 2067 &

1247 2062 1463 2104 Zotheculas.
1485 2069 1675 2116 coniungit
1697 2098 1708 2114 ‚
1747 2069 1793 2108 de
1825 2071 1970 2120 picturis
2001 2073 2068 2112 suis
2102 2077 2141 2114 ὃς
2162 2076 2268 2127 fignis

1246 2123 1451 2165 numquim
1492 2118 1687 2166 cogitasset.
1741 2120 1996 2161 Consulendus
2027 2124 2076 2163 est
2108 2132 2274 2169 omnino.

1247 2162 1387 2203 Salmas.
1409 2169 1453 2206 ad
1477 2168 1642 2207 Solinum
1666 2181 1747 2219 pag.
1768 2171 1853 2219 850.
1875 2174 1913 2211 δε
1935 2173 2016 2221 8ςῐ.
2038 2175 2099 2213 ubi
2112 2175 2267 2218 ostendit

1244 2213 1411 2254 Zothecas
1434 2218 1611 2269 quidem,
1637 2222 1675 2259 vi
1688 2222 1872 2266 nominis,
1898 2223 2038 2262 cellulas
2050 2227 2263 2268 animalibus

1242 2263 1438 2311 saginandis
1461 2268 1646 2307 destinatas
1661 2299 1670 2314 ,
1698 2279 1760 2308 aut
1783 2273 1892 2309 etiam
1913 2272 2062 2310 vivaria
2093 2277 2232 2317 notasse
2247 2296 2266 2323 ;.

1240 2315 1362 2360 postea
1395 2329 1484 2356 vero
1517 2330 1584 2366 pro
1617 2320 1781 2368 quolibet
1801 2332 1917 2369 parvo
1939 2325 2106 2362 conclavi
2129 2326 2168 2362 &
2190 2339 2258 2376 pro

1237 2362 1451 2405 bibliotheca
1474 2367 1635 2415 posujffe.
1691 2371 1799 2417 Quae
1823 2370 1867 2409 de
1891 2371 2025 2418 gallinis
2048 2375 2261 2419 cubantibus

1235 2412 1371 2452 ibidem
1394 2418 1520 2456 adtulit
1534 2445 1544 2461 ‚
1571 2419 1662 2456 haec
1682 2420 1798 2457 nolim
1823 2433 1869 2458 eo
1893 2423 1965 2470 rapi
1979 2451 2000 2467 ‚⁴
2019 2424 2117 2473 quasi
2129 2426 2259 2467 biblio-

1235 2462 1362 2501 thecae
1395 2479 1537 2505 nomen
1570 2468 1655 2506 inde
1682 2470 1864 2515 tulerint,
1913 2473 2015 2521 quod
2048 2475 2133 2514 inibi
2164 2477 2257 2519 libris

1235 2513 1497 2556 incumberent.
1526 2518 1614 2555 Hoc
1640 2529 1783 2558 certum
1807 2521 1879 2567 est,
1905 2525 2120 2570 pereximias
2133 2539 2254 2568 mem-

1235 2562 1357 2602 branas
1381 2567 1567 2606 Mediceas
1589 2571 1648 2607 hic
1669 2570 1853 2619 perspicue
1875 2572 2027 2611 Zothera
2050 2602 2062 2620 ,
2099 2585 2141 2614 ut
2174 2579 2264 2618 Lib..

1235 2614 1280 2650 V.
1303 2614 1411 2664 Epist.
1437 2619 1502 2656 VI.
1522 2630 1554 2655 n.
1580 2620 1637 2668 38.
1664 2620 1854 2660 zothecula
1877 2623 2056 2663 exhibere.
2081 2626 2257 2668 Proxime

1235 2667 1371 2704 accedit
1386 2668 1466 2706 MS.
1481 2669 1696 2709 Rrec-arci&
1711 2671 1838 2709 Oxon.
1860 2675 1901 2711 in
1924 2675 2051 2722 quibus
2064 2677 2263 2725 metheca„

1237 2715 1684 2764 &Lindenbnzioihem
1715 2722 2089 2763 Arnzen.Zi0thecha.
2117 2727 2255 2768 Reine⁴

1236 2764 1302 2804 ssus
1326 2767 1370 2805 ad
1392 2768 1497 2807 Claff.
1521 2770 1585 2808 IX.
1610 2770 1767 2820 Inscript.
1791 2773 1874 2811 LII.
1927 2774 2116 2813 Zothecam
2138 2777 2252 2818 secre-

1235 2818 1302 2854 tius
1334 2822 1474 2861 ταμεῖον
1495 2848 1506 2864 ,
1542 2820 1603 2858 seu
1635 2822 1810 2861 conclave
1842 2824 2131 2876 quodcumque,
2158 2830 2254 2870 aedis

1238 2869 1384 2906 maioris
1414 2869 1691 2919 adpendiculam
1722 2873 1975 2923 interpretatur
1999 2905 2025 2921 ,.
2057 2879 2096 2915 &
2120 2878 2264 2919 deinde

1240 2918 1304 2955 alia
1327 2918 1528 2969 subiungit,
1566 2932 1659 2971 quae
1681 2933 1758 2961 non
1780 2922 1862 2963 sunt
1888 2925 1964 2964 satis
1988 2927 2180 2967 emendata
2214 2934 2258 2970 ὃς

1267 2980 1302 3005 er
1330 2970 1415 3007 olita

1240 2980 1262 3017 p
1290 2980 1326 3055 op
1350 3020 1594 3070 specularibus.
1616 3021 1632 3072 ]
1682 3024 1880 3073 Lapidibus
1923 3028 2218 3068 translucentibus
2242 3058 2263 3074 ,.

1241 3069 1399 3110 eundem
1421 3083 1534 3123 quem
1566 3085 1665 3112 nunc
1683 3076 1822 3163 {trum
1857 3105 1868 3123 ‚
1894 3079 1931 3116 in
1964 3080 2121 3126 fenestris
2152 3079 2253 3116 usum

1746 3137 1766 3175 3
2146 3139 2256 3177 prdem

2341 441 2391 478 21
