2616 3686
331 215 448 267 250·
597 197 658 246 C.
723 194 840 245 PL
877 191 2264 254 1‘N11CAECIL-lnsss'cUNDl

334 285 562 357 cipavit‚
599 300 657 341 ut
685 285 840 342 heres
875 285 1058 340 mati-is
1083 282 1347 338 existeret.
1431 282 1443 304 ¹
1471 270 1858 355 Mancipatumf
1888 278 2192 361 (ita-vulgo
2232 305 2303 347 ex
2337 264 2469 345 mix?

296 372 303 381 ’·
336 361 483 415 ribus
524 357 757 414 hominis
794 357 1191 429 loquebantur)
1232 355 1392 411 foeda
1429 355 1483 409 &
1532 355 1736 410 insolita
1762 355 2457 434 parentibusindulgentiffe

262 443 292 501 '3
340 431 667 487 simulatione
693 444 710 465 ²
736 432 1001 497 captabat.
1082 428 1400 483 incredibile
1427 426 1529 490 est,
1571 427 1659 482 sed
1686 427 1962 498 Regulum
2012 431 2206 500 cogita.
2288 434 2459 490 Arnis-

339 506 454 560 sum
480 520 655 558 tamen
684 505 830 573 luget
859 503 1049 558 insane.

883 646 895 671 5

268 664 304 724 '4
345 654 454 705 nias
478 687 493 712 ‚
536 650 783 718 piittaeos
814 685 829 704 .

1130 501 1379 555 Habebat
1407 517 1538 570 puer
1561 498 1575 525 ³
1610 502 1888 555 mannulos
1915 503 2112 556 multos
2138 541 2154 564 ‚
2210 505 2262 559 δι
2292 510 2310 534 ⁴
2339 507 2480 576 jun--

344 577 456 633 θος
495 576 548 629 δε
597 577 795 630 solutos
824 594 835 629 :
889 575 1112 630 habebat
1140 589 1296 630 canes
1329 573 1552 641 majores
1573 611 1588 633 ‚
1621 573 1968 645 minoresque

2007 592 2019 628 ε
2062 572 2284 629 habebat
2310 579 2460 634 lusci-

942 647 1200 699 memlas:
1263 661 1451 697 omnes
1492 645 1740 715 Regulus
1767 647 1910 700 circa
1936 663 2128 718 rogum
2158 649 2461 706 trucidavit.

345 740 445 778 nec
476 720 632 774 dolor
658 731 770 774 erat
798 718 914 778 ille,
953 718 1040 773 sed
1066 715 1087 747 ⁶
1110 715 1392 771 ostentatio
1427 713 1643 772 doloris.

1719 717 2062 777 Convenitur
2085 719 2151 774 ad
2183 736 2306 781 etim
2336 722 2464 782 mira

349 791 674 847 celdiritate.
749 788 945 846 Cuncti
987 801 1003 828 ⁷
1043 786 1417 861 detestantur,
1481 787 1757 854 oderunt:
1822 797 1839 824 ⁸
1870 791 1925 845 &
1951 831 1966 856 ,
2017 791 2161 865 quali
2207 793 2469 861 probent,

347 865 491 938 quali
530 864 789 936 diligant,
838 862 1090 926 cursant,
1139 861 1487 933 frequentant
1516 898 1534 923 ‚
1582 873 1753 932 utque
1775 861 2014 920 breviter
2041 903 2056 929 ,
2093 865 2244 935 quod
2272 864 2442 919 sentio
2452 903 2468 929 ,

396 1079 420 1117 ἰ
452 1074 754 1124 Matutinarum]
793 1073 975 1122 Emptum
1006 1073 1075 1111 hac
1109 1071 1235 1110 fraude
1260 1100 1270 1116 ,
1300 1082 1379 1110 non

303 1146 314 1178 g
350 1126 627 1168 manumissum.
669 1126 767 1164 Nam
790 1125 878 1164 dum
899 1124 1000 1163 illum
1023 1124 1237 1162 muneribus
1259 1130 1377 1170 capta·

314 1174 323 1180 ’
352 1188 431 1225 ret,
461 1179 589 1227 vussgus
611 1188 687 1215 non
711 1178 984 1223 emancipatum
1001 1204 1011 1219 ,
1039 1175 1098 1212 scd
1130 1176 1379 1222 mancipatum

353 1230 520 1269 dictabat.
545 1229 700 1266 CAT'AN.
717 1227 973 1276 Mancipatum.
988 1224 1002 1273 Ἰ
1019 1226 1107 1262 Non
1125 1224 1169 1262 de
1182 1225 1294 1262 nihilo
1309 1223 1357 1262 est
1371 1253 1381 1268 ‚

353 1281 459 1332 quod
490 1281 605 1319 servat
637 1279 708 1318 Pal.
732 1278 920 1326 editioque
955 1284 1056 1314 vetus
1082 1304 1092 1321 ‚
1131 1276 1382 1325 mancipatum.

353 1331 454 1371 Tale
485 1332 583 1370 enim
618 1329 707 1378 quid
740 1336 929 1377 requirunt
963 1328 1071 1364 verba
1094 1326 1297 1376 parenthesi
1330 1328 1384 1364 in-

353 1383 458 1423 clusa.
518 1382 551 1418 G
567 1395 591 1418 x
607 1393 631 1417 υ
647 1393 669 1417 τ
686 1393 706 1418 ε
720 1393 760 1417 x.
799 1379 971 1416 Laudent
988 1406 998 1423 ‚
1036 1386 1219 1427 quantum
1248 1378 1384 1424 velint,

353 1433 458 1472 suum
489 1432 742 1480 mancipatum
766 1444 777 1473 ;
805 1429 915 1467 sciant
935 1437 1060 1466 tamen
1083 1458 1093 1473 ,
1125 1429 1162 1466 in
1184 1432 1386 1468 veterrimo

357 1483 538 1522 Mediceo
553 1510 563 1526 ,
593 1480 793 1520 Lindenbr.
817 1481 856 1518 &
877 1478 979 1517 Voff.
1005 1479 1141 1518 exstare
1176 1481 1387 1528 Emancipa-

2299 955 2472 995 enun-

1454 1069 1531 1108 fere
1553 1070 1684 1109 eadem
1705 1079 1892 1112 memorat
1914 1072 1960 1112 de
1980 1072 2144 1113 Vitellio.
2183 1074 2337 1114 Cum.
2376 1073 2476 1112 Bon-

1453 1122 1539 1169 gars.
1562 1121 1718 1160 Helmst.
1741 1123 1872 1163 Oxou.
1895 1123 2007 1160 Arnz.
2034 1125 2073 1162 δε
2095 1122 2162 1160 Ed.
2194 1123 2281 1162 Vct.
2322 1125 2477 1163 Incnedi·

1453 1172 1519 1210 bite
1535 1200 1545 1217 ,
1563 1174 1628 1222 sed
1654 1173 1818 1211 Reiulum
1839 1175 1951 1224 cogita
1966 1202 1977 1219 ‚
2003 1173 2079 1213 fine
2101 1174 2230 1212 Verbo
2249 1174 2478 1213 substantivo.

1455 1223 1602 1261 Deinde
1634 1224 1797 1262 Riccard.
1833 1224 2032 1264 Lindenbr.
2064 1227 2103 1264 δε
2137 1226 2266 1262 Oxon.
2300 1227 2477 1264 omittunt

1455 1273 1577 1323 insane
1590 1289 1600 1317 ;
1631 1274 1823 1316 Mediceus
1843 1287 1886 1314 εν
1908 1276 2027 1314 addit:
2059 1282 2104 1313 Et
2125 1275 2277 1312 habebat
2295 1284 2391 1326 puer.

1503 1348 1522 1388 3
1556 1335 1788 1385 Mannulos.]
1818 1335 1946 1385 Equos
1968 1334 2112 1384 pufillos
2133 1363 2144 1380 ,
2172 1347 2267 1384 quos
2290 1345 2403 1383 vuigo
2414 1334 2480 1375 suo

1454 1385 1574 1425 seculo
1598 1387 1733 1426 Buricos
1756 1388 1953 1436 appellatos
1987 1386 2133 1424 testatur
2168 1386 2372 1436 l‘orphyrio
2394 1414 2406 1432 ,
2433 1385 2479 1425 de

1456 1439 1585 1488 quibus
1609 1437 1717 1477 Mart.
1741 1438 1828 1477 ΧΠ.
1849 1436 2015 1476 mannuli
2041 1437 2221 1477 tacebunt.
2250 1436 2405 1475 Cursu.

1504 1512 1526 1546 4
1554 1498 1759 1548 Junc‘los.]
1800 1500 1963 1540 Currum
1990 1499 2174 1538 trahentes
2197 1527 2207 1544 ,
2241 1500 2411 1548 jugatos.
2441 1507 2483 1541 ut

354 1544 447 1573 '¹⁰⁷¹-
503 1533 551 1570 Et
576 1532 625 1571 ⁰st
646 1531 752 1576 sane’
779 1530 841 1568 “¹³¹
874 1540 1116 1579 ‘mansspam‘
1155 1539 1312 1569 Uonone
1345 1533 1389 1567 '³9
1449 1547 1583 1597 solutos
1605 1551 1781 1589 vehiculis
1801 1550 1969 1591 insuetos.
1999 1550 2115 1589 IDEM.
2143 1547 2337 1597 Jundoa]
2367 1547 2487 1589 Haud

353 1587 577 1625 mancipatus
598 1583 700 1621 venit
718 1611 727 1625 ‚
757 1579 860 1631 quod
885 1580 965 1630 post
988 1582 1203 1632 Scioppium
1215 1580 1261 1618 ad
1274 1582 1389 1620 Sene-

357 1646 439 1674 cam
475 1635 635 1673 docuere
669 1632 813 1670 Iuretus
851 1633 890 1669 &
923 1632 1140 1672 Gronovius
1164 1660 1175 1677 ‚
1209 1631 1268 1669 ille
1290 1631 1337 1670 ad
1360 1632 1388 1669 I.

355 1684 487 1724 Benef.
519 1695 596 1732 cap.
629 1683 695 1722 ΙΙΙ.
751 1683 804 1720 Sit
848 1682 979 1732 aliquis
1024 1696 1130 1732 usque
1168 1696 1202 1720 eo
1245 1683 1389 1721 Graecis

358 1737 612 1784 emancipatus
634 1763 644 1780 ,
682 1743 723 1770 ut
758 1733 840 1770 baec
872 1733 971 1770 dicat
1007 1733 1225 1782 neceffirria;
1265 1733 1325 1771 hic
1345 1733 1391 1772 ad

359 1784 470 1835 Epist.
493 1784 617 1824 XLV.
657 1791 739 1822 Non
757 1785 851 1821 enim
873 1796 926 1820 me
947 1783 1111 1833 cuiquam
1136 1785 1391 1833 mancipavi,

360 1836 497 1875 nullius
532 1848 657 1874 nomen
682 1836 774 1882 [ενα.
831 1833 1034 1872 Fatendum
1068 1842 1195 1871 tamen
1221 1861 1231 1877 ,
1282 1835 1392 1874 verba

361 1899 458 1937 quae
479 1899 542 1937 per
562 1884 795 1936 parenthesin
808 1885 1041 1923 subiiciuntur
1055 1912 1065 1928 ‚
1093 1886 1275 1933 requirere
1288 1899 1393 1922 man-

361 1938 544 1987 cipatum:
575 1935 640 1975 nisi
662 1935 866 1980 existimes,
893 1935 954 1974 ista
977 1937 1156 1983 pertinere
1181 1935 1394 1975 adverbum

363 1988 534 2038 captabat
558 2016 569 2033 ,
609 1986 714 2037 quod
747 1995 822 2025 erat
844 1998 890 2025 ex
914 1987 1077 2024 moribus
1100 1986 1231 2033 Reguli
1253 2001 1264 2029 ;
1293 1988 1395 2035 quod

362 2039 457 2078 mihi
486 2051 563 2076 non
597 2041 727 2087 placet.
782 2038 970 2075 Praeterea
1005 2035 1196 2074 Mediceus
1229 2039 1267 2075 &
1290 2037 1393 2075 Voss.

361 2102 406 2126 ex
437 2090 594 2128 moribus
628 2089 801 2128 homines
833 2087 1067 2137 loquebantur
1091 2115 1100 2132 ‚
1139 2087 1339 2135 quomodo
1360 2091 1398 2127 &

363 2138 531 2180 Barthius
551 2137 750 2189 legendum
774 2141 921 2186 putabat
947 2167 957 2184 ‚
986 2138 1046 2176 sed
1081 2138 1216 2174 frustra.
1271 2138 1399 2177 Mores

364 2191 487 2239 Reguli
510 2192 569 2230 hic
591 2189 821 2238 exprimendi
834 2198 958 2234 erant,
987 2188 1089 2237 quod
1102 2187 1141 2225 fit
1155 2200 1217 2238 per
1228 2187 1398 2228 additum

365 2238 530 2279 bominis.
552 2241 638 2278 vide
659 2239 705 2278 ad
729 2239 866 2277 Sallust.
891 2241 970 2279 Cat.
995 2251 1071 2289 cap.
1094 2238 1277 2277 XLVIII.
1300 2251 1335 2276 n.
1368 2253 1400 2290 ς.

366 2291 618 2342 Loquebantur
639 2298 764 2328 autem
791 2302 854 2338 per
875 2291 908 2328 se
930 2291 1019 2340 poni
1042 2288 1159 2339 potest
1188 2317 1199 2332 ‚
1229 2297 1270 2326 ut
1291 2290 1401 2340 aliqui

369 2352 417 2387 ex
449 2343 562 2390 vulgo
587 2372 597 2387 ,
634 2341 695 2379 vel
726 2341 842 2389 ipsum
877 2341 963 2379 iilud
986 2340 1138 2378 homines
1162 2340 1403 2388 intelligatur,

369 2393 474 2442 quod
498 2394 637 2431 Latinis
661 2391 994 2441 frequentiffunum
1018 2389 1113 2436 effe,
1141 2389 1338 2430 docuimus
1357 2392 1403 2430 ad

372 2443 512 2482 Lucan.
539 2444 620 2482 Lib.
645 2442 713 2482 111.
738 2453 788 2479 vs.
811 2443 897 2491 659.

425 2543 615 2595 Postquam
637 2543 803 2583 inhibent
826 2543 931 2581 remis
948 2551 1083 2593 puppes.

377 2645 451 2686 Sed
467 2646 528 2735 hic
550 2643 716 2683 additum
750 2644 855 2694 vulgo
887 2658 934 2683 ne
966 2643 1027 2683 ista
1059 2642 1211 2694 quidem
1245 2643 1407 2683 remedia

468 2706 551 2735 uat.

384 2696 464 2784 po}
486 2746 709 2796 captaban]
740 2747 994 2796 Manciparum
1021 2745 1235 2784 muneribus
1260 2744 1411 2784 solicita-

384 2793 468 2840 bat.
494 2807 535 2835 ut
555 2799 590 2837 se
611 2798 807 2836 haeredem
835 2799 924 2835 relin
954 2806 1068 2835 ueret.
1122 2796 1214 2834 Non
1247 2796 1411 2844 placebat

388 2849 495 2885 uxori
530 2849 658 2896 Reguli
686 2877 699 2893 ‚
733 2859 772 2886 ut
796 2848 888 2888 filius
910 2862 929 2887 e
960 2850 1050 2886 etin
1073 2847 1185 2896 patria
1210 2846 1412 2893 potestate:

390 2904 503 2949 quare
535 2909 618 2933 euvn
652 2900 842 2945 reliquerat
869 2898 1067 2937 haeredem
1102 2897 1162 2935 sub
1196 2898 1262 2934 hac
1285 2898 1414 2936 condi-

391 2950 520 2987 tione,
547 2945 570 2980 fi
594 2955 691 2992 parc-.-
712 2958 794 2982 cuin
817 2948 1086 2986 manumilisset.
1133 2948 1260 2996 Itaque
1283 2949 1416 2987 timens

394 2993 560 3042 Regulus
574 3022 583 3036 ‚
606 3006 690 3031 cum
715 2997 751 3031 in
775 2995 885 3031 silium
900 3000 1260 3047 emancipatumjura
1274 3000 1417 3048 patroni

394 3050 537 3082 mrum
563 3043 733 3086 haberet,
759 3055 806 3080 ne
828 3045 936 3082 aliurn
961 3048 1178 3095 rc'inquet‘et
1191 3048 1386 3087 haeredem
1403 3075 1413 3092 ,

400 3092 576 3144 blanditii>
598 3098 635 3135 ὅ(
657 3094 847 3142 largitione
870 3106 957 3133 eum
979 3097 1153 3146 captabat.
1180 3098 1415 3148 Tranquillus

1457 1598 1558 1638 aliter
1579 1601 1651 1639 Pal.
1674 1608 1737 1639 aut
1759 1609 1865 1639 vetus
1887 1601 1943 1641 ed.
1985 1600 2098 1639 Nova
2130 1606 2301 1651 quaeque
2333 1598 2484 1639 vineias.

1459 1650 1648 1690 Gutum.
1677 1651 1963 1696 Rec'teiunc'lom
1992 1662 2138 1692 currum
2153 1652 2360 1695 trahentes,
2388 1660 2483 1699 quo-

1459 1701 1577 1740 modo
1599 1705 1638 1741 δε
1660 1701 1771 1741 nostri
1793 1703 1901 1742 MSS.
1923 1714 2002 1741 non
2034 1700 2178 1741 vinctos.
2235 1702 2409 1741 Diximus
2438 1700 2485 1740 ad

1460 1752 1541 1791 Lib.
1564 1752 1613 1790 ΙΙ.
1637 1753 1744 1802 Epist.
1770 1753 1895 1791 XVss.
1918 1764 1952 1791 n.
1975 1766 2011 1792 2.
2065 1759 2136 1793 lter
2155 1753 2206 1791 ali
2234 1766 2280 1793 ua
2311 1764 2354 1790 ox
2381 1759 2486 1800 parto

1459 1804 1646 1854 arenosum
1659 1833 1668 1849 ‚
1693 1804 1823 1843 iuuetis
1841 1804 1962 1854 paullo
1978 1806 2132 1855 gravius
2152 1815 2196 1846 ω’
2232 1804 2351 1853 angius
2364 1829 2375 1847 ,
2402 1815 2485 1852 equo

1457 1852 1563 1892 breve
1595 1866 1638 1894 ω’
1667 1856 1780 1894 molle.
1837 1857 1925 1894 Hoc
1946 1855 2046 1898 idem
2069 1855 2218 1895 Barthio
2240 1853 2480 1905 probabatur,

1459 1906 1523 1953 qui
1546 1905 1635 1943 iliud
1655 1906 1835 1946 adiecerat
1859 1919 1905 1945 ex
1929 1906 2112 1946 Horatio:
2137 1906 2271 1955 gaudet
2289 1905 2384 1954 equis
2407 1915 2489 1943 cur-

1459 1954 1634 2006 ribusque.
1662 1956 1760 1995 Infra
1783 1956 1886 1995 Voss‘.
1907 1956 2064 1997 habebat
2085 1968 2186 1994 canes
2207 1957 2358 1995 minores
2379 1955 2488 1992 maio-

1462 2019 1605 2064 res-qiu,
1634 2009 1673 2045 ὅ(
1697 2008 1910 2047 Mediceus:
1938 2007 2094 2045 babebat
2118 2007 2288 2047 lucerinus
2303 2035 2315 2052 ‚
2341 2017 2409 2057 pro
2432 2006 2490 2045 lu-

1457 2064 1602 2114 firmas.

1516 2129 1535 2164 ς
1567 2117 1774 2169 Merulas.]
1804 2119 1931 2164 Aves,
1952 2130 2094 2156 nomen
2118 2119 2228 2158 etiarn
2250 2115 2489 2166 piscis&viri.

1465 2166 1528 2206 De
1559 2178 1629 2207 ave
1660 2169 1750 2207 Plin.
1809 2170 1948 2207 Merula
1979 2183 2022 2208 ex
2055 2170 2157 2218 nigra
2190 2167 2328 2215 rufescit
2356 2198 2367 2215 ,
2393 2169 2489 2208 canit

1468 2217 1618 2265 aestate,
1644 2219 1765 2268 hyeme
1789 2219 1947 2258 balbutit
1962 2249 1972 2264 ,
1999 2221 2089 2258 circa
2106 2218 2295 2268 solstitium
2308 2231 2411 2257 muta
2422 2218 2484 2267 est,

1467 2266 1617 2315 rostrum
1651 2283 1782 2320 quoque
1819 2271 1995 2309 anniculis
2027 2272 2066 2309 in
2094 2270 2179 2308 ebur
2211 2271 2487 2320 transfiguratur

1468 2319 1655 2358 duntaxat
1681 2321 1853 2359 maribus.
1883 2324 2039 2361 Cum.
2367 2344 2387 2348 ἢ

1518 2382 1542 2416 6
1571 2380 1764 2429 ostentatio
1789 2383 1926 2422 doloris.
1954 2383 1972 2435 ]
2002 2385 2138 2423 Seneca
2158 2383 2204 2422 de
2227 2375 2388 2428 Tranqu'.
2408 2387 2483 2426 cap.

1470 2431 1556 2469 XV.
1587 2431 1744 2482 Plerique
1769 2434 1862 2471 enim
1883 2435 2062 2483 lacrymas
2072 2435 2242 2480 fundunt
2262 2459 2274 2475 ‚
2307 2425 2485 2483 ιιΙὈῆςη-

1471 2482 1558 2521 dant
1582 2511 1593 2527 ,
1633 2495 1677 2522 ω’
1696 2484 1796 2521 toties
1809 2484 1917 2574 {cros
1939 2486 2047 2523 oculos
2070 2483 2199 2520 habene
2223 2509 2233 2527 ‚
2270 2489 2396 2534 q¹¹‚0¹¹‘5
2409 2485 2486 2524 Ἆρ’·

1471 2535 1587 2570 etator
1622 2535 1735 2581 defuit
1759 2562 1769 2579 ,
1835 2545 1848 2555 ’
1871 2547 1966 2585 quae
1988 2536 2184 2587 sequuntur
2204 2556 2215 2572 ‚
2253 2527 2373 2581 qut&
2405 2526 2485 2564 alibi

1470 2585 1713 2672 ‘ambitionem
1733 2585 1979 2635 lacrymarum
2002 2588 2039 2624 &
2063 2582 2194 2622 doloris
2224 2584 2377 2625 &rames
2407 2589 2487 2625 PC?-

1505 2645 1624 2674 l'lnfflt.

1525 2698 1543 2734 7
1561 2664 1846 2736 DDeteslanrusa]
1875 2684 2018 2734 Regulo
2039 2683 2279 2734 imprecantur
2293 2706 2303 2722 ‚
2330 2678 2429 2727 quod
2444 2679 2486 2716 sc.

1474 2748 1560 2776 aves
1582 2738 1662 2775 istas
1684 2741 1776 2776 circa
1802 2747 1934 2785 rogum
1955 2733 2015 2772 filii
2047 2727 2238 2766 trucidarit.
2276 2727 2489 2774 Detestatto,

1479 2788 1663 2838 Pompcjo
1695 2788 1858 2826 tradente
1879 2814 1889 2830 ,
1927 2789 2076 2820 vocatur
2101 2779 2136 2815 in
2164 2777 2384 2816 deteriorem
2410 2791 2486 2828 par-

1479 2847 1556 2878 tem
1580 2867 1591 2884 ,
1628 2837 1800 2884 obtestatio
1833 2836 1871 2872 in
1903 2832 2093 2870 meliorem
2118 2856 2129 2871 ,
2156 2827 2366 2866 detestabiles
2389 2832 2488 2868 enim

1480 2890 1584 2934 sunt,
1637 2898 1770 2925 uorum
1801 2881 2049 2922 testimonium
2083 2879 2223 2916 malum
2259 2882 2298 2917 δε
2321 2892 2494 2931 execrati-

1481 2939 1569 2976 dum
1594 2936 1871 2983 efficimur.
2023 2946 2026 2951 ·

1529 2988 1550 3024 8
1578 2991 1626 3023 Et
1638 2981 1778 3036 quast]
1808 2981 1940 3019 Melius
1954 2980 2070 3024 forte;
2093 2981 2273 3029 sedquafi.
2305 2981 2497 3022 Gau-reg}

1479 3036 1640 3075 Barthius
1672 3045 1822 3083 quoque
1854 3030 2102 3070 emendabat:
2142 3041 2175 3068 at
2209 3031 2308 3084 quast
2337 3033 2495 3084 probent.

1478 3087 1522 3125 In
1544 3084 1652 3125 codd.
1673 3093 1798 3138 tamen
1819 3082 1991 3125 omnibus
2011 3093 2056 3133 οξ
2078 3082 2212 3122 haeret.

2408 3147 2432 3185 .¹*
2458 3138 2508 3183 ¹²4
