2616 3686
597 166 1237 249 'LIBER1.EP

591 340 702 394 111.

969 424 1025 482 R
1065 443 1161 482 UF
1200 443 1236 481 ο

1282 195 1703 250 ISTOLA
1760 208 1873 255 III.

777 338 841 394 C.
912 337 1345 394 Pramus
1422 340 1885 402 CANINIO

1310 426 1491 484 Suo
1565 431 1618 488 S.

334 564 605 623 Caninium
631 561 882 618 hortatur
901 600 918 626 ‚
956 572 1015 615 ut
1026 564 1089 630 st,
1112 566 1454 619 monumentis
1478 568 1763 624 literarum
1792 571 1820 619 ὰ
1847 572 2182 632 mortalitate

218 777 350 932 Q

262 1130 280 1158 1
310 1118 497 1170 Comum]
527 1119 646 1158 Patria
674 1118 805 1158 nostra.
829 1118 934 1158 Olim
953 1119 1142 1158 mediocre
1156 1131 1220 1170 op-

209 1171 350 1221 pidum.
365 1179 548 1209 caeterurn
563 1171 760 1219 Pompeius
772 1170 897 1209 Strabo
913 1198 924 1214 ,
954 1171 1081 1219 Magni
1096 1179 1196 1220 pater
1209 1201 1220 1217 ‚

210 1221 366 1259 colonos
395 1221 440 1258 ab
467 1221 762 1260 incumbentibus
793 1221 920 1258 Rhetis
950 1219 1088 1258 vastato
1124 1223 1221 1260 resti-

209 1273 300 1310 tuit:
326 1272 385 1309 cui
407 1271 478 1309 Cn.
498 1272 619 1321 Scipio
639 1272 704 1310 tria
728 1271 837 1309 millia
858 1272 1057 1309 hominum
1080 1273 1223 1321 insuper

204 1322 352 1368 adjecit.
386 1321 466 1359 Post
485 1323 599 1370 Julius
620 1321 747 1360 Caesar
767 1323 932 1372 quinque
956 1322 1220 1371 inquilinorum

208 1372 320 1410 millia
354 1371 398 1409 ad
428 1372 665 1411 habitandum
695 1373 846 1411 deduxit
869 1399 880 1416 ,
918 1371 938 1410 ὲ
956 1373 1085 1421 quibus
1112 1375 1218 1422 quin·

208 1423 305 1471 genti
336 1420 480 1460 illustres
505 1423 607 1461 fuere
637 1423 782 1461 Graeci.
833 1423 914 1461 Hos
934 1425 1044 1461 etiam
1069 1423 1220 1462 civitate

207 1473 366 1510 donatos
387 1474 422 1510 in
444 1472 687 1511 habitatorum
710 1485 869 1512 numero
891 1473 1093 1521 descripsit:
1122 1474 1219 1513 haud

207 1529 332 1561 tamen
348 1522 632 1562 ibidomicilium
643 1524 802 1562 habuere
815 1551 825 1567 ,
852 1523 909 1560 sed
922 1523 1063 1571 oppido
1075 1535 1216 1561 nomen

205 1573 452 1620 relinquentes
473 1600 483 1615 ,
519 1574 557 1609 &
592 1574 746 1610 Novum
775 1574 944 1608 Comum
972 1571 1191 1618 appellantes
1211 1600 1221 1617 ,

776 633 1039 698 vindicer,
1078 638 1249 703 omiffa
1275 641 1583 711 vulgarium
1608 660 1752 698 cura.

365 773 475 828 Uid
503 777 612 847 agit
640 779 652 798 ¹
681 774 919 829 Comum
938 812 952 836 ‚
992 786 1145 838 tuae,
1187 792 1448 849 meaeque
1472 778 1695 836 deliciae
1722 786 1739 834 ?
1781 785 1913 858 quid
1942 785 2299 844 suburbanum

367 846 826 902 amoeniffimum?
853 846 1081 916 quidilla
1097 855 1369 918 porticus,
1406 857 1593 906 ²verna
1610 854 1851 924 semper?

362 918 730 990 opaciffimus?
772 919 902 991 quid
927 931 944 955 ⁴
967 917 1200 992 Euripus
1226 922 1438 989 viridiS,
1480 926 1532 980 &
1562 930 1871 999 gemmeus?
1910 930 1938 954 ἢ*
1975 932 2104 1002 quid
2129 931 2297 1001 subje-

1891 859 2020 929 quid
2039 867 2052 892 ³
2067 854 2299 918 malivoli

2151 1004 2261 1060 clus
2277 1043 2296 1069 ,

1319 1123 1420 1163 Vere
1437 1131 1504 1165 tuo
1524 1140 1724 1180 numquam
1746 1127 1889 1167 mulceri
1910 1127 2032 1177 definit
2051 1128 2193 1174 annum*

1373 1178 1595 1230 Deliciasque
1613 1192 1694 1219 tuas
1716 1181 1814 1218 vieta
1832 1189 1950 1219 tuetur
1969 1179 2091 1216 hiems.

1285 1289 1293 1295 ²
1321 1239 1442 1280 Multa
1459 1242 1504 1280 de
1525 1244 1594 1283 hac
1617 1237 1877 1286 Romanorum
1890 1244 2072 1294 elegantia
2089 1271 2098 1287 ‚
2127 1242 2294 1282 anluxuS

1266 1299 1314 1328 fla
1328 1318 1340 1335 2
1368 1292 1527 1340 Seneca,
1548 1297 1777 1346 Capitolinus
1797 1325 1807 1339 .
1837 1297 1989 1334 Pacatus
2008 1324 2018 1340 ,
2045 1294 2290 1333 Mamertinus

1269 1340 1307 1397 ὃς
1332 1341 1402 1381 alii.
1453 1343 1559 1394 Lege
1582 1348 1745 1387 Livinei.
1763 1347 1807 1386 ad
1827 1348 1998 1384 Mamert.
2025 1344 2161 1393 Paneg.
2183 1345 2288 1382 Iulia«

1269 1401 1305 1427 ni
1334 1403 1413 1440 cap.
1449 1394 1516 1432 Xl.
1540 1397 1579 1435 δε
1612 1399 1705 1438 adde
1727 1400 1924 1437 Zenonem
1939 1397 2148 1435 Veronens.
2171 1395 2286 1435 Serm.

1268 1440 1408 1481 XLIX.
1434 1444 1656 1486 Claudianus
1681 1449 1750 1487 111.
1772 1446 1878 1494 Raps.
1900 1459 1952 1485 vs.
1974 1459 2056 1494 225.

1317 1503 1444 1541 Verna
1464 1519 1522 1543 nec
1542 1508 1678 1546 iratum
1696 1510 1846 1547 timeant
1867 1508 2021 1556 virgulta
2047 1513 2183 1546 Booten.

1320 1576 1338 1614 3
1370 1571 1597 1621 Πλκτανῶν]
1625 1572 1681 1610 Est
1698 1572 2153 1617 locusl'latanisconfitus‚
2181 1575 2283 1623 quasi

209 1621 519 1658 Novocomenses
542 1621 748 1668 oppidanos
775 1631 970 1658 vocavere.
999 1620 1220 1660 Nobilitatur
1268 1613 1364 1653 dicas
1386 1646 1398 1659 ι
1453 1620 1676 1664 platanetum
1701 1649 1713 1666 ,
1750 1624 1802 1660 uti
1857 1623 2008 1666 Δκφνῶν
2031 1651 2040 1664 ,
2068 1623 2248 1662 lauretum
2268 1653 2279 1670 ,

208 1670 402 1712 Comum,
429 1669 546 1707 Plinio
566 1671 766 1714 referente,
795 1681 887 1718 aqua
918 1670 963 1707 ad
995 1677 1219 1718 temperatu-

209 1731 287 1758 ram
310 1721 403 1757 ferri.
440 1719 472 1756 C
486 1736 506 1756 Α
520 1731 544 1756 τ
557 1731 579 1755 A
593 1732 616 1755 Ν
628 1731 651 1755 Α
664 1731 684 1756 ε
700 1732 723 1755 u
736 1731 762 1757 s.
784 1718 863 1756 MS.
893 1718 1068 1756 Barthii&
1088 1720 1216 1757 Helm·

207 1769 280 1808 stad
301 1798 312 1814 ‚
357 1770 499 1817 aprima
520 1780 654 1807 manu:
676 1775 860 1807 commum
881 1783 892 1811 ;
922 1771 958 1806 in
971 1769 1045 1806 hoc
1062 1768 1217 1808 secunda

207 1822 367 1859 fecerat:
390 1820 577 1856 Communi
608 1847 619 1863 ,
656 1821 714 1858 cui
735 1821 788 1858 vir
817 1818 947 1858 doetus
976 1818 1219 1868 adscripserat:

211 1870 354 1913 melita,
382 1881 424 1905 vt
444 1870 559 1913 visum
580 1869 644 1915 est,
664 1869 773 1916 staret
797 1886 808 1907 .·
836 1877 947 1919 agunt
970 1880 1216 1917 communes,

1264 1664 1300 1700 &
1337 1665 1492 1704 Ε’λαιῶν
1536 1670 1716 1708 olivetum
1755 1672 1963 1720 appellatur.
2018 1672 2040 1709 S
2054 1685 2076 1709 τ
2097 1685 2117 1709 ε
2134 1686 2152 1710 1>
2168 1685 2192 1710 Η
2207 1688 2226 1711 Α
2242 1687 2281 1714 Ν.

1263 1712 1341 1751 MS.
1387 1715 1504 1754 Barth.
1554 1720 1591 1757 Sc
1641 1722 1802 1759 Arnzeu.
1826 1721 2036 1772 plaranam;
2088 1723 2280 1765 Helmstad

1260 1763 1297 1800 &
1323 1764 1411 1804 alter
1431 1767 1614 1807 Bodleian.
1642 1770 1822 1819 platanus.
1877 1774 1926 1810 At
1965 1773 2180 1818 Mediceus.
2212 1776 2276 1825 qui

1261 1813 1401 1853 Graeca
1441 1818 1523 1857 alibi
1573 1820 1650 1859 satis
1681 1823 1872 1870 diligenter
1911 1833 2053 1868 exarat,
2078 1824 2273 1872 platanon,

1256 1875 1378 1914 neque
1398 1867 1500 1906 aliter
1513 1870 1794 1918 Bongarfianus,
1823 1874 2104 1912 &hocmallem
2120 1903 2130 1919 ,
2157 1887 2272 1925 qum!

207 1918 268 1956 sed
299 1920 372 1955 h0c
404 1930 588 1967 perperam
621 1920 735 1957 vjsum
769 1920 828 1958 est,
878 1920 1040 1957 Amzen,
1077 1921 1120 1958 ab
1152 1923 1218 1959 alja
1257 1914 1406 1956 Graecis
1437 1919 1561 1958 litteris
1582 1926 1800 1967 πλκτανὼν,
1830 1925 1880 1961 uti
1902 1924 2089 1973 caipham,
2116 1927 2273 1975 daphno-

209 1980 345 2006 manu:
375 1974 633 2006 Commutuum.
662 1970 772 2007 Tales
794 1970 1094 2008 hallucinationes
1115 1971 1217 2010 libra·

208 2020 344 2056 riorum
364 2019 399 2054 in
422 2021 571 2067 propriis
592 2020 801 2059 nominibus
819 2023 891 2058 iarn
905 2021 1210 2061 suntnotiffirnae.

1256 1978 1303 2022 na
1327 1995 1336 2011 ,
1369 1968 1562 2018 platanona
1598 1973 1731 2011 Latine
1759 1975 1854 2021 apud
1890 1976 1926 2011 Μ
1955 1977 2094 2013 rualem
2125 2005 2135 2021 ‚
2165 1977 2271 2016 Sido-

1254 2027 1383 2061 ntum,
1411 2020 1626 2059 Petronium
1654 2023 1818 2062 scribunt.
1870 2025 1969 2062 Vide
1994 2026 2268 2073 Interprrtesad

210 2070 401 2119 Mediceus
428 2070 577 2107 Caninio
606 2070 702 2109 nude
721 2071 878 2110 inscribit
899 2098 911 2116 ‚
948 2071 1023 2109 fine
1060 2074 1217 2112 nomine
1255 2066 1402 2107 Petron.
1425 2071 1494 2111 Sat.
1514 2083 1592 2122 cap.
1614 2074 1789 2113 CXXVI.
1809 2073 1854 2113 ad
1877 2076 2036 2114 Maniai.
2069 2078 2150 2116 Lib.
2179 2079 2270 2118 XII.

208 2123 308 2167 Ruso.

258 2183 280 2208 2
310 2170 448 2221 Verna]
488 2173 619 2222 Africa
650 2173 780 2212 aestate
808 2175 845 2212 &
875 2174 1015 2223 hyeme
1034 2202 1044 2218 ,
1084 2175 1145 2213 ubi
1175 2175 1215 2214 fit

205 2231 421 2269 perpetuum
456 2235 528 2261 ver.
558 2226 710 2262 CATAN.
735 2225 1050 2263 BeneCatanaeus
1064 2239 1211 2263 vernam

204 2273 380 2319 explicat,
409 2271 720 2323 ubifitperpetuum
733 2289 795 2312 ver
816 2303 825 2319 ,
853 2275 888 2313 id
901 2287 990 2313 vero
1003 2287 1078 2313 non
1091 2277 1183 2314 bene
1201 2305 1212 2322 ‚

203 2323 304 2368 quod
325 2325 414 2362 lianc
434 2325 528 2363 d=cat
550 2326 700 2374 apricam
726 2325 849 2375 aestate
873 2338 916 2366 cry
942 2326 1061 2363 hieme.
1117 2327 1210 2365 Sane

202 2371 226 2408 si
251 2373 364 2412 t‘uiffet
381 2376 495 2423 aprica
513 2402 521 2417 ‚
546 2375 582 2412 id
605 2375 673 2420 est,
703 2386 825 2423 patens
845 2376 907 2413 soli
928 2402 938 2419 ,
967 2387 1047 2413 non
1073 2376 1205 2420 video.

199 2423 398 2470 quom'odo
443 2424 573 2462 aestate
606 2425 776 2471 potuiffet
807 2437 915 2463 verna
947 2424 1028 2461 esse.
1082 2428 1208 2472 Quare

197 2484 346 2509 vernam
368 2487 415 2512 eo
436 2485 561 2523 putem
583 2474 715 2512 dietam
730 2503 739 2518 ,
767 2474 868 2524 quod
886 2475 1016 2511 aestate
1037 2475 1203 2511 exclude-

194 2530 250 2558 ret
270 2523 406 2560 calores
425 2527 558 2562 nimios
580 2552 590 2567 ,
618 2525 742 2562 hieme
770 2536 860 2563 vero
891 2525 1036 2572 frigora.
1089 2526 1205 2572 Quod

191 2570 302 2610 fiebat
322 2575 448 2620 purim
466 2585 509 2611 ex
522 2572 780 2623 fitulocoque,
809 2576 937 2621 partim
953 2587 995 2610 ex
1009 2574 1179 2611 structura
1194 2604 1203 2619 ,

191 2624 278 2670 quia
302 2628 460 2668 porticus
498 2626 536 2662 ὃ(
562 2624 680 2661 tecta:
710 2632 812 2661 erant
837 2652 848 2667 ,
886 2626 922 2660 &
954 2626 991 2661 in
1021 2625 1196 2662 ambitum

191 2673 335 2710 cinctae
361 2674 544 2712 arboribus
574 2702 584 2717 ‚
622 2675 750 2723 quibus
778 2674 866 2712 ficut
898 2674 977 2713 solis
1004 2674 1124 2718 calor,
1153 2677 1200 2713 ita

191 2721 362 2761 imbrium
388 2727 425 2762 &
450 2734 644 2762 ventorum
671 2727 720 2762 vis
740 2724 935 2762 arcebatur.
992 2725 1088 2762 Vide
1122 2726 1200 2763 Lib.

190 2769 236 2810 ll.
259 2774 367 2821 Epist.
389 2775 513 2813 XVll.
537 2775 558 2812 S
575 2786 597 2812 c
613 2787 668 2812 rix-z
684 2788 702 2812 r
720 2787 738 2812 ιτ
755 2787 773 2812 ε
790 2789 810 2812 κ
827 2789 891 2812 us.
944 2775 1013 2813 Sed
1029 2786 1097 2812 uec
1117 2777 1175 2814 issa
1192 2805 1200 2821 ‚

190 2831 282 2869 quae
299 2825 414 2863 adfert
446 2826 649 2864 Schefferus
674 2855 682 2867 .
720 2826 901 2863 sufficiunt
924 2854 931 2866 .
969 2834 1007 2863 vt
1030 2827 1199 2874 particum

188 2873 313 2922 semper
332 2889 479 2912 vernam
500 2889 544 2914 ex
565 2879 615 2913 eis
634 2876 844 2923 cognoscas.
872 2877 1102 2913 l’orticusilla
1117 2880 1180 2915 viri

194 2919 243 2957 dis
262 2921 399 2974 semper
414 2955 422 2970 ,
452 2930 488 2964 &
510 2926 656 2964 floribus
678 2927 970 2976 quibuscumque
995 2955 1004 2971 ‚
1033 2930 1195 2965 maxime

192 2967 328 3009 hiberna
354 2979 451 3023 rosa,
479 2978 523 3015 de
543 2989 611 3026 qua
633 2977 824 3026 aliquoties
848 2978 1040 3021 Martialis,
1068 2989 1196 3016 ornata

192 3029 277 3073 erat.
327 3025 374 3062 lta
405 3028 499 3065 rec'le
533 3041 642 3064 verna
675 3032 803 3076 seraiper
838 3028 984 3071 dieitur.
1039 3029 1192 3068 Rutilius

185 3068 268 3106 Lib.
294 3071 319 3109 l.
340 3074 458 3117 ltiner.
476 3089 528 3120 vs,
551 3090 631 3128 113.
650 3079 695 3118 de
719 3081 863 3119 Roma.-

1258 2118 1375 2168 Epigr.
1404 2121 1446 2159 1⁴.

1307 2183 1329 2215 4
1357 2173 1544 2224 Euripus]
1589 2177 1640 2214 Ut
1669 2177 1740 2215 diei
1771 2178 1906 2217 aestum
1940 2178 2132 2217 redderent
2156 2178 2276 2216 lenio-

1258 2230 1333 2258 rem
1351 2249 1359 2265 2
1385 2234 1515 2271 aquam
1540 2225 1752 2266 derivabant
1772 2241 1833 2276 per
1864 2229 1977 2267 varias
2004 2231 2141 2266 semita-2
2165 2242 2172 2264 :
2208 2230 2277 2266 rivi

1260 2280 1380 2309 autem
1407 2275 1616 2323 hujusmodi
1629 2279 1764 2326 obliqui
1786 2280 1823 2316 ὃ(
1844 2280 2045 2325 reciproci,
2076 2279 2135 2326 qui
2158 2278 2274 2317 fluunt

1259 2322 1296 2358 &
1317 2323 1495 2369 refluunt,
1529 2327 1652 2375 Euripi
1674 2328 1922 2376 appe'lantur:
1965 2328 2009 2364 de
2028 2340 2186 2377 quorum
2214 2330 2271 2366 in-

1257 2371 1444 2411 stabilitate
1479 2384 1601 2413 extant
1639 2378 1735 2425 apud
1774 2378 1920 2414 Suidam
1962 2379 2152 2426 proverbia
2175 2407 2185 2422 ‚
2228 2387 2269 2418 ut

1254 2420 1423 2465 ἅνθρωπος
1450 2425 1603 2466 εὔριπος,
1634 2428 1669 2463 &
1707 2429 1805 2472 τύχη
1833 2428 1971 2470 ἐὐμπος
1994 2456 2004 2473 ,
2034 2433 2094 2464 xxi
2132 2428 2267 2466 δᾶνσικ

1252 2468 1398 2513 εὔριπος.
1450 2474 1527 2511 hile
1549 2477 1855 2523 aquarumduetus
1881 2479 2033 2527 Euripos
2071 2480 2146 2517 satis
2175 2492 2266 2518 con·

1254 2518 1315 2556 stat
1337 2521 1498 2561 Senecae
1520 2527 1732 2564 teitirnonio
1751 2528 1808 2565 lib.
1830 2529 1935 2566 XlV.
1957 2530 2187 2577 epistolarum
2209 2542 2266 2568 re-

1251 2571 1416 2609 feren-is:
1446 2575 1522 2621 §Qvi
1552 2580 1693 2624 Euripos
1714 2577 1828 2625 subito
1859 2593 2033 2629 aquarum
2054 2581 2180 2628 impetu
2198 2581 2268 2617 im-

1251 2622 1317 2678 plet
1345 2635 1407 2659 aut
1428 2625 1548 2672 siccat.
1567 2629 1603 2663 &
1635 2628 1836 2675 Lampridn
1866 2631 1899 2667 in
1938 2630 2193 2678 Hessiogabalo.
2220 2633 2262 2670 δί

1254 2672 1351 2710 Plinii
1381 2687 1390 2710 ε
1427 2677 1554 2723 Caesar
1591 2677 1741 2713 (iterator
1767 2680 1804 2715 in
1832 2678 2089 2727 elephantorum
2122 2694 2262 2718 munere

1252 2724 1387 2772 Euripis
1431 2738 1578 2762 arenam
1615 2729 1852 2766 circumdedit.
1910 2732 1962 2768 Ex
1996 2731 2125 2779 quibus
2162 2739 2262 2779 patet

1248 2785 1321 2809 non
1344 2776 1420 2812 satts
1444 2789 1564 2814 veram
1587 2778 1731 2816 illorum
1754 2779 1967 2818 senentiam
1989 2809 1998 2824 ‚
2032 2782 2092 2829 qui
2123 2782 2261 2818 rivulos

1246 2835 1306 2869 per
1329 2834 1423 2871 prata
1445 2827 1645 2866 defluentes
1663 2857 1672 2873 ‚
1713 2830 1733 2866 fi
1761 2831 1870 2877 paulo
1889 2832 2184 2868 murmuratiues
2208 2831 2260 2868 es-

1222 2877 1342 2918 fient.
1370 2880 1540 2926 euripos:
1578 2879 1668 2916 alios
1701 2881 1917 2928 majus-“ulos
1939 2910 1949 2924 ,
1977 2883 2068 2919 nilos
2099 2883 2256 2926 arnt-lla-

1248 2936 1347 2963 tunt:
1379 2939 1462 2966 nam
1487 2930 1539 2965 Μ.
1563 2930 1704 2967 Tullius
1725 2931 1786 2968 lib.
1811 2931 1837 2968 l.
1860 2932 1904 2968 de
1927 2933 2013 2980 Leg.
2043 2932 2254 2969 indifferen-

1248 2986 1299 3013 ter
1319 2979 1456 3024 posuit,
1485 2981 1776 3029 D.÷ifflus,inquit
1799 3010 1806 3019 .
1841 2996 2016 3031 aquarum
2042 3011 2050 3022 ,
2086 2997 2129 3032 qa
2152 2997 2166 3019 s
2201 2982 2254 3025 isli

1244 3029 1326 3064 nilos
1361 3034 1551 3079 camposque
1586 3042 1714 3067 vocant
1739 3059 1747 3074 ‚
1785 3034 1858 3081 qui!
1893 3046 1970 3068 cerm
2008 3034 2045 3069 vi
2060 3035 2158 3076 Ιινιῐ,
2187 3045 2256 3068 nan

1242 3079 1412 3129 irriserit?
1441 3081 1509 3121 Sed
1531 3083 1643 3132 magis
1659 3082 1807 3170 ringula
1829 3082 1975 3123 illorum
2002 3085 2129 3133 opinio
2154 3110 2162 3125 ‚
2191 3083 2254 3136 qui

2164 3142 2258 3170 eun·
