2616 3686
2501 0 2616 185 lu

2567 181 2589 227 ,τῖ

286 227 351 280 46
490 212 1010 268 c.·1>L1*N11
1079 206 1587 261 CAECILti
1662 211 2180 273 sEcuNDI

211 315 242 351 2
292 321 401 359 non
436 319 503 357 ex
538 316 761 366 natura,
814 315 914 354 nec
956 294 1126 352 fatalis
1167 301 1402 357 videtur.
1485 300 1627 354 Nam
1675 296 1687 316 ⁸
1730 311 2010 372 utcunque
2047 304 2103 357 in
2137 304 2236 360 illis
2263 344 2278 369 ,
2318 305 2411 376 qui
2474 310 2478 312 ’
2520 342 2536 358 .

299 376 493 431 morbo
509 375 792 438 finiuntur,
819 389 1073 443 magnum
1092 390 1160 427 ex
1189 375 1295 444 ipsa
1323 378 1338 394 ²
1365 374 1676 429 necestitate
1704 370 1949 426 solatium
1972 375 2078 438 est;
2119 379 2172 432 in
2201 380 2258 432 iis
2284 395 2415 432 vero

299 450 312 476 ³
340 468 474 522 quos
497 447 739 504 arcessita
770 464 913 501 mors
941 446 1143 510 aufert,
1182 447 1268 501 liic
1296 447 1591 503 insanabilis
1620 447 1778 501 dolor
1804 447 1907 509 est,
1951 448 2100 518 quod
2115 452 2413 506 creduntur

217 527 240 577 3
300 523 529 597 potuiffe
567 525 662 577 diu
709 524 909 575 vivere.
988 518 1291 574 Corellium
1333 520 1559 591 quidem
1599 520 1803 573 summa
1841 523 1976 574 ratio
2005 559 2019 583 ,
2054 537 2186 591 quae
2212 525 2416 596 sapien-

299 596 441 652 tibus
488 615 589 667 pro
636 592 948 650 necestitate
999 591 1075 647 est
1117 632 1132 655 ,
1199 592 1265 646 ad
1319 594 1426 647 hoc
1469 593 1745 647 consilium
1774 595 2066 663 compulit:
2108 611 2412 668 quanquam

299 671 554 743 plurimas
605 668 823 723 vivendi
874 666 1053 720 causas
1101 665 1427 730 habentem,
1462 685 1478 709 ⁴
1515 668 1775 740 optimam
1818 668 2236 732 conscientiam,
2275 674 2416 741 opti-

300 762 444 799 mam
492 743 683 798 famam
712 781 726 803 ‚
786 740 1073 794 maximam
1114 737 1525 794 auctoritatem:
1564 753 1839 811 praeterea
1869 738 2090 805 5filiam,
2127 748 2439 807 ⁶uxorem,·

213 851 249 899 4
300 817 316 844 ⁷
377 833 663 888 nepotem,
711 817 729 843 ²³
763 813 971 868 sorores
999 854 1015 880 ,
1066 814 1316 886 interque
1344 828 1428 868 tot
1452 815 1713 886 ⁹pignera
1740 852 1756 877 ‚
1816 832 1972 869 veros
2010 817 2229 870 amicos
2307 818 2416 871 Sed

301 906 408 946 tam
457 891 616 962 longa
654 927 670 954 ‚
731 899 842 943 tam
893 886 1077 959 iniqua
1131 886 1443 943 valetudine
1499 886 1948 951 conflictabatur,
1996 902 2056 942 ut
2096 890 2228 944 haec
2271 902 2415 946 tanta

2174 976 2187 996 ¹
2231 967 2414 1036 precia

300 1105 358 1144 M.
379 1104 431 1144 T.
446 1105 480 1144 iri
502 1102 634 1152 Philip.
686 1101 809 1140 Multa
831 1099 922 1140 mihi
943 1099 1127 1139 imminere
1158 1100 1331 1139 videbun·
1357 1104 1365 1136 i
1385 1100 1598 1140 scribebant.
1650 1100 1704 1138 At
1727 1099 1922 1138 Mediceus
1942 1099 2095 1148 arceffita
2118 1129 2128 1144 .
2167 1114 2291 1154 neque
2312 1102 2414 1141 aliter

298 1168 362 1194 tur
392 1167 529 1205 praeter
563 1166 734 1191 naturam
758 1183 766 1199 ,
791 1155 1146 1204 praeterquesatum.
1175 1153 1329 1191 CATAN.
1383 1153 1615 1192 scribendum
1644 1151 1714 1190 esse
1737 1181 1746 1197 ,
1787 1153 1889 1200 piger
1915 1165 2030 1201 prope
2069 1152 2296 1199 admonere,
2325 1166 2411 1192 cum

303 1207 500 1245 Mediceus
529 1207 610 1245 ille:
639 1219 727 1256 quae
757 1221 824 1244 non
855 1219 898 1244 ex
931 1217 1065 1242 natura
1083 1234 1093 1250 ,
1131 1218 1191 1242 nec
1215 1207 1328 1243 facilis
1379 1206 1487 1242 toties
1507 1204 1549 1241 ab
1575 1204 1648 1242 aliis
1667 1205 1892 1242 inculcatum
1916 1203 1971 1242 sit.
2023 1204 2121 1242 Vide
2142 1232 2152 1249 ,
2181 1204 2204 1242 si
2226 1207 2340 1251 tanti,
2368 1206 2413 1243 ad

302 1259 459 1297 videtur.
512 1258 687 1302 Librarii‚
717 1266 755 1295 ut
775 1259 932 1306 opinor,
972 1258 1077 1295 virio.
1128 1257 1226 1296 Vide
1250 1269 1331 1295 mo·
1383 1257 1524 1294 Lucan.
1551 1255 1638 1295 Lib.
1660 1255 1688 1295 Ι.
1717 1267 1766 1294 is.
1790 1256 1875 1294 166.
1933 1255 1966 1293 Is
1991 1254 2104 1293 etiam
2138 1256 2301 1305 adposite
2330 1257 2414 1296 Lib.

304 1309 355 1348 do
372 1321 468 1360 quae
485 1309 622 1346 Gellius
640 1308 746 1355 super
759 1309 886 1347 locum
909 1307 1025 1346 Tullii
1045 1336 1056 1353 ,
1083 1319 1197 1357 quein
1223 1308 1332 1346 Cata·
1381 1308 1450 1346 IV.
1474 1318 1526 1346 νς.
1546 1307 1635 1357 483.

301 1373 416 1398 naeus
445 1360 623 1409 adscripfit
646 1388 656 1404 ,
694 1359 741 1397 de
777 1360 985 1399 differentia
1015 1368 1166 1397 naturae
1202 1361 1237 1397 δι’
1265 1361 1337 1404 fati

304 1412 460 1461 disputat
489 1411 571 1449 Lib.
601 1411 706 1449 X111.
735 1411 847 1449 Noc‘t.
879 1412 996 1449 AttiC.
1019 1423 1098 1460 cap.
1121 1411 1334 1449 LSimiliter
1434 1430 1498 1441 —-
1525 1420 1700 1447 extremae
1722 1420 1940 1449 momontum
1964 1410 2168 1463 abrumpere
2186 1410 2295 1458 lucis,

305 1463 460 1501 lustinus
483 1463 568 1501 Lib.
590 1463 637 1500 II.
656 1474 736 1509 cap.
761 1463 809 1501 Il.
832 1475 870 1501 n.
907 1473 965 1512 13.
1013 1469 1136 1514 Neque
1161 1463 1239 1512 plus
1277 1463 1337 1499 ho·
1434 1460 1602 1500 Arceffas
1623 1463 1711 1500 dum
1733 1464 1806 1501 fata
1826 1477 1948 1501 manu.

305 1515 445 1551 minum
458 1515 598 1561 ferrum
621 1526 782 1554 &arma
802 1542 811 1558 ,
847 1527 955 1564 quam
983 1515 1152 1552 naturalis
1175 1516 1335 1552 fatorum

310 1567 462 1603 conditio
497 1576 642 1615 raperet.
683 1565 892 1614 Spartianus
931 1566 1099 1603 Adriano
1138 1577 1217 1614 cap.
1270 1566 1339 1604 IV.
1380 1564 1457 1601 Hic
1481 1575 1635 1613 quoque
1660 1563 1826 1613 vulgares
1841 1565 1921 1603 libri
1954 1565 2133 1614 Accersas.
2185 1564 2286 1603 Infra
2316 1564 2407 1604 Lin-

309 1619 523 1656 Commendo
543 1617 608 1655 n’bi
621 1617 842 1666 provincias,
863 1615 900 1666 fi
922 1617 1009 1667 quid
1028 1616 1117 1654 mihi
1135 1617 1245 1655 fatale
1259 1630 1337 1654 con·
1378 1616 1506 1653 denbr.
1532 1614 1637 1652 Vofl'.
1661 1616 1812 1653 Helmst-
1830 1617 1867 1652 ὅ(
1884 1617 2293 1667 Arnz.qu0dcreduntur
2306 1614 2409 1666 posse

312 1669 441 1717 tigerit.
465 1670 579 1718 Supra
603 1668 804 1707 Helmstad.
825 1669 916 1718 quod
936 1667 1087 1706 dolorem
1109 1681 1226 1706 meum
1253 1681 1337 1706 exu—
1374 1667 1436 1704 diu
1456 1667 1587 1705 vivere.
1613 1666 1754 1705 vitiose.
1781 1667 1939 1706 Come.

311 1720 434 1764 betas,
463 1733 531 1769 pro
549 1719 739 1757 exulcerat.
1430 1731 1452 1765 4
1481 1719 1662 1766 Optimam
1683 1716 1967 1766 conscientiam]
2008 1718 2114 1756 Haec
2142 1731 2221 1756 non
2236 1718 2408 1767 leguntur

367 1785 382 1810 1
416 1772 643 1821 Utcumque]
675 1769 929 1808 Reserendum
951 1768 999 1807 est
1017 1770 1061 1808 ad
1082 1771 1237 1819 sequens
1263 1784 1341 1807 ma·
1378 1770 1414 1807 in
1438 1769 1640 1812 Medicem
1671 1776 1707 1806 at
1739 1770 1775 1807 in
1806 1768 2009 1806 Helmstad.
2024 1768 2213 1818 sequentia
2238 1770 2406 1818 optimam

309 1836 434 1872 gnum.
465 1823 524 1860 Est
545 1831 671 1860 autem
691 1832 882 1870 utrumque
911 1834 1081 1869 magnum
1096 1849 1106 1866 ,
1135 1823 1238 1870 quod
1262 1834 1340 1860 non
1354 1806 1519 1867 ifamam
1539 1819 1798 1858 desiderantur.
1854 1819 1968 1858 Unde
1990 1827 2090 1868 patet
2109 1821 2409 1858 librariositerata

310 1874 520 1922 fimpliciter
539 1884 717 1921 magnum
739 1900 748 1916 ,
778 1873 836 1910 sed
860 1871 924 1909 suo
946 1873 1065 1910 modo
1085 1872 1157 1910 tale
1175 1900 1185 1917 ,
1215 1861 1360 1922 quate-4
1384 1883 1479 1910 voce
1501 1871 1671 1919 optimam
1693 1872 1870 1920 deceptos
1889 1869 1971 1908 effe.
1999 1871 2110 1908 Certe
2131 1871 2219 1907 bona
2241 1873 2411 1919 conscien-

310 1936 379 1963 nus
402 1924 472 1963 effe
498 1936 672 1973 inagnum
706 1923 836 1972 potest.
890 1923 1008 1971 Quod
1033 1924 1096 1961 hic
1127 1924 1336 1971 elegantem
1381 1924 1433 1960 tia
1453 1934 1528 1960 non
1549 1923 1672 1960 minus
1687 1951 1696 1967 ,
1722 1934 1836 1972 quarn
1857 1922 2067 1969 bonafama
2090 1923 2184 1959 inter
2203 1924 2331 1970 caussas
2351 1921 2409 1956 vi-

310 1976 421 2014 habet
447 1977 663 2014 sententiam
689 2003 698 2018 ‚
746 1975 770 2011 fi
805 1974 1025 2012 adteiidatur
1061 1975 1119 2012 illa
1146 1973 1340 2013 infirmitas
1382 1975 1490 2011 vendi
1518 1972 1590 2017 est,
1618 1974 1664 2012 de
1692 1974 1823 2024 quibus
1847 1974 1932 2012 vide
1961 1973 2124 2021 interpp.
2153 1973 2334 2012 luvenalis
2361 1971 2408 2012 ad

311 2030 489 2066 omnium
502 2028 714 2066 solatiorum
728 2027 992 2075 pag-:micorum
1006 2034 1135 2064 contra
1151 2035 1313 2065 mortem
1330 2055 1341 2072 ‚
1383 2027 1455 2065 Sat.
1474 2023 1586 2064 VllI.
1605 2037 1657 2064 vs.
1683 2024 1743 2072 84.

314 2077 360 2116 de
381 2090 454 2127 qua
473 2079 662 2128 scriptores
692 2077 886 2116 Christiani
906 2077 1119 2127 saepiffime.
1156 2077 1178 2115 S
1192 2089 1216 2116 c
1232 2091 1254 2116 H
1269 2091 1290 2117 E
1306 2091 1344 2116 F·

318 2141 339 2167 F
356 2142 375 2168 ε
389 2143 427 2167 n.
1430 2135 1617 2166 Summum
1637 2128 1732 2165 crede
1749 2129 1847 2174 nefas
1872 2127 2036 2165 animam
2056 2127 2231 2174 praeferre
2250 2125 2383 2176 pudori
2394 2132 2408 2174 ,'

369 2191 394 2218 2
424 2178 661 2229 Neceffitate.]
691 2180 732 2218 Id
752 2179 800 2217 est
817 2208 827 2224 ,
857 2181 936 2217 fato
954 2193 962 2217 :
992 2191 1070 2229 quo
1091 2181 1267 2219 mortales
1279 2192 1340 2219 ae·
1432 2185 1479 2219 Et
1494 2187 1630 2230 propter
1650 2178 1771 2216 vitam
1789 2178 1941 2217 vivendi
1955 2177 2099 2227 perdere
2118 2176 2264 2217 caussas.

315 2232 502 2281 gritudine
531 2235 568 2270 ὅ(
589 2231 724 2269 morbo
742 2231 927 2269 intereunt
944 2232 1037 2268 circa
1057 2232 1144 2271 XC.
1172 2243 1312 2270 annum
1329 2260 1339 2276 ‚

316 2283 438 2322 niodo
484 2283 613 2327 serius,
644 2281 763 2321 inodo
811 2282 977 2320 velocius
1014 2281 1215 2320 secundum
1254 2285 1339 2321 fata.
1436 2295 1454 2331 ς
1486 2281 1626 2325 Filiam,
1647 2279 1664 2331 ]
1715 2280 1933 2319 Coroeiiam
1977 2279 2184 2329 Hispullam
2229 2279 2410 2331 intelligit.

320 2335 353 2372 C
367 2348 417 2372 Ar
433 2347 453 2371 Α
469 2348 506 2371 Ν,
551 2334 699 2383 Signate
718 2332 902 2381 neceffitate
925 2361 937 2377 ,
963 2340 1003 2370 ut
1014 2333 1344 2382 naturaeneceffita-
1382 2333 1541 2372 CATAN.

315 2396 386 2425 tem
409 2385 570 2429 Seneca,
599 2386 724 2423 Gallus
744 2385 891 2423 Atinius
911 2385 1236 2433 aliiquedixerunt.
1265 2387 1341 2424 Le·
1431 2386 1455 2422 6
1481 2381 1667 2433 Uxorem]
1697 2383 1917 2433 Hispullam.
1943 2384 2092 2424 lnam.

316 2449 364 2486 ge
394 2449 488 2485 quae
514 2437 690 2486 congessit
706 2438 880 2476 Gronov.
902 2435 984 2474 Lib.
1003 2436 1051 2473 11.
1080 2436 1235 2475 Observ.
1261 2448 1343 2486 cap.
1437 2447 1456 2481 7
1489 2434 1694 2486 Nepotem]
1725 2434 1857 2474 Filium
1878 2435 2078 2475 Coroeliae
2090 2433 2402 2485 Hispullaebonae

320 2489 369 2526 11.
400 2488 534 2526 Sallust.
557 2489 635 2537 lug.
653 2500 731 2536 cap.
752 2488 860 2527 XIV.
881 2499 920 2527 n.
952 2497 1006 2534 ις.
1032 2493 1160 2532 Pater,
1192 2489 1246 2525 uti
1272 2500 1339 2526 ne·
1383 2487 1531 2526 indolis.
1551 2487 1679 2526 ἸοΕΜ.

317 2536 411 2577 cesse
440 2550 515 2576 erat
537 2568 546 2583 ,
584 2548 734 2578 naturae
756 2538 912 2588 concessit.
966 2538 1107 2576 Cicero
1125 2539 1193 2578 IV.
1210 2540 1245 2576 in
1270 2540 1342 2578 Ca·
1440 2539 1462 2577 8
1487 2538 1660 2590 Sorores.]
1691 2541 1863 2585 Quarum
1885 2539 1996 2577 altera
2015 2537 2192 2578 Coroelia
2205 2534 2402 2574 Fuscoerat

321 2591 374 2628 til.
398 2602 475 2638 cap.
501 2592 570 2629 lV.
601 2597 750 2628 Mortem
778 2602 841 2627 aut
871 2590 1121 2628 necessitatem
1159 2599 1312 2629 naturae
1328 2619 1338 2636 ‚
1390 2589 1634 2630 matrimonio
1654 2589 1869 2640 conjuncta.
1898 2590 1954 2628 ln
1971 2603 1990 2628 ε
2006 2603 2049 2630 Μ.

318 2654 385 2679 aut
413 2641 570 2680 laborum
597 2655 638 2679 ac
673 2642 891 2689 miseriarum
929 2644 1076 2691 quietem
1112 2641 1179 2691 effi’.
1236 2643 1340 2681 Hinc
1440 2657 1463 2692 9
1492 2640 1681 2691 Pignera.]
1736 2641 2022 2690 Cognationes:
2061 2641 2099 2678 in
2126 2647 2238 2687 quem
2260 2631 2401 2689 sensum

320 2693 416 2742 apud
444 2694 622 2731 Tacitum
654 2692 819 2740 neceffltas
849 2693 1033 2740 praecise,
1062 2694 1151 2730 item
1173 2692 1343 2741 neceffitas
1386 2693 1439 2731 bis
1464 2693 1499 2731 in
1526 2701 1621 2732 orat.
1636 2703 1766 2742 paneg·
1790 2692 1935 2742 usurpat
1957 2719 1967 2736 ‚
1995 2693 2069 2730 hoc
2093 2685 2272 2725 vocabulo
2288 2683 2405 2740 *latius

319 2745 449 2782 ultima
469 2773 479 2786 .
520 2747 681 2794 suprema
710 2756 776 2792 pro
803 2755 1040 2793 quacumque
1073 2752 1217 2782 morte:
1247 2748 1336 2783 item
1390 2743 1469 2783 usus
1501 2755 1613 2793 quarn
1630 2743 1729 2793 apud
1748 2743 1862 2787 alios,
1899 2749 2041 2792 praeter
2060 2748 2182 2794 unum·
2200 2735 2401 2792 Taciturn,

320 2796 418 2841 apud
441 2797 640 2841 Capitolin.
665 2795 860 2834 Gordianis
880 2807 957 2843 cap.
975 2794 1098 2833 XXII.
1152 2796 1203 2833 At
1222 2796 1337 2835 Treb.
1387 2795 1610 2834 invenerim.
1663 2795 1739 2833 Hic
1760 2796 1859 2833 enim
1892 2793 1974 2830 Lib.
1997 2789 2104 2846 XVJ.
2132 2786 2321 2825 Historiar.
2347 2797 2405 2823 in-

323 2844 441 2882 Pollio
469 2847 639 2894 Tyrann.
661 2859 740 2894 cap.
757 2847 896 2884 XXXI.
923 2847 1039 2895 Occifiz
1062 2873 1072 2891 ,
1100 2857 1140 2883 ut
1158 2847 1221 2884 alii
1242 2848 1339 2892 adse·
1388 2847 1489 2896 quit,
1519 2860 1560 2884 ne
1589 2848 1627 2884 in
1659 2856 1792 2883 caetera
1816 2845 1958 2892 pignora
1970 2846 2147 2895 saevrret:
2183 2848 2261 2874 non
2282 2836 2401 2894 solum

320 2906 405 2931 runt
427 2923 436 2938 ,
466 2897 564 2934 fatali
593 2899 800 2936 necessitate
826 2902 1018 2947 consumta.
1071 2898 1272 2937 Helmilad.
1299 2899 1335 2938 in
1386 2898 1497 2936 filiam
1513 2925 1524 2943 ,
1551 2897 1610 2936 sed
1630 2899 1668 2936 &
1688 2905 1865 2944 generum
1887 2919 1898 2936 ,
1933 2892 1970 2928 ὅ(
1987 2890 2078 2927 alios
2099 2896 2279 2945 cognatos
2296 2887 2405 2932 intel-j

315 2945 387 2993 ipsa
414 2946 596 2993 neceffltate
610 2977 619 2991 ‚
650 2962 716 2997 pro
735 2962 789 2987 ex.
805 2961 1008 2996 perperam.
1061 2950 1157 2988 Mox
1172 2951 1343 2989 Riccard.
1385 2950 1512 2996 ligeris.
1568 2948 1660 2986 Ideo
1678 2953 1800 2982 autern
1817 2943 1961 2992 pigm'a
1981 2938 2156 2996 ἓῬΡβῗῘῘὶἲῖὶῑ
2174 2966 2186 2984 ι
2213 2949 2298 2996 qula
2321 2938 2402 2978 sunt

321 2997 362 3034 &
383 2997 596 3035 nrnzen.1·n
618 3000 670 3037 liis
689 3013 790 3042 vero;
822 2999 976 3040 Hellnst.
995 3001 1033 3038 in
1053 2999 1142 3047 hiis,
1171 3010 1210 3040 ut
1221 3001 1340 3040 solent
1388 2999 1523 3037 amoris
1551 2995 1787 3044 hypothecae
1806 3019 1817 3036 ,
1849 2992 1908 3030 sed
1931 3002 2078 3040 proprie
2096 2990 2227 3047 liberos
2247 3001 2403 3047 pignora

317 3047 460 3085 librarii.
490 3049 593 3086 Coa
612 3062 683 3086 TE.
1386 3049 1541 3086 dicimus
1565 3073 1576 3090 ‚
1602 3046 1688 3092 quia
1728 3043 1809 3081 sunt
1846 3042 2082 3080 arffiffimum
2125 3052 2288 3089 coniugii
2319 3053 2401 3080 vm-

375 3110 393 3147 3
423 3101 519 3147 Quos
547 3097 749 3147 afferma]
791 3101 868 3147 Qui
899 3111 1029 3138 manus
1057 3101 1118 3139 sibi
1149 3103 1336 3145 inferunt,
1386 3098 1524 3136 culum.
1576 3096 1676 3134 Alias
1690 3093 1812 3143 pignus
1835 3093 2035 3132 secundum
2060 3091 2227 3142 Ulpest,
2253 3092 2402 3142 quodad

318 3149 358 3190 δι
389 3154 518 3201 sponte
544 3154 762 3191 moriuntur.
810 3150 999 3191 CATAN.
1025 3151 1202 3202 Accerfita
1223 3154 1336 3202 vulgo
1386 3149 1586 3188 creditorem
1609 3144 1771 3196 transtri
1804 3152 1840 3183 at
1867 3145 1978 3195 Cajus
1997 3144 2108 3191 dicit,
2130 3143 2255 3194 pignus
2270 3142 2406 3205 proprie·

2351 3207 2406 3238 m
