2616 3686
374 225 477 278 402
624 182 2292 261 C.PL1N11CAECIL118E‘CUNDI

451 282 747 357 Calpurnia
770 280 1013 350 secedere
1035 299 1054 332 .·
1094 276 1328 357 ἰηίᾅὶᾳιιε
1364 272 1532 354 malta
1567 269 1872 352 amabf‘liter
1893 267 2126 340 dlfferit,
2170 271 2223 329 Εό
2247 269 2517 335 hortatur,

450 369 513 412 ut
525 358 723 428 saltem
733 355 984 428 pluribus
1007 350 1232 426 epistolts
1257 351 1436 403 timort
1447 346 1543 415 fito
1558 342 1869 417 provtdeat.

540 483 796 557 Unquam
835 481 949 536 sum
989 477 1153 550 magis
1190 476 1260 531 de
1295 471 1737 546 occupationibus
1773 468 1905 524 meis
1938 468 2199 552 questus,
2250 474 2519 544 quaeme

379 484 519 624 N
540 574 649 612 non
675 557 794 611 sunt
824 554 1022 623 pallae,
1060 563 1148 604 aut
1175 549 1611 618 proficiscentem
1639 559 1693 598 te
1717 542 2036 597 valetudlnis
2063 543 2214 597 causa
2241 551 2252 572 ¹
2280 546 2333 599 in
2352 546 2515 603 Cam.

309 659 339 696 Ζ
381 634 591 705 paniam
645 627 934 699 prosequi,
986 637 1073 676 aut
1126 619 1418 691 professam
1480 636 1511 673 e
1569 616 1789 688 vestigio
1837 616 2097 686 subsequi.
2177 617 2334 671 Nunc
2373 622 2516 676 enim

380 699 826 776 praecipuefimul
845 695 948 750 esse
962 694 1329 765 cupiebam‚ur
1346 691 1515 744 oculis
1529 692 1657 745 meis
1671 687 2106 759 crederem,quid
2125 688 2339 750 viribus,
2354 690 2369 709 ²
2384 693 2517 764 quid

384 773 703 846 corpusculo
741 770 1019 839 adparares
1045 805 1061 829 9
1098 763 1297 835 quUid
1327 762 1565 833 denique
1591 777 1605 803 ³
1631 761 1885 825 seceffus’
1912 762 2518 833 voluptates⁴regi0nis-

230 852 235 856 ·
310 858 337 920 3
383 864 493 921 que
521 841 902 900 abundantiam
944 839 958 867 ⁵
997 836 1260 895 inoffensa
1300 835 1721 900 transmitteres>
1781 832 2055 905 Equidem
2094 832 2295 890 etiam⁶
2319 835 2521 895 sortem

432 1060 456 1098 't
487 1064 531 1096 In
556 1051 839 1107 campaniam]
867 1050 944 1099 Ubi
966 1049 1118 1088 Fabatus
1133 1076 1143 1093 ,
1157 1047 1417 1088 SecundiPro—

385 1109 512 1163 socer,
535 1109 661 1166 ‘imam
687 1106 945 1192 Camilliana?
962 1099 1129 1170 poffedit.
1158 1100 1314 1138 Cum.

434 1172 457 1198 2
485 1160 588 1209 Qui
617 1156 808 1208 corpusculo
841 1167 907 1205 acq
937 1151 1093 1203 ireres]
1134 1151 1241 1189 Haec
1263 1149 1312 1189 est
1335 1151 1415 1190 vul-

409 1221 470 1303 iita
496 1211 607 1299 ledgio
630 1237 641 1255 ,
670 1219 784 1259 quam
810 1206 984 1246 defendas
1011 1215 1057 1243 ex
1085 1214 1133 1243 eo
1161 1203 1305 1242 Lucani
1332 1203 1413 1242 Lib.

385 1307 395 1313 ἃ
430 1293 439 1303 .
466 1274 519 1303 vs.
569 1271 629 1309 47.

436 1386 501 1399 -
551 1383 617 1398 --
667 1374 780 1402 novas
801 1360 982 1412 adquirite
1004 1358 1110 1397 vires.

390 1463 462 1505 Sed
496 1466 673 1514 Optimus
694 1478 703 1502 ε
742 1463 827 1513 quid
857 1459 1049 1513 corpusculo
1071 1458 1265 1516 adflat-ares
1281 1486 1292 1503 ‚
1317 1457 1422 1507 quod

387 1519 429 1556 &
461 1518 498 1555 iri
527 1516 593 1555 suis
628 1517 760 1565 reperit
797 1514 911 1552 Aldus
934 1542 945 1558 ,
994 1513 1058 1562 qui
1091 1510 1203 1548 edidit
1224 1511 1422 1566 adparerqf.

386 1567 493 1606 Fides
515 1568 814 1606 membranarum
839 1565 943 1608 facit,
973 1571 1022 1600 ut·
1035 1562 1227 1611 adparares
1251 1571 1424 1617 nonren-

385 1619 494 1656 ciam.
523 1619 577 1656 Ut
609 1620 709 1657 enim
745 1625 913 1664 reparare
949 1613 1054 1652 simili
1075 1612 1176 1650 sensu
1200 1611 1290 1648 dixit
1312 1609 1422 1658 Epist.

388 1669 573 1717 superiore
589 1697 598 1714 ,
627 1677 667 1706 ut
692 1667 1024 1716 frequentissimum
1048 1663 1097 1701 est
1119 1663 1213 1699 vires
1235 1670 1399 1711 reparare
1415 1690 1426 1708 ,

390 1718 590 1770 quomodo
608 1718 709 1757 idem
734 1718 906 1754 Lucanus
929 1717 1011 1756 Lib.
1030 1715 1056 1753 I.
1077 1725 1129 1752 vs.
1155 1724 1234 1762 134.

442 1826 519 1860 Nec
541 1830 706 1870 reparare
730 1831 844 1856 novas
866 1818 982 1856 vires:

390 1918 440 1959 fic
473 1922 511 1960 &
545 1922 722 1970 adparare
751 1919 891 1969 aliquid
924 1916 1063 1956 viribus
1089 1946 1099 1962 ‚
1125 1927 1194 1966 pro
1226 1916 1360 1956 addere
1385 1918 1424 1955 ἃ

390 1974 563 2020 colligere
584 1985 662 2010 non
685 1971 779 2009 male
804 1972 953 2009 dicetur.
983 1970 1074 2006 Vires
1098 1971 1136 2006 &
1151 1978 1293 2018 corpus5
1322 1968 1426 2016 quod

390 2033 461 2071 pro
485 2034 592 2061 carne
615 2023 741 2071 passim
763 2022 914 2059 sumitur
936 2050 945 2065 ‚
975 2021 1164 2067 coniungit
1187 2030 1272 2056 cum
1298 2019 1428 2057 Tullio

392 2074 458 2113 suo
481 2102 492 2118 ,
541 2075 604 2125 qui
636 2075 717 2111 Lib.
751 2073 840 2110 VJI.
876 2071 976 2109 Fam.
1010 2069 1118 2120 Epist.
1153 2069 1296 2107 XXVI.
1339 2078 1426 2108 extr.

391 2127 461 2173 Ego
497 2123 551 2162 hic
592 2126 697 2173 cogito
728 2125 938 2161 commorari
961 2151 971 2166 ,
1011 2122 1128 2170 quoad
1161 2134 1216 2158 me
1238 2119 1424 2158 reficiam:

394 2187 482 2212 nam
515 2186 560 2214 ω’
592 2186 685 2213 vires
717 2186 760 2213 ω’
792 2185 924 2222 corpus
956 2171 1067 2218 amisi.
1107 2176 1245 2208 Parare
1266 2172 1427 2217 animos,

383 2225 551 2270 sormam
574 2238 618 2264 ex
643 2225 786 2263 Ovidio
810 2232 897 2261 nota
916 2225 995 2261 sunt
1021 2251 1031 2266 ‚
1061 2224 1098 2259 &
1123 2222 1260 2259 Nostro
1282 2223 1331 2259 ita
1354 2222 1429 2270 pla-

394 2276 469 2313 cuit
491 2276 773 2326 adparare‘cum
797 2277 906 2312 tertio
930 2274 1047 2317 Casu,
1076 2280 1116 2310 ut
1137 2273 1214 2310 alibi
1227 2271 1427 2319 adstruere,

395 2323 444 2363 de
482 2338 561 2377 quo
602 2327 724 2365 videas
760 2326 806 2365 ad
844 2326 926 2364 Lib.
965 2323 1032 2361 111.
1071 2323 1180 2373 Epist.
1218 2323 1265 2360 II.
1303 2335 1339 2360 n.
1393 2337 1425 2373 ς,

396 2377 485 2415 Con
497 2390 555 2415 TE.

447 2440 467 2477 3
498 2428 638 2477 Seceffus
664 2455 676 2473 ,
710 2427 920 2478 voluptates.
947 2425 1183 2477 ]··Omnium
1206 2435 1284 2462 non
1307 2426 1427 2463 modo

396 2476 522 2517 ltaliae
538 2508 548 2524 ,
576 2479 634 2516 sed
659 2491 754 2528 pene
777 2488 860 2517 toto
884 2479 972 2516 orbe
994 2485 1171 2516 terrarum
1187 2475 1430 2523 pulcherrima

398 2528 628 2578 Campaniae
672 2530 774 2578 plaga
821 2529 879 2567 est.
929 2529 1029 2567 Nihil
1066 2527 1275 2575 hospitalius
1310 2531 1423 2566 mari:

396 2577 473 2622 Hic
500 2580 547 2618 ilii
579 2581 717 2618 nobiles
747 2588 873 2628 portus
907 2580 1059 2629 Cajeta,
1088 2578 1270 2623 Misenus,
1297 2585 1427 2627 tepen-

396 2633 528 2679 tesque
553 2631 713 2668 fontibus
735 2631 845 2678 Bajae
867 2660 877 2678 ,
918 2631 1099 2673 Lucrinus
1124 2657 1135 2674 ‚
1168 2630 1206 2666 ὅ(
1231 2629 1428 2674 Avernus,

399 2680 582 2728 quaedam
617 2682 723 2718 maris
745 2680 843 2718 ostia.
882 2681 956 2718 Hic
978 2679 1103 2718 amifti
1126 2680 1258 2717 vitibus
1278 2687 1426 2718 montes

399 2731 545 2769 Gaurus
569 2759 580 2776 ‚
617 2731 786 2768 Falernus
809 2759 819 2775 ‚
857 2731 1028 2768 Massicus
1050 2759 1075 2776 ,.
1093 2731 1132 2768 &
1166 2731 1429 2779 pulcherrimus

401 2782 622 2820 (unitorum
646 2782 828 2820 Vesuvius
848 2795 856 2819 :
885 2783 990 2819 urbes
1009 2782 1053 2819 ad
1076 2792 1178 2818 mare
1193 2809 1203 2824 ‚
1231 2780 1426 2826 Formiae,

404 2831 550 2869 Cumae
573 2861 584 2877 ‚
620 2833 762 2871 Puteoli
787 2861 797 2877 ,
835 2832 1105 2871 Herculanium
1132 2860 1142 2876 ‚
1178 2832 1361 2881 Pompei,
1391 2833 1431 2870 &

404 2879 475 2924 ipsa
499 2891 604 2929 caput
627 2884 770 2921 urbium
797 2884 925 2932 Capua
948 2896 957 2920 ε
987 2894 1083 2933 quae
1112 2882 1303 2933 quondam
1334 2884 1428 2920 inter

407 2934 476 2964 tres
508 2933 684 2970 maximas
717 2935 881 2971 Romam
906 2963 916 2978 ,
945 2934 1284 2983 Carthaginemque
1305 2934 1430 2971 nomi-

406 2984 501 3014 nata.
537 2978 662 3017 Florus
694 2984 773 3019 Lib.
806 2984 834 3019 Ι.
866 2996 942 3032 cap.
969 2984 1078 3028 XVI,
1103 2996 1137 3034 3.
1158 2996 1192 3030 4.
1230 2984 1306 3022 Ubi
1326 2990 1431 3021 notat

407 3031 557 3064 Camers
595 3029 688 3066 lianc
733 3033 956 3080 Campaniae
987 3035 1136 3072 laudem
1169 3035 1325 3073 sumtam
1361 3032 1431 3071 effe

405 3077 577 3123 91,th
610 3078 679 3124 111,
714 3091 746 3130 ς.
785 3081 894 3121 Solin.
919 3084 964 3124 C.
990 3084 1100 3126 vni.
1134 3085 1250 3142 Strab²
1279 3081 1430 3138 Igilfflyg

2437 924 2526 977 te,

1488 1045 1645 1095 Eutrop.
1678 1042 1731 1092 ΙΙ,
1767 1055 1799 1084 r.
1846 1045 2103 1097 eleganterque
2141 1048 2245 1088 Silius
2295 1048 2523 1096 Campaniae

1488 1096 1612 1135 laudes
1635 1099 1731 1136 canit
1752 1095 1867 1142 VIII,
1891 1099 1971 1146 526.
1998 1099 2142 1146 Quibus
2154 1099 2252 1145 addit
2267 1100 2522 1141 Freinshemius

1486 1149 1615 1198 Polyb.
1647 1148 1718 1195 III,
1748 1161 1811 1197 91.
1846 1148 2002 1198 Dionys.
2033 1148 2063 1194 I,
2098 1150 2158 1200 37.
2186 1149 2275 1188 Plin.
2299 1150 2444 1190 XVIII.
2470 1165 2524 1193 11.

1492 1201 1610 1238 C1cer.
1642 1211 1711 1250 pro
1745 1201 1791 1238 L.
1823 1200 1986 1249 Agraria.
2024 1199 2116 1238 Inde
2147 1211 2299 1250 quoque
2322 1201 2390 1247 est,
2418 1204 2522 1253 quod

1494 1251 1631 1290 Seneca
1655 1251 1765 1302 Epist.
1789 1252 1858 1294 LI.
1877 1253 1949 1289 ait:
1972 1250 2212 1289 Hannibalem
2232 1251 2443 1290 indomitum
2468 1255 2522 1292 ni·

1492 1301 1596 1341 vibus
1628 1313 1673 1343 (3³
1707 1302 1856 1353 Alpibus
1889 1302 2014 1340 virum
2038 1332 2049 1348 ,
2075 1314 2343 1340 enervaverunt
2357 1304 2526 1350 fomenta

1493 1354 1722 1404 Campaniae.
1761 1355 1918 1392 Vana.
1956 1354 2058 1391 Ante
2092 1365 2160 1391 nos
2176 1354 2366 1402 legebant:
2395 1365 2439 1393 <7
2461 1357 2525 1405 qui

1490 1405 1637 1455 denique
1660 1405 1800 1456 secessus
1823 1435 1833 1450 ‚
1873 1404 2039 1442 Barthius
2061 1413 2187 1442 autem
2207 1402 2270 1454 qui
2294 1432 2305 1449 ,
2340 1416 2408 1453 pro
2432 1417 2526 1456 quo-

1491 1456 1636 1503 modo,
1661 1459 1826 1506 accipere
1858 1457 2003 1495 iubebat
2028 1484 2038 1499 ‚
2093 1455 2268 1493 uomodo
2302 1454 2446 1494 fortasse
2483 1468 2525 1494 o-

1493 1517 1599 1545 mnes
1626 1516 1871 1558 acceperunt;
1899 1508 1983 1545 licet
2006 1468 2093 1544 iuucd
2118 1505 2288 1555 inoffinsa
2307 1505 2358 1544 isti
2380 1507 2525 1548 notioni

1493 1569 1573 1594 non
1605 1558 1701 1596 bene
1732 1557 1958 1606 respondeat.
1996 1557 2061 1595 Ast
2080 1557 2236 1595 Helmst.
2259 1566 2303 1596 ω’
2325 1557 2525 1606 quomodo

1480 1607 1640 1656 -dem'que
1666 1638 1676 1654 ‚
1713 1608 1772 1647 sed
1805 1610 1879 1646 hoc
1911 1610 2080 1657 quomodo
2106 1610 2142 1647 in
2166 1610 2330 1656 margine
2353 1608 2523 1654 exhibet;

1496 1659 1692 1698 Mediceus
1716 1689 1726 1704 ‚
1769 1659 1898 1697 Oxon.
1921 1661 1959 1697 ὃς
1980 1660 2145 1697 Voffian.
2168 1669 2212 1698 ω’
2245 1657 2331 1707 quid
2354 1659 2524 1708 deniqu03

1493 1709 1608 1747 Arnz.
1639 1711 1736 1760 ecqui
1767 1711 1913 1760 denique
1938 1723 1947 1747 ι
1988 1709 2087 1747 unde
2118 1717 2241 1759 patet,
2275 1708 2374 1746 reete
2397 1721 2464 1746 nos
2487 1723 2526 1750 e-

1494 1760 1681 1803 mendasse
1704 1775 1712 1799 :
1762 1762 1894 1810 ecquid
1932 1761 2079 1810 denique
2107 1758 2309 1810 secessus...
2356 1758 2531 1811 inoffensa·

1493 1812 1771 1850 transmitteres.
1798 1812 1942 1850 Eadem
1963 1813 2115 1850 varietas
2137 1811 2232 1849 infra
2244 1813 2401 1848 occurrit
2413 1810 2524 1860 Epist.

1493 1861 1599 1900 XVI.
1624 1875 1659 1900 n.
1685 1876 1738 1911 17.
1768 1863 1910 1900 Placuit
1932 1877 1947 1900 e
1965 1865 2124 1912 proximo
2158 1861 2327 1909 adspicere
2352 1889 2362 1904 ,
2392 1863 2529 1910 ecquidv

1492 1913 1566 1950 iam
1589 1926 1688 1951 mare
1710 1915 1932 1952 admitteret.
1959 1915 2066 1951 I'lura
2089 1916 2256 1961 exempla
2279 1910 2449 1951 dedimus
2475 1913 2519 1952 ad

1495 1964 1639 2002 Lucani
1663 1966 1744 2004 Lib.
1765 1966 1833 2004 IV.
1856 1977 1908 2003 vs.
1931 1977 2012 2013 542.

1544 2066 1681 2116 Ecquis
1705 2096 1715 2112 ,
1751 2067 1806 2106 ait
1830 2095 1840 2113 ,
1878 2068 2051 2106 iuvenum
2081 2066 2126 2114 est
2151 2094 2161 2111 ,
2205 2066 2301 2104 cuius
2318 2063 2368 2116 fit
2391 2066 2526 2104 dextra·

1590 2129 1720 2156 cruore

1545 2169 1672 2218 Digna
1691 2183 1763 2208 meo
1775 2179 1792 2209 ἒ

1489 2269 1551 2309 ubi
1572 2271 1610 2309 in
1630 2283 1772 2310 novem
1796 2273 1902 2312 MSS.
1924 2272 2061 2321 reperi:
2084 2275 2133 2309 Et
2156 2271 2230 2322 quis
2246 2300 2257 2316 ,
2279 2272 2315 2310 in
2340 2266 2509 2318 pluribus:

1493 2327 1549 2357 En
1581 2324 1668 2371 quis.
1707 2323 1855 2362 Eodem
1889 2335 1989 2362 nexu
2022 2323 2157 2360 Cicero
2194 2324 2274 2360 Lib.
2307 2319 2393 2358 VII.
2414 2315 2510 2353 Fam.

1493 2371 1603 2421 Epist.
1629 2374 1734 2411 XVI.
1759 2386 1793 2411 n.
1815 2387 1848 2421 4.
1877 2374 1981 2422 Quid
2002 2374 2116 2422 agaris
2131 2403 2141 2419 ‚
2168 2385 2211 2412 cy·
2233 2371 2363 2422 ecquid
2381 2367 2418 2406 in
2441 2371 2513 2404 Ita-

1492 2422 1583 2460 liam
1606 2425 1752 2463 venturi
1766 2424 1846 2475 fitis
1863 2455 1873 2470 ,
1892 2426 1956 2473 fac
1975 2425 2080 2474 plane
2095 2425 2221 2473 sciam.
2250 2425 2400 2461 Confi.
2446 2466 2452 2472 ι
2495 2438 2498 2441 ·

1543 2487 1566 2521 4
1595 2476 1814 2526 Regionisqne
1836 2476 2147 2525 abundantiam]
2173 2472 2371 2521 Campania
2391 2467 2510 2503 sentur

1491 2531 1576 2563 toro
1596 2538 1696 2565 anno
1711 2555 1721 2572 ,
1748 2529 1879 2576 panico
1900 2527 2008 2565 semel
2024 2555 2034 2571 ‚
2062 2528 2113 2565 bis
2133 2526 2231 2563 farre.
2258 2518 2326 2558 Sed
2338 2523 2482 2559 campus
2497 2539 2508 2555 2

1493 2577 1558 2624 qui
1594 2579 1684 2615 circa
1721 2579 1890 2628 Capuam
1919 2577 1968 2616 est
1991 2605 2002 2622 ,
2042 2579 2080 2615 &
2103 2573 2268 2611 Laboriae
2289 2570 2507 2620 vomui-,qa
2536 2616 2545 2625 .

1495 2628 1644 2667 Graecis
1669 2628 1888 2680 Philegraeus
1913 2657 1924 2673 ‚
1952 2635 2085 2666 ceteras
2115 2632 2220 2661 terras
2254 2613 2429 2674 fertilitate
2453 2618 2508 2649 Ju-

1493 2688 1622 2728 perat,
1650 2682 1689 2719 &
1712 2683 1748 2719 in
1771 2682 1906 2720 delitias
1928 2680 2037 2716 alicae
2059 2675 2188 2723 politur
2200 2665 2324 2722 messis.
2352 2666 2505 2700 LATAN.

1547 2744 1564 2780 ς
1596 2731 1804 2780 1ηοῇὲηῙα.]
1836 2732 1917 2768 Alia
1949 2726 2056 2766 leetio
2086 2720 2223 2775 insuper
2244 2715 2346 2772 addit¹
2365 2714 2508 2778 v-aqlc-tu-

1493 2782 1585 2821 dine.
1622 2783 1830 2821 Boxiionu.
1859 2778 1977 2818 Nostri
2000 2782 2127 2811 omnes
2149 2775 2315 2815 ignorant
2339 2770 2507 2803 intuitum

1499 2832 1791 2872 additamentum
1811 2827 2026 2867 valetudine.
2358 2869 2363 2874 -

1543 2885 1567 2921 6
1593 2880 1781 2929 Fortem]
1821 2880 1920 2917 Bene
1952 2874 2144 2910 valentem.
2201 2870 2382 2917 Quamvis
2426 2867 2508 2905 sana

1495 2933 1583 2972 esses
1617 2936 1655 2972 δε
1685 2931 1806 2969 absens
1828 2955 1849 2971 ‚,
1885 2934 2008 2962 tamen
2042 2922 2101 2959 tibi
2132 2923 2300 2958 timerem
2329 2949 2338 2963 ,
2366 2926 2510 2967 quanto

1494 2984 1610 3030 magis
1629 2979 1819 3018 invalidae.
1846 2976 2000 3012 Cum.
2031 2971 2255 3010 Mendolum
2278 2970 2412 3021 aliquid
2433 2968 2513 3006 sub-

1496 3032 1555 3068 est.
1583 3031 1786 3078 Legercm:
1814 3025 1920 3063 etiam
1947 3026 2082 3071 sortem
2106 3034 2138 3062 te
2162 3039 2170 3066 ;
2200 3025 2265 3072 sed
2285 3033 2328 3061 cy
2350 3034 2419 3059 non
2434 3018 2524 3068 fine>

1491 3090 1587 3119 cura.
1617 3079 1653 3117 h.
1688 3091 1718 3119 e.
1752 3074 1890 3117 etiamsi
1920 3075 2039 3118 adhuc
2067 3075 2128 3115 sub
2156 3074 2387 3114 medicorum
2425 3080 2509 3159 effi}
2577 3127 2579 3130 .

2413 3133 2434 3162 e
2463 3132 2482 3159 e
