2616 3686
303 192 367 241 81.
525 166 2206 241 C.1>L1N11(:AECIL11SECU'ND'I·

629 323 806 382 XXI.
879 322 948 378 C.
1021 322 1449 379 PL1N1us
1525 312 1538 331 ¹
1613 309 2100 372 Paoennno

1213 406 1394 462 Suo
1466 401 1520 456 S.

316 550 644 610 Commendat
666 549 858 619 servos
870 545 1082 620 judicio
1116 540 1354 598 Paterni
1386 549 1581 622 entptos
1613 539 1706 605 effe
1739 533 1978 591 decoros:
2039 538 2296 612 super-affl,
2330 558 2404 604 ut-

1143 616 1257 681 fiat
1272 614 1450 685 frugt.

480 763 539 818 T
560 760 722 816 animi
750 758 824 812 tui
845 754 1084 828 judicio,
1123 751 1191 806 sie
1216 749 1498 803 oculorum
1522 746 1813 819 plurimum
1849 747 2030 803 tribuo
2059 767 2073 802 ε
2136 764 2245 805 non
2279 755 2414 826 quia.

319 769 462 904 U
484 836 708 889 multum
727 869 743 894 ,
780 841 795 860 ²
823 846 890 884 ne
915 828 1012 882 tibi
1039 826 1239 894 placeas
1257 861 1273 885 ‚
1309 820 1400 875 sed
1417 820 1539 890 quia
1555 833 2061 891 tantum,quantum
2078 837 2214 893 eg0‚
2244 824 2417 896 sapis:

322 924 629 983 quanquam
666 905 771 959 hoe
796 916 1017 974 quoque
1045 898 1059 924 ³
1088 897 1317 952 multum
1345 891 1435 946 est.
1483 890 1703 946 Omiffis
1730 893 1886 959 joci8‚
1926 893 2096 948 credo
2146 894 2406 954 decentes

321 982 424 1036 effe
460 979 637 1034 servos
661 1016 677 1041 ‚
722 977 814 1048 qui
855 973 972 1027 sunt
1006 970 1171 1040 empti
1213 966 1344 1020 mihi
1369 981 1438 1018 ex
1461 961 1680 1018 consilio
1707 975 1804 1016 tuo
1833 981 1844 1016 :
1884 965 2116 1035 superest
2138 980 2198 1020 ut
2220 968 2238 992 ⁴
2264 968 2411 1042 frugi

323 1054 449 1109 sint:
491 1051 643 1124 quod
681 1048 749 1103 de
797 1042 1105 1105 venalibu3‚
1170 1040 1359 1093 melius
1394 1036 1406 1061 ⁵
1445 1036 1884 1107 auribu8‚,quam
1925 1036 2093 1092 oculis
2124 1037 2410 1107 judicatur.

325 1127 385 1180 V
378 1125 477 1178 ale.

2199 1196 2415 1257 XXII.

377 1360 392 1386 1
427 1344 617 1395 Paterna]
647 1343 720 1382 Vel
743 1349 910 1382 Materno
932 1342 1095 1390 scriptam
1119 1342 1155 1378 in
1168 1340 1273 1378 variis
1286 1347 1368 1424 eit-1
1433 1345 1457 1381 4
1486 1334 1630 1385 Frugi]
1671 1334 1789 1372 Utiles
1813 1360 1823 1377 ,
1850 1332 2034 1373 necessarii
2057 1347 2066 1372 ε
2102 1334 2190 1373 hinc
2212 1335 2416 1378 deduetum'
2487 1361 2489 1363 ·

327 1399 543 1449 emplaribus
564 1403 723 1434 notatur.
776 1401 974 1431 Paternum
997 1390 1230 1447 Praefeetum
1242 1392 1351 1428 Prae·
1390 1382 1597 1432 frugalitatis
1619 1385 1841 1423 vocabulum
1863 1392 1965 1432 putat
1987 1385 2142 1433 Quintil.
2165 1386 2270 1436 quod
2293 1387 2418 1438 fruges

326 1452 463 1488 tonia
498 1445 720 1485 Commodo
763 1443 985 1481 trucidatum
1027 1443 1194 1490 legimus.
1248 1427 1369 1479 Dion¹
1389 1435 1557 1473 humano
1579 1438 1704 1484 generi
1727 1435 1794 1473 sint
1817 1433 2041 1473 necessariae.
2095 1436 2242 1474 Auetor
2275 1437 2324 1475 est
2357 1441 2418 1480 M.

325 1506 540 1538 Maternum
580 1498 736 1536 militem
767 1494 892 1533 scribit.
939 1493 1138 1543 Utriusque
1181 1493 1354 1531 meminit
1392 1485 1442 1522 T.
1467 1485 1562 1534 frugi
1581 1487 1779 1525 hominem
1799 1484 1998 1533 fignificare
2019 1498 2098 1525 non
2119 1487 2236 1524 solum
2259 1490 2432 1537 utilem,

328 1551 484 1589 Mamal·
508 1557 547 1588 ut
572 1548 657 1587 [ΑΜ
678 1547 722 1585 Χ,
1392 1535 1451 1591 sed
1475 1536 1713 1592 moderatum
1738 1539 1777 1575 &
1809 1544 2080 1584 temperantem
2114 1538 2153 1575 &
2184 1548 2348 1586 parcum.
2374 1552 2417 1580 ac

1393 1598 1431 1623 in
1453 1585 1619 1634 Epistolis
1642 1587 1688 1625 ad
1710 1587 1823 1624 Attic.
1846 1586 1971 1623 referri
1991 1587 2039 1624 ad
2059 1587 2181 1625 servos
2215 1589 2255 1624 ὅ(
2286 1589 2421 1631 liberti.

379 1651 547 1701 Municipi
570 1654 740 1688 Materne
761 1658 821 1689 tuo
844 1645 1020 1697 veterique
1033 1644 1175 1696 sodali,
1394 1647 1472 1674 nos.
1495 1637 1597 1687 quod
1620 1648 1834 1688 cognomen
1856 1635 1894 1672 in
1918 1635 1963 1674 L.
1985 1636 2117 1674 Pisone
2147 1638 2312 1676 maxime
2343 1640 2421 1680 lau.

1395 1686 1521 1725 datum
1545 1687 1623 1727 fuit.
1647 1699 1861 1738 quanquam
1884 1686 1984 1724 idem
2007 1698 2075 1736 pro
2097 1688 2269 1737 Dejotari
2300 1688 2424 1740 fruga-

328 1753 378 1795 Εἰ
398 1752 484 1791 ΧΠ.
510 1749 722 1790 ditis-fimum
748 1747 904 1787 ostendit
925 1753 1149 1786 Paternum:
1393 1738 1497 1776 litatis
1520 1739 1635 1777 verbo
1656 1739 1793 1777 laudari
1816 1740 1959 1786 Regem
1982 1749 2060 1776 non
2082 1738 2196 1776 solere
2223 1738 2318 1777 dicat
2343 1754 2351 1777 :
2381 1746 2423 1783 ὅς

1396 1788 1489 1837 frugi
1511 1790 1706 1828 hominem
1728 1802 1808 1828 non
1830 1789 1992 1828 multum
2013 1789 2146 1828 habere
2166 1788 2281 1828 laudis
2294 1791 2333 1829 in
2345 1792 2423 1832 Re-

380 1853 535 1892 Nummi
555 1864 634 1889 cum
657 1850 720 1887 tihi
735 1848 811 1899 fint
834 1847 970 1898 opesque
993 1857 1145 1892 tantae,
1395 1849 1451 1888 ge.
1482 1840 1637 1878 CATAN.
2418 1840 2424 1845 ’

379 1909 553 1956 Qantas
574 1902 658 1940 civis
681 1900 789 1938 habet
810 1904 965 1936 Paterne
989 1910 1105 1934 rarus.
1447 1903 1466 1939 ς
1496 1890 1694 1942 Auribus.]
1734 1892 1841 1930 Dum
1872 1891 2088 1940 loquuntur.
2123 1889 2248 1928 Potest
2271 1892 2425 1933 allufiffe

1396 1939 1441 1978 ad
1465 1941 1657 1991 Aesopum
1682 1942 1896 1981 deformem
1912 1943 2002 1991 ,qui
2023 1943 2071 1980 ob
2106 1940 2310 1979 scommata
2342 1956 2424 1982 em·-

329 2007 437 2047 Dion
458 2005 570 2045 refert
590 2002 854 2040 Domitianum
877 1995 1046 2037 occidiffe
1071 1988 1360 2035 Paternum'De-
1397 1998 1478 2040 ptus
1490 1993 1612 2040 potius
1626 2005 1742 2043 quam
1755 1994 1885 2030 caeteri
1899 1991 2162 2029 formoslffimi.
2176 1991 2239 2028 An
2251 1993 2398 2033 auribus
2412 1999 2446 2042 ,'‚
2506 1989 2508 1991 ’

332 2060 570 2096 clamatorem
587 2082 597 2098 ,
625 2052 728 2102 quod
751 2059 878 2089 contra
910 2057 1086 2098 tyrannos
1120 2044 1361 2086 declamasset.
1399 2041 1425 2079 st
1447 2043 1543 2080 male
1565 2044 1713 2082 audiant
1738 2055 1784 2080 an
1807 2044 1912 2080 bene.
1941 2042 1997 2079 ID
2013 2055 2034 2080 E
2049 2055 2090 2079 M.
2127 2042 2233 2079 Dum
2257 2054 2303 2080 ex
2327 2044 2428 2085 fama

334 2109 382 2146 Et
405 2107 449 2145 de
473 2118 510 2144 re
534 2104 678 2142 militari
699 2099 865 2155 scripfiffe
889 2105 1086 2137 Paternum
1118 2098 1226 2138 tradit
1260 2076 1380 2135 Mar-l
1401 2094 1440 2131 &
1469 2093 1683 2133 testimonio
1716 2094 1871 2133 aliorum
1907 2092 1951 2131 de
1982 2092 2064 2142 ipsis
2096 2093 2299 2140 colligitur,
2326 2099 2432 2145 quod

331 2161 449 2198 tianus
470 2154 591 2203 Jurisc.
614 2164 657 2190 ac
679 2152 828 2196 Julzum
854 2156 1068 2189 Maternum
1092 2151 1262 2187 nominat
1274 2149 1381 2196 Uip„
1400 2143 1618 2192 sperandum
1640 2144 1936 2184 metuendumve
1958 2143 2010 2181 fit.
2065 2142 2127 2180 Ad
2138 2142 2349 2184 sermonem
2361 2147 2432 2187 ser..

335 2212 491 2248 Cum.
521 2204 652 2243 Plinius
688 2208 842 2240 Paterno
869 2201 933 2250 suo
958 2228 969 2244 ‚
1006 2198 1056 2237 fic
1078 2199 1284 2238 Mediceus.
1312 2200 1537 2255 At‘‚vorum
1553 2223 1563 2240 ‚
1590 2195 1694 2244 quod
1714 2203 1817 2245 putat
1840 2195 2044 2232 Catanaeus
2071 2222 2082 2238 ,
2108 2193 2271 2233 nihilhic
2284 2196 2445 2246 respici...

334 2258 499 2299 mcc-ard,
523 2254 722 2294 Lindenbr.
745 2255 784 2292 &
805 2253 886 2290 alii:
926 2250 1036 2288 Plinio
1061 2256 1214 2287 Paterno
1229 2254 1304 2298 suo.
1401 2252 1470 2283 tur.
1500 2247 1716 2284 SCHEFFER.
1744 2246 1896 2284 Invertit
1918 2244 2060 2283 sensum
2082 2243 2187 2282 Voss.
2211 2246 2429 2289 MS.melius

382 2323 404 2347 2
434 2317 487 2347 Ne
520 2306 581 2345 tibi
609 2303 782 2355 placeam]
821 2303 883 2341 Ne
906 2299 1047 2350 surgant
1066 2301 1134 2340 tibi
1161 2301 1200 2338 in
1231 2300 1369 2340 vertice
1405 2296 1542 2341 oculis,
1570 2309 1679 2346 quam
1713 2297 1855 2336 auribus
1883 2295 2059 2334 iudicatur
2084 2324 2095 2340 ,
2133 2296 2173 2333 &
2205 2295 2253 2334 fic
2273 2298 2427 2338 Plinium

337 2360 458 2400 ermae
482 2371 527 2396 ex
550 2356 764 2396 laudatione
786 2352 966 2392 Martialis
989 2365 998 2389 :
1407 2346 1539 2396 cepiffe
1562 2346 1708 2386 videtur
1731 2348 1800 2386 Iac.
1823 2349 1916 2385 Dur.
1941 2347 2110 2386 Casellius
2134 2346 2216 2385 Lib.
2239 2348 2266 2385 Ι.
2291 2349 2427 2387 Variar.

1410 2409 1486 2448 cap.
1511 2397 1558 2435 11.
1582 2400 1646 2449 qui
1669 2412 1738 2436 non
1761 2397 1987 2448 superaddit:
2016 2410 2096 2436 non
2119 2397 2242 2436 melius
2262 2397 2425 2443 auribus,

388 2468 442 2500 Ne
463 2458 525 2499 tibi
546 2457 655 2508 regali
671 2455 806 2506 placeas
831 2454 1023 2505 cleopatra
1039 2450 1234 2504 sepulchro.
1410 2461 1520 2498 quam
1541 2449 1640 2487 oculis
1660 2449 1848 2488 iudicatur.
1903 2449 1973 2487 Sed
1993 2450 2088 2488 male
2102 2477 2112 2494 ‚
2140 2448 2327 2497 &prorsus
2337 2457 2426 2484 con-

1410 2506 1463 2536 tra
1485 2510 1653 2538 mentem
1673 2502 1841 2540 auetoris.
1894 2500 2039 2538 Laudat
2070 2501 2108 2538 in
2138 2499 2292 2536 Paterno
2321 2495 2431 2533 oculo-

343 2564 496 2602 CATAN.
526 2561 700 2598 Lucanus
722 2557 805 2597 Lib.
828 2556 878 2595 11.
898 2569 950 2596 vs.
973 2556 1057 2604 276.
1412 2563 1494 2588 rum
1516 2551 1684 2590 iudicium
1707 2553 1744 2590 in
1767 2551 1932 2591 emendis
1954 2550 2059 2589 servis
2083 2577 2094 2594 ‚
2120 2558 2255 2595 eosque
2275 2547 2425 2586 dmm&

1414 2599 1484 2639 effe
1506 2631 1517 2648 ‚
1555 2602 1659 2653 quod
1680 2603 1798 2641 solum
1821 2603 1934 2640 oculis
1955 2600 2100 2649 adsequi
2129 2597 2211 2634 licet
2234 2623 2245 2639 ‚
2282 2594 2426 2636 fatetur.

440 2682 513 2692 ...-
565 2681 635 2692 -
691 2659 850 2697 Nimium
872 2659 989 2708 placet
1010 2655 1107 2707 ipse,
1134 2652 1267 2693 catoni
1415 2652 1483 2691 Sed
1507 2665 1552 2690 an
1576 2655 1665 2692 servi
1686 2653 1754 2693 siut
1778 2654 1894 2702 frugi,
1921 2652 1998 2700 quis
2018 2650 2090 2687 hoc
2112 2645 2222 2683 OCUliS
2254 2644 2425 2685 diiudica-

442 2711 616 2752 &bellum
638 2710 736 2748 civite
751 2711 876 2760 placet.
1412 2703 1535 2742 verit?
1564 2705 1666 2750 Aut,
1694 2704 1719 2741 fi
1742 2705 1853 2743 oenus
1874 2700 2006 2750 aliquid
2027 2697 2183 2736 iudicare
2203 2696 2318 2741 ΠΜ,
2356 2711 2429 2737 ⁷²¹2·

1412 2753 1480 2790 lius
1505 2764 1630 2794 tamen
1653 2767 1698 2792 ex
1720 2750 2103 2794 testimoniis-aliorum
2126 2745 2297 2783 statuitur.
2351 2749 2428 2788 Ac-

346 2813 500 2852 Hclmst.
523 2825 592 2852 nec
615 2811 677 2850 tibi
692 2811 854 2863 placeas;
882 2810 1207 2858 Arnzen.aprima
1232 2818 1347 2845 manu
1363 2834 1374 2851 ‚
1413 2804 1531 2850 cedit,
1558 2805 1661 2856 quod
1683 2805 1857 2843 sollemne
1889 2808 1962 2839 crat
1992 2800 2028 2836 in
2061 2796 2328 2836 venditionibus
2361 2800 2430 2838 ser—

345 2872 445 2904 Num
462 2893 471 2908 ‚
500 2877 518 2900 a
538 2863 691 2902 secunda
707 2892 716 2908 ‚
744 2863 835 2900 Non
856 2862 918 2901 tibi
933 2861 1082 2912 placeas.
1414 2866 1547 2893 vorum
1570 2857 1723 2893 adiicere
1737 2883 1746 2899 ‚
1774 2854 1869 2891 fures
1891 2862 1967 2887 non
1990 2846 2059 2885 effe
2073 2876 2083 2892 ,
2111 2858 2187 2884 non
2211 2848 2429 2897 mendaces,

401 2928 420 2964 3
453 2915 615 2951 Mullum
639 2912 722 2960 est.]
754 2915 885 2962 Sapere
910 2920 1090 2963 quantum
1115 2921 1197 2959 ego.
1225 2910 1375 2956 Jocatur
1413 2906 1610 2949 alcatores,
1637 2904 1803 2942 ebriosos,
1855 2900 1952 2938 Vide
1976 2899 2042 2947 leg.
2080 2898 2135 2935 18.
2171 2912 2209 2935 π.
2244 2899 2290 2937 de
2323 2900 2428 2941 aedil.

351 2966 593 3008 euinamico.
623 2963 776 2999 Caum.
814 2958 1028 3001 Me'diceus:
1057 2962 1116 2998 hoc
1139 2973 1269 3011 quoque
1281 2958 1376 2996 mul·
1414 2955 1520 2993 ediet.
1543 2957 1580 2993 &
1602 2965 1696 3002 quae
1719 2952 1862 2999 collegit
1885 2948 2033 2988 Brisson.
2060 2949 2139 3005 [fib.
2163 2949 2290 2987 VLde
2303 2949 2427 2991 Form,

348 3028 428 3054 sum
464 3013 549 3052 esto.
603 3012 717 3050 Miffis
748 3012 830 3051 iocis.
879 3013 1044 3052 Librario
1075 3013 1175 3051 hunc
1210 3020 1371 3050 errorem
1413 3016 1490 3053 pag·
1511 3015 1595 3051 493·
1647 3002 1758 3039 Vnde
1780 3001 1893 3050 liquet
1919 3029 1929 3044 ‚
1966 3000 2185 3038 verissimam
2223 3000 2293 3038 effe
2327 3012 2427 3040 rece-

347 3065 479 3106 mbuo.
1410 3062 1510 3104 ptam
1532 3053 1749 3100 scripturam.
1802 3051 1952 3093 Interim
1976 3051 2021 3090 dc
2056 3052 2249 3089 oculorum
2292 3051 2428 3091 iudicio

2341 3111 2433 3140 circa

2513 0 2616 136 m
