2616 3686
608 179 996 236 PRAEFAT.
1047 178 1099 230 &
1145 177 1528 231 DEDICAT.
1575 181 1914 234 VARIAE.
1954 215 1960 220 -

221 313 306 360 bro
341 307 392 355 in
428 301 636 367 epistolis
673 301 729 349 ad
764 298 1018 347 Arrianum
1052 297 1112 346 de
1148 298 1309 345 Mario
1345 297 1501 346 Prisco
1537 297 1599 346 fic
1622 298 1818 350 scribit:
1866 302 2051 352 Marius
2091 304 2269 372 Priscus
2301 318 2429 363 accu-¹

209 373 417 439 fhntibus
449 368 579 431 Afris
609 404 622 424 ‚
669 365 820 428 quibus
847 360 1070 423 proconsul
1098 361 1293 422 praefuit
1316 368 1343 418 ‚'
1383 361 1536 421 amiffa
1568 362 1801 425 defenstone
1835 368 2018 427 Judices
2043 377 2210 432 petiit:
2245 379 2338 443 Ego
2372 383 2441 436 ὅ,
2515 346 2519 349 ’

223 439 444 489 Cornelius
479 435 656 480 Tacitus
698 428 833 488 adeſj‘e
871 426 1212 486 provincialibus
1247 423 1355 484 juffl
1371 459 1388 484 ‚
1432 427 1773 488 existimavimus
1806 432 1918 493 fidei
1961 436 2126 495 nostrae
2168 449 2390 494 convenire
2415 482 2432 509 ,

222 515 371 554 notum
406 499 588 548 Senatui
609 499 788 557 facere,
821 491 1020 552 exceffiffi’
1054 490 1258 551 Priscum
1292 493 1590 553 immanitate,
1629 494 1684 545 &
1708 497 1908 558 fizevitia
1942 501 2146 565 crimina,
2182 511 2330 570 quibus
2353 514 2430 560 da-

225 574 269 619 ri
304 568 480 632 Judices
506 562 669 625 poſjbnt
689 575 784 607 cum
819 559 867 604 ob
901 558 1136 604 innocentes
1170 557 1498 606 condemnandos
1518 597 1531 618 ‚
1567 560 1878 622 interficiendos
1911 567 2043 612 etiam
2067 601 2083 627 ,
2121 578 2322 632 pecunias
2362 596 2432 627 ac-

229 634 408 696 cepiſjet.
480 628 706 694 Ejusdem
740 624 888 674 Marii
926 622 1068 670 Prisci
1102 623 1320 671 meminit
1363 625 1413 672 in
1450 625 1588 674 tertia
1633 627 1827 689 epistola
1864 630 1967 679 libri
2003 634 2186 683 decimi*
2211 641 2268 687 ad
2315 645 2432 694 Tra-

223 703 391 766 janum
426 695 497 743 his
533 693 688 741 verbis
715 709 725 740 ε
776 691 886 754 ‚Qua
920 703 972 733 ex
1008 688 1151 748 cauſja
1175 721 1192 747 ,
1238 704 1333 735 cum
1364 701 1598 752 patronum
1631 706 1698 739 me
1725 695 2010 757 provinciales
2044 702 2252 763 optaffimt
2286 719 2434 757 comm

230 765 440 815 ,Marium
475 757 678 822 Pristum
699 794 711 815 ‚
751 755 806 807 Β
838 754 950 818 petii
983 758 1156 800 veniam
1201 754 1328 810 hujus
1372 759 1560 804 muneris
1579 790 1595 817 ,
1645 757 1702 810 {9³
1738 762 1986 823 impetravi.
2057 768 2286 817 Suetonio
2323 790 2434 836 quo-

228 847 324 895 que
360 825 665 888 Tranquillo,
704 837 812 868 cum
846 835 906 868 ex
942 819 1042 868 aliis
1081 820 1360 882 quibusdam
1390 822 1447 870 ad
1481 823 1611 870 illum
1633 823 1799 874 litteris
1822 827 2025 875 amicum
2049 830 2277 882 summum
2301 837 2433 889 fuiffe

228 894 437 958 Plinium
472 889 610 938 facile
645 885 714 934 est
749 884 1060 950 cognoscere,
1098 898 1199 932 tum
1235 902 1294 934 ex
1329 886 1428 934 his:
1465 889 1626 935 Libera
1659 891 1836 938 tandem
1868 893 2301 955 hendecasyllaborum
2328 919 2435 952 meo-

228 976 329 1010 rum
352 959 518 1020 fidem,
555 955 630 1014 qui
651 951 823 1015 scripta
858 960 937 998 tua
971 951 1257 998 communibus
1291 953 1441 998 amicis
1463 954 1791 1017 spoponderunt.
1861 959 2051 1008 Deinde
2087 963 2149 1012 fic
2186 967 2356 1017 claudit
2386 989 2433 1020 e-

227 1025 474 1091 pistolam:
513 1018 679 1065 Patere
711 1033 776 1064 me
809 1016 957 1064 videre
992 1018 1172 1063 titulum
1207 1027 1359 1077 tuum,
1386 1029 1541 1078 patere
1573 1022 1749 1084 audire,
1785 1023 1987 1084 describi,
2025 1027 2105 1089 legi
2126 1067 2139 1088 ,
2176 1035 2322 1080 vem-re
2356 1051 2431 1084 vo·

228 1092 397 1141 lumina
431 1084 676 1146 Tranquilli
709 1099 806 1129 mei.
878 1084 1076 1143 Aequum
1109 1082 1167 1144 est
1199 1099 1273 1131 nos
1306 1085 1353 1129 in
1397 1099 1539 1134 amore
1583 1097 1677 1135 tam
1709 1099 1857 1136 mutuo
1900 1091 2089 1138 eamdem
2127 1100 2339 1161 percipere
2382 1119 2436 1149 ex

232 1167 277 1204 te
311 1156 615 1214 voluptatem,
648 1164 734 1211 qua
767 1158 818 1194 tu
848 1148 1090 1210 perfrueris
1123 1165 1175 1194 ex
1209 1150 1336 1197 nobis.
1407 1153 1484 1199 De
1515 1155 1685 1202 eodem
1713 1157 1768 1203 ad
1809 1157 1855 1202 T
1856 1159 2068 1221 rajanum
2097 1160 2215 1210 libro
2248 1164 2434 1217 decimo

232 1222 298 1270 fic
333 1218 490 1267 scribit
516 1235 527 1266 :
576 1214 859 1263 Suetonium
892 1214 1192 1276 ‘Tranquillum
1211 1254 1225 1274 ,
1254 1216 1543 1276 probiffimum
1562 1253 1579 1279 ‚
1611 1220 1929 1283 honestiffimum
1951 1259 1965 1280 ⁹
2011 1226 2330 1285 eruditiffimum
2363 1236 2436 1280 w.-

226 1301 362 1346 rum,
397 1283 452 1337 &
486 1296 622 1329 mores
654 1280 743 1341 ejus
765 1278 939 1338 secutus
959 1318 973 1339 ,
1021 1278 1076 1331 ὃ
1100 1279 1251 1340 studia
1274 1283 1374 1347 jam
1402 1285 1568 1345 pridem
1593 1323 1607 1345 ,
1654 1287 1842 1335 Domine
1862 1322 1877 1348 ,
1929 1289 1976 1333 in
2009 1293 2324 1341 contubernium
2356 1301 2436 1346 ad-

225 1352 391 1416 sumst,
427 1358 628 1410 tantoque
662 1349 798 1408 magis
831 1345 1002 1407 diligere
1036 1347 1185 1406 coepi,
1232 1359 1390 1411 quanto
1431 1350 1542 1398 hunc
1579 1355 1751 1414 propius
1793 1355 1968 1419 inspexi.
2036 1357 2159 1406 Huic
2190 1359 2269 1418 jus
2304 1364 2437 1412 trium

235 1419 463 1466 liberorum
497 1412 768 1473 neceffarium
791 1410 974 1473 faciunt
1002 1411 1111 1459 duae
1146 1415 1310 1476 cauſjae
1340 1431 1356 1461 .·
1399 1416 1528 1462 Nam
1573 1417 1628 1470 &³
1663 1419 1821 1468 indicia
1864 1420 2096 1468 amicorum
2124 1437 2392 1486 promeretur

238 1485 296 1538 ξεῖ
324 1496 483 1544 parum
506 1481 626 1541 felix
663 1478 987 1527 matrimonium
1019 1489 1218 1539 expertus
1263 1482 1319 1543 est
1337 1514 1354 1541 ‚
1399 1483 1791 1548 impetrandumque
1832 1503 1861 1533 a
1904 1487 2093 1535 bonitate
2135 1499 2214 1536 tua
2249 1507 2329 1552 per
2362 1469 2437 1544 no}

238 1547 545 1610 habet,„quod
575 1545 641 1591 illi
664 1545 874 1607 fortunae
907 1544 1156 1606 malignitas
1189 1546 1428 1610 denegavit.
1497 1550 1660 1609 Adde,
1701 1553 1826 1614 quod
1856 1556 2069 1603 omnibus
2103 1555 2205 1604 fere
2240 1557 2432 1621 litteris,

243 1616 411 1679 quibus
452 1612 604 1661 Plinio
638 1610 888 1674 respondet
931 1611 1162 1674 Trajanus
1185 1650 1199 1671 ‚
1247 1613 1368 1662 inest
1409 1613 1758 1664 familiarifiima
1793 1618 1870 1665 illa
1903 1619 2154 1681 adpellatio
2186 1638 2197 1669 ε
2255 1627 2437 1672 Secunde

245 1679 466 1738 cariffime.
535 1677 626 1724 His
661 1677 807 1741 igitur
844 1676 1038 1740 aliisque
1067 1679 1324 1728 rationibus
1362 1679 1518 1742 colligi
1549 1680 1706 1743 potest
1727 1719 1740 1740 ‚
1796 1683 1878 1730 has
1914 1682 2030 1746 ipsas
2074 1684 2290 1748 epistolas
2314 1726 2329 1748 ,
2376 1692 2435 1739 de

250 1746 417 1810 quibus
450 1744 628 1808 agimus
648 1780 660 1801 ‚
709 1742 979 1791 Secundum
1009 1741 1243 1806 scripfiffe.
1287 1746 1379 1794 Sed
1427 1744 1516 1792 hae
1552 1746 1641 1794 fint
1672 1747 1776 1798 satis
1819 1749 1896 1797 vel
1928 1749 2306 1804 obstinatioribus
2323 1791 2339 1815 ,
2386 1755 2440 1804 ἃ

253 1811 362 1877 qui,
400 1810 527 1876 quod
555 1808 761 1870 dicitur,
799 1810 977 1863 nodum
1001 1807 1052 1860 in
1076 1809 1227 1875 scirpo
1257 1824 1502 1875 quaerunt.
1560 1810 1654 1861 &e
1781 1810 1787 1813 ⁷

2339 3173 2453 3236 Jo-
