2616 3686
567 193 909 254 [Iis'E'R
977 193 1760 256 v11'1.E1‘³1'sToLA
1828 170 2036 263 X‘VIIi..

2223 225 2320 282 605

191 281 469 343 fa‘ffi‘sunt.
521 280 673 353 Quin
702 282 862 334 etiam
893 280 1166 334 Domitius
1195 279 1330 334 Afer
1359 322 1372 342 ,
1413 282 1505 353 qui
1525 283 1642 337 illos
1669 290 1682 312 ¹
1714 287 1767 339 in
1792 305 1992 345 nomen
2016 293 2277 362 affumpfit
2296 334 2311 358 ‚

196 361 407 432 reliq-uit
433 354 807 409 testamentum
835 368 958 408 ante
989 353 1115 409 octo
1145 354 1198 408 δε
1222 355 1414 409 decem
1441 373 1606 411 annos
1644 364 1661 386 ²
1695 375 2064 433 nuncupatum
2091 384 2102 418 :
2153 366 2316 420 adeo-·

189 450 295 506 que
326 430 505 504 postea
550 436 566 465 ³
603 429 972 500 improbatum·
1001 428 1092 483 sibi
1122 468 1137 493 ‚
1191 442 1249 483 ut
1282 436 1300 464 ⁴
1335 431 1496 501 patris
1544 449 1737 488 eorum
1763 434 1904 490 bona
1931 439 2312 509 proscribenda

191 507 473 563 curaverit.
549 502 695 558 Mira
722 505 854 557 illius
882 504 1159 575 asperitas,
1202 505 1344 558 mira·
1366 504 1587 561 felicitas
1615 507 1838 564 horum:
1866 513 2002 566 illius
2034 515 2306 584 asperitas,
2325 532 2365 573 6-

193 582 295 653 qui*
315 597 545 635 numero
566 581 771 634 civium
798 584 812 613 ⁵
845 577 1047 632 excidit
1071 615 1087 642 ,
1143 596 1308 651 quem
1344 583 1363 607 ⁶
1405 579 1608 635 socium
1636 585 1798 638 etiam
1823 587 1874 640 in
1899 586 2075 641 liberis
2100 587 2308 641 habuit:

191 657 416 711 felicitas
444 656 675 717 horum,
712 651 906 726 quibus
933 649 1176 707 succeffit
1204 655 1257 708 in
1285 656 1470 709 locum
1495 660 1657 727 patris
1689 697 1705 722 ‚
1742 662 1834 731 qui
1856 676 2067 732 patrem
2098 669 2116 699 ⁷
2141 661 2310 716 abilu·

192 733 340 786 lerat.
418 728 524 782 Sed
553 728 684 781 haec
708 744 930 799 quoque
958 728 1227 783 hereditas
1251 729 1370 783 Afri
1398 768 1413 793 ‚
1457 745 1515 784 ut
1541 733 1743 803 reliqu-a
1766 753 1890 789 curn
1917 735 2080 792 fratre
2107 737 2301 810 quaefi-
2322 757 2355 805 7

190 819 272 869 ta,
316 807 331 833 ⁸
354 802 760 858 transmittenda
784 815 934 856 erant
958 802 1093 856 filiae
1116 801 1285 858 fratris
1312 822 1323 857 :
1366 822 1391 857 a
1417 821 1528 876 quo
1552 805 1746 860 Tullus
1773 827 1839 864 ex
1867 809 1968 866 affe
1989 812 2138 867 heres
2168 811 2314 867 insti-

193 895 372 943 tutu3‚
412 878 784 950 praelatusque
817 876 953 933 tiliae
983 877 1188 942 fuerat,
1238 892 1295 933 ut
1321 886 1339 911 ⁹
1373 881 1768 938 conciliaretur.

1845 884 1974 957 Quo
1999 886 2315 943 laudabilius«

2163 961 2314 1017 testa-

239 1052 271 1085 ι’.
299 1052 341 1084 In
352 1057 470 1084 nomen
481 1044 692 1097 affumpfit.l
718 1044 917 1094 Adoptavit
932 1058 940 1084 ε
953 1052 1038 1084 nam
1053 1046 1228 1096 adoptati,
1280 1048 1383 1087 vium
1407 1049 1549 1090 excidit.
1574 1049 1600 1087 Β
1613 1064 1637 1089 υ
1651 1062 1673 1091 c
1688 1062 1714 1091 rr·
1726 1065 1750 1091 u
1766 1065 1786 1091 ε
1799 1067 1838 1092 a.
1874 1054 1934 1092 De
1954 1054 2116 1103 scriptura
2137 1056 2263 1093 excidit
2274 1057 2313 1094 &

189 1097 277 1136 ficut
294 1099 331 1137 in
351 1097 565 1146 potestatem
587 1097 787 1145 adoptantis
802 1125 811 1141 ‚
839 1099 885 1134 ita
907 1099 944 1135 ὃς
957 1109 1097 1135 nomen
1110 1108 1217 1136 trans-

191 1142 299 1188 ibant.
326 1149 388 1186 Bu
403 1160 460 1194 cu
474 1160 579 1187 uun.
616 1150 804 1196 Perperarn
829 1146 943 1185 Aldus
964 1160 972 1185 ε
1010 1149 1070 1198 qui
1088 1148 1162 1186 illos
1185 1162 1222 1186 in

192 1211 333 1237 numen
363 1198 542 1249 adsumsst.
593 1198 744 1236 Tacitus
766 1197 832 1235 Ill.
868 1198 968 1235 Ann.
1004 1210 1081 1247 cap.
1101 1200 1221 1239 XXX.

190 1250 367 1300 adsciscere
388 1251 424 1287 in
449 1261 568 1286 nomen
582 1257 699 1286 vocat.
733 1249 866 1286 Seneca
880 1247 925 1285 de
936 1248 1043 1286 Brev.
1059 1250 1088 1285 V
1096 1251 1130 1287 it.
1143 1262 1221 1299 cap.

189 1300 276 1338 XV.
303 1300 594 1349 Nobilissimorum
611 1299 820 1348 ingeniorum
832 1298 996 1343 familiae
1018 1303 1117 1347 sunt.
1143 1301 1222 1349 elige

190 1353 228 1389 in
248 1363 355 1400 quam
382 1345 520 1388 adl'cil'ci
545 1350 633 1388 velis
648 1379 656 1394 ,
682 1362 748 1386 non
769 1352 806 1389 in
826 1361 968 1387 nomen
997 1359 1141 1388 tuntum
1163 1353 1219 1389 ad·

190 1402 366 1449 optaberis
386 1430 397 1447 ‚
425 1401 488 1451 sed
503 1402 550 1439 .in
575 1401 772 1450 ipsa-bona.
809 1400 910 1449 Lege
928 1401 1088 1449 inprimis
1112 1401 1227 1441 Dion.

194 1448 288 1490 Cass.
314 1452 394 1490 Lib.
413 1451 555 1490 XLVI.
583 1462 660 1499 pag.
685 1462 770 1498 321.
797 1450 847 1499 sq.

242 1513 279 1539 2.
307 1501 593 1551 Nuncupatum2]
634 1502 754 1537 Palam
784 1499 922 1536 facium
955 1500 1030 1538 fine
1049 1501 1225 1550 scriptura.

198 1553 489 1602 Nuncupativum
507 1552 763 1588 testamentum
787 1549 875 1587 illud
894 1549 966 1594 est,
994 1550 1039 1588 ad
1056 1553 1154 1600 cujus
1166 1551 1225 1590 fir—

195 1603 413 1641 mitudinem
447 1603 485 1640 &
515 1601 737 1639 substan-„iam
766 1598 956 1638 neceffaria
991 1612 1068 1638 non
1087 1602 1223 1642 fitscri-

193 1661 316 1702 ptura:
344 1652 445 1703 quod
465 1653 636 1690 intellexit
655 1652 824 1694 Tacitus,
851 1662 935 1688 cum
957 1650 1046 1688 libro
1065 1652 1223 1692 secundo

191 1704 305 1742 scribit
329 1731 338 1747 ,
378 1710 510 1752 Ignotos
538 1715 582 1743 <5³
610 1702 687 1739 aliis
713 1700 855 1750 infensos
876 1728 886 1745 ‚
925 1713 1022 1750 eoque
1038 1703 1222 1753 principem

195 1763 428 1804 nuncupantes
443 1753 560 1803 procul
581 1754 718 1791 arcebat
741 1768 752 1789 :
789 1750 927 1789 tametfi
958 1763 1055 1790 nunc
1077 1754 1121 1790 ad
1144 1766 1224 1802 per·

197 1813 343 1853 petuam
366 1806 416 1842 rei
436 1804 655 1841 memoriam
676 1803 947 1851 facilioremque
968 1803 1220 1850 probationem

1280 1100 1421 1149 exscidit
1440 1101 1549 1139 hodie
1571 1113 1698 1150 parum
1735 1105 1946 1142 laboramus.
1987 1104 2114 1147 Similis
2134 1107 2181 1143 est
2201 1106 2323 1144 dic‘iio‘

1284 1151 1360 1188 Lib.
1376 1150 1422 1189 ll.
1450 1152 1654 1201 Epiit.X11.
1681 1165 1765 1202 n.3.
1789 1156 1889 1204 Qid
1910 1155 1999 1193 enim
2020 1156 2193 1205 miserius,
2207 1170 2312 1206 quam

1282 1201 1467 1239 exsecium
1498 1215 1541 1242 (φ
1564 1215 1738 1242 exemtum
1770 1205 1948 1244 honoribus
1970 1206 2175 1255 senatoriis,
2201 1207 2314 1244 labore

1287 1263 1329 1290 ω’
1346 1252 1496 1303 molestia
1513 1267 1580 1290 non
1601 1267 1712 1293 carere
1725 1257 1745 1296 ἓ

1338 1303 1372 1339 6.
1399 1304 1528 1342 Socium
1549 1306 1584 1342 in
1602 1305 1752 1358 liberii]
1791 1307 1888 1344 Nam
1906 1307 1963 1345 ille
1980 1314 2152 1355 genuerat
2173 1326 2198 1353 ‚⁷
2224 1319 2316 1356 quos

1285 1351 1349 1390 iste
1369 1352 1573 1403 adoptarat:
1599 1357 1646 1395 ita
1667 1368 1886 1396 communes
1904 1357 2002 1396 liberi
2019 1367 2118 1397 erant
2140 1386 2151 1405 ‚
2179 1358 2242 1407 ipsi
2260 1360 2317 1405 so-⁴

1286 1404 1341 1441 cii.
1366 1403 1631 1446 BucuNen.

1338 1468 1372 1501 7.
1401 1455 1640 1508 Abstulerat;]
1671 1459 2004 1498 Condemnandum
2017 1469 2212 1500 curaverat.
2230 1462 2318 1499 CA-

1287 1516 1400 1542 TAN.
1429 1506 1671 1558 Abstulerat.]
1699 1511 1907 1548 Amiserant
1926 1512 2025 1549 enim
2050 1539 2061 1556 ,
2088 1513 2239 1562 quiJam
2265 1513 2315 1551 ci-

1287 1556 1401 1593 viliter
1413 1583 1424 1601 ,
1450 1566 1489 1595 ut
1505 1559 1608 1603 exul,
1635 1569 1801 1598 mortuus
1824 1568 1908 1599 erat.
1933 1561 1959 1599 B
1973 1575 1996 1598 u
2010 1573 2032 1598 c
2045 1574 2069 1598 H
2084 1575 2107 1600 u
2123 1576 2145 1600 E
2160 1577 2199 1601 R.

1333 1605 1715 1660 8.*Transmittenda.]
1760 1612 2010 1660 Relinquenda
2039 1624 2101 1660 per
2134 1613 2302 1652 ordinem

1285 1656 1520 1697 succeffionis.
1582 1659 1671 1697 ldco
1700 1662 1788 1699 dixit
1819 1662 1901 1700 Afri
1928 1661 2164 1700 hereditatem
2203 1672 2315 1701 trans⁴

1287 1707 1503 1745 mittendam
1528 1706 1598 1746 effe
1616 1711 1726 1749 fratris
1758 1710 1850 1748 filiae
1872 1739 1880 1754 ‚
1919 1723 2013 1761 quae
2041 1722 2114 1751 erat
2144 1713 2213 1751 filia
2239 1716 2318 1763 ejus

1286 1757 1478 1806 adoptiva,
1505 1760 1588 1807 quia
1607 1758 1695 1797 filius
1716 1761 1905 1810 adoptivus
1928 1790 1938 1807 ,
1967 1763 2029 1812 qui
2049 1764 2098 1802 est
2114 1764 2320 1813 legitimus.

1286 1814 1426 1845 tantum
1447 1809 1599 1847 succedit
1619 1812 1705 1859 patri
1726 1814 1911 1861 adoptanti
1931 1813 1973 1850 ab
1991 1814 2156 1853 intestato
2181 1843 2190 1859 ‚
2231 1815 2318 1853 sicut

194 1855 305 1893 soleat
324 1856 360 1893 in
378 1856 507 1903 scriptis
527 1853 709 1901 redigi‚&
726 1853 799 1890 hoc
820 1852 859 1890 sit
877 1854 914 1890 in
936 1853 1222 1902 frequentiffimo
1281 1857 1370 1896 filius
1418 1861 1580 1899 naturalis
1618 1866 1658 1900 6<
1690 1862 1872 1911 legitimus
1926 1866 2016 1912 patri
2054 1865 2118 1903 suo
2157 1868 2319 1905 naturali.

196 1905 273 1944 usu.
327 1905 387 1942 Est
424 1905 625 1942 testamenti
661 1915 797 1952 genus,
820 1903 919 1952 quod
954 1905 1149 1952 appellatur
1184 1909 1221 1945 in
1291 1910 1391 1946 CAT
1413 1923 1481 1948 AN.

192 1955 321 2004 scriptis
336 1983 345 2000 ‚
374 1956 455 2005 qula
479 1954 552 1992 fine
573 1954 739 2002 scriptura
755 1954 948 1992 invalidum
969 1954 1010 1992 fit
1031 1983 1042 2000 ,
1070 1967 1147 2005 quo
1168 1968 1222 2008 ra-

193 2016 234 2043 ro
257 2009 401 2045 utinmr.
453 2005 545 2054 Ejus·
564 2005 683 2043 forma
707 2004 852 2043 traditur
879 2004 1017 2044 Codice
1052 2006 1097 2045 de
1118 2007 1220 2056 testa·

195 2059 340 2095 mentis.
368 2056 400 2093 C
412 2069 431 2092 A
445 2057 466 2092 †
481 2069 502 2093 A
516 2069 554 2095 N.

246 2119 278 2156 3.
308 2105 581 2156 [improbatum]
611 2107 791 2153 Quamvis
811 2108 1221 2159 nonmutaverit,quo-

195 2158 291 2195 niam
316 2170 392 2195 non
414 2156 602 2200 credebat,
628 2157 663 2195 se
683 2165 756 2195 tam
780 2159 852 2194 cito
875 2160 1104 2197 moriturum.
1137 2161 1216 2208 Ap-

193 2217 291 2256 paret
310 2217 432 2245 autem
453 2209 485 2245 ei
505 2207 713 2256 displicuisse
733 2206 770 2244 id
790 2208 1044 2246 testamentum
1069 2237 1080 2254 ,
1118 2211 1220 2260 quod

189 2272 302 2296 eorum
318 2259 432 2308 patris
452 2258 540 2295 bona
567 2258 815 2307 proscribenda
835 2260 1090 2310 (publicanda)
1119 2273 1219 2298 cura·

190 2309 258 2346 vit.
285 2309 301 2346 I
315 2323 336 2345 n
350 2323 372 2347 E
387 2322 424 2347 Μ.

241 2371 277 2407 4.
305 2361 423 2397 Patris
441 2359 593 2407 eorum.]
620 2357 775 2395 Domitii
795 2358 972 2404 Lucani2,
1001 2361 1039 2398 &
1059 2361 1231 2400 Domitii

193 2409 308 2448 Tulli.
337 2411 361 2446 Β
377 2422 400 2448 u
416 2422 438 2447 c
451 2421 474 2446 Η
489 2423 513 2447 u
527 2422 546 2446 E
562 2421 598 2446 a.
651 2408 838 2446 Mediceus
861 2422 869 2446 :
907 2419 956 2446 utv
970 2419 1088 2459 patres
1106 2425 1218 2449 eorum

195 2458 282 2498 bona
293 2460 533 2510 proscribenda
554 2461 768 2497 curaverint.
795 2458 977 2497 mendose.

246 2526 281 2558 ς.
310 2510 491 2560 Excidit.]
522 2509 666 2558 Expulit
691 2537 702 2553 ,
734 2511 990 2548 averruncavit.
1015 2511 1071 2548 Ex
1094 2512 1221 2550 consti-

1333 1971 1370 2008 9.
1397 1960 1720 2013 Reconciliaretum]
1749 1962 1898 2002 Rediret
1925 1965 1961 2003 in
1988 1965 2136 2013 gratiam
2167 1977 2250 2004 cum
2272 1966 2316 2004 fi⁴

1279 2009 1323 2047 lia
1339 2038 1349 2054 ‚
1378 2023 1461 2049 cum
1485 2023 1554 2061 qua
1573 2014 1717 2060 gerebat
1738 2014 1954 2060 simultates,
1968 2018 2140 2064 quoniam
2167 2028 2186 2053 a
2208 2025 2306 2065 patre

1282 2061 1498 2100 testamento
1521 2065 1655 2111 privata
1677 2066 1802 2103 fuerat.
1831 2066 1972 2103 IDEM.
2025 2067 2212 2105 Mediceus
2235 2081 2242 2105 z
2271 2079 2312 2106 ut

1283 2113 1520 2151 conciliaretur
1535 2142 1543 2157 ,
1573 2122 1681 2162 atque
1701 2117 1746 2153 ita
1766 2116 1875 2154 edidit
1893 2115 2017 2153 Aldus.
2054 2118 2185 2155 Cicero
2209 2120 2312 2158 Orat.

1277 2174 1352 2212 cap.
1376 2164 1534 2202 XXXV.
1560 2166 1663 2202 ordiri
1680 2167 1865 2204 orationem
1879 2194 1889 2210 ,
1917 2168 1954 2204 in
1976 2180 2038 2217 quo
2058 2180 2122 2204 aut
2139 2170 2309 2206 concilie-

1277 2220 1333 2250 tur
1351 2214 1489 2253 auditor
1505 2243 1515 2261 ,
1541 2227 1605 2254 aut
1623 2217 1784 2265 erigatur.
1811 2216 1967 2255 Ovidius
1994 2218 2085 2257 Her.
2106 2218 2214 2266 Epist.
2227 2220 2311 2260 XX.

1276 2275 1327 2302 vs.
1346 2276 1409 2315 23.

1328 2369 1438 2402 Fraus
1459 2377 1535 2402 mea
1558 2367 1642 2417 quid
1657 2367 1754 2416 petiit
1767 2396 1776 2412 ‚
1805 2368 1869 2418 nisi
1885 2381 1947 2418 quo
1970 2367 2032 2405 tibi
2042 2370 2202 2419 jungerer
2220 2372 2304 2413 uni?

1381 2415 1424 2451 Id
1443 2428 1518 2461 me,
1547 2418 1636 2466 quod
1656 2419 1822 2468 quereris,
1850 2420 2039 2458 conciliare
2053 2421 2169 2469 potest.

1278 2514 1427 2552 Tacitus
1450 2515 1496 2554 11.
1523 2516 1613 2553 Hist.
1639 2529 1714 2566 cap.
1737 2518 1883 2557 LVlIl.
1917 2520 1976 2569 qui
1997 2523 2207 2557 Maurorum
2228 2523 2306 2559 ani-

191 2564 334 2600 tutione
354 2563 449 2600 enim
473 2560 699 2608 Imperatoris
721 2587 733 2604 ‚
769 2571 862 2608 quae
890 2567 988 2598 extat
1017 2563 1051 2599 in
1081 2562 1218 2600 Codice
1277 2578 1346 2602 mos
1369 2565 1498 2603 Vitellio
1518 2568 1758 2607 conciliarent.
1786 2571 1822 2606 δί
1848 2570 1921 2607 hoc
1956 2570 2102 2619 quidem
2136 2572 2306 2610 alitatrffi-

195 2621 322 2651 contra·
337 2613 483 2650 rebelles
505 2639 515 2656 ‚
543 2622 584 2647 ac
604 2609 790 2660 majestatis
807 2610 916 2648 laesae
936 2622 1017 2648 reos
1038 2639 1049 2657 ‚
1076 2611 1136 2650 filii
1155 2624 1217 2660 pa·
1276 2626 1391 2653 mum.
1423 2617 1520 2654 Male
1541 2626 1662 2656 autem
1698 2621 1908 2668 interpretes
1938 2620 1983 2658 ad
2012 2620 2118 2658 filiam
2139 2623 2304 2666 trahunt,

195 2665 266 2702 triis
284 2664 385 2702 bonis
416 2662 642 2710 privabantur
663 2689 674 2706 ‚
713 2672 834 2710 neque
866 2661 909 2698 ad
939 2661 1027 2698 ullos
1059 2661 1217 2701 honores
1276 2665 1374 2714 quali
1409 2667 1502 2705 inter
1538 2669 1631 2706 hanc
1667 2670 1705 2706 ὃ(
1733 2671 1890 2708 Tullum
1918 2669 2063 2708 fuiffent
2092 2670 2320 2710 simultates:-

195 2713 481 2753 admittebantur.
535 2713 658 2749 lmmo
682 2712 766 2749 nulli
786 2711 910 2749 licebat
935 2712 998 2749 illis
1013 2723 1124 2760 opem
1147 2713 1219 2750 fer·
1273 2726 1368 2762 quae
1391 2715 1416 2753 si
1439 2719 1594 2756 omnino
1614 2720 1758 2758 fuerunt
1773 2749 1782 2765 ‚
1809 2728 1895 2757 tunc
1916 2721 2123 2759 exstiterunt
2141 2734 2224 2760 cum
2249 2733 2304 2761 te-

196 2774 256 2807 re,
281 2773 319 2802 ut
341 2764 499 2803 exulibus
518 2774 617 2800 mors
638 2761 801 2800 solatium
824 2789 833 2805 ,
862 2764 900 2799 ὅς
923 2763 992 2799 vita
1008 2761 1215 2811 supplicium

198 2813 302 2852 foret.
329 2817 517 2852 CATAN·
570 2812 745 2862 Excidit]
777 2812 895 2850 Scribe
919 2826 1057 2850 numero
1088 2814 1217 2851 civium

196 2863 424 2908 exsciditmon
439 2864 577 2903 excidit.
603 2864 634 2901 C
649 2876 670 2899 Α
683 2877 697 2898 s
712 2876 733 2900 A
751 2876 771 2899 u
788 2875 807 2899 Β
825 2875 847 2900 o
862 2877 898 2900 u.
926 2864 1095 2913 Excidit]
1121 2865 1219 2902 Exu-

197 2911 249 2950 les
269 2915 364 2951 enim
388 2915 566 2952 civitatem
589 2941 599 2957 ,
638 2912 711 2950 ssve
737 2914 795 2962 jus
827 2915 974 2951 civiiatis
1001 2915 1220 2953 amittebant.

201 2962 380 3001 Effecerat
399 2971 517 3002 autem
542 2964 730 3002 Domitius
756 2965 846 3001 Afer
870 2992 881 3008 ,
906 2974 944 3002 ut
964 2973 1062 3013 pater
1085 2965 1217 3004 Domi-

199 3013 331 3050 tiorum
347 3040 357 3055 ,
369 3012 618 3061 adoptatorum
636 3014 677 3053 ab
697 3015 732 3052 se
746 3042 756 3058 ,
778 3015 885 3053 exilio
904 3015 1154 3061 damnaretur,
1182 3024 1221 3054 ut

199 3061 367 3102 indicavit
386 3064 491 3112 paulo
512 3074 605 3106 ante.
655 3065 710 3105 Ita
733 3065 839 3115 igitur
865 3066 979 3115 ipsum
999 3077 1155 3106 numero
1173 3067 1222 3106 ci·

1275 2766 1453 2804 stamento
1474 2770 1646 2816 praelatus
1668 2770 1750 2808 huic
1772 2772 1828 2808 ille
1851 2770 1910 2808 est.
1937 2770 1992 2808 Sic
2016 2773 2131 2809 oratio
2157 2774 2220 2811 erit
2242 2775 2304 2811 ab·

1273 2816 1477 2854 surdiffima.
1529 2820 1594 2857 Tu
1622 2821 1774 2867 intellige
1800 2820 1845 2857 de
1875 2819 2093 2859 Domitiano
2118 2824 2156 2860 ὃς
2178 2824 2306 2862 Tullo.

1275 2866 1507 2905 Domitianus
1526 2877 1583 2913 ‚ut
1604 2870 1639 2906 in
1660 2879 1773 2917 partes
1794 2871 1865 2908 suas
1884 2872 2036 2909 traheret
2049 2872 2193 2910 fratrem
2214 2875 2322 2912 Tul-*

1272 2917 1344 2954 lum
1362 2944 1372 2961 ‚
1401 2919 1438 2954 ἃ
1458 2919 1676 2957 consortium
1698 2921 1880 2958 bonorum
1900 2921 1988 2960 filiae
2011 2922 2208 2967 obtineret,
2236 2925 2324 2962 fra->

1274 2975 1365 3005 trem
1401 2979 1444 3005 ex
1470 2968 1540 3007 asse
1568 2969 1741 3009 heredem
1775 2971 1932 3009 instituit.
1985 2975 2110 3020 Quare
2142 2987 2216 3012 non
2240 2976 2302 3013 du-

1274 3018 1374 3055 bium
1396 3018 1444 3055 est
1459 3047 1468 3062 ‚
1497 3021 1708 3066 conciliaret,
1732 3033 1798 3071 pro
1823 3022 1966 3071 vulgato
1989 3025 2217 3062 reconciliaret
2237 3026 2307 3065 effe

1274 3068 1520 3111 scribendum.
1549 3071 1581 3109 C
1595 3084 1618 3107 o
1635 3084 1654 3109 a
1666 3083 1691 3108 τ.
1704 3085 1735 3110 r.

1659 3122 1794 3172 Gggg
1823 3134 1862 3174 3,Δ
2187 3139 2216 3165 1.
2246 3128 2326 3165 Fi&
