2616 3686
268 199 357 249 132
512 145 1024 232 C.1>LrN11
1093 171 1594 228 cAEciLii
1661 169 2175 222 SEcuNoi

272 249 285 270 1

347 260 551 330 legatus
631 256 795 313 Marii
858 257 1078 320 Prisci,
1140 257 1233 329 qui

1292 251 1310 269 ²
1371 249 1650 322 permistus
1720 248 1953 311 causae,
2006 249 2240 319 graviter
2298 252 2394 308 xre-¹

269 332 662 402 hementerque
718 343 941 387 vexatus
1011 329 1102 384 est.
1176 330 1316 384 Nam
1365 324 1419 378 &
1485 342 1499 368 ³
1545 320 1837 378 rationibus
1879 320 2143 377 Marciani
2185 323 2242 378 &
2282 324 2388 380 ser-

272 422 466 466 mone,
509 421 673 474 quem
723 403 809 457 ille
851 401 1106 457 habuerat
1145 404 1198 455 in
1233 398 1427 454 ordine
1463 417 1480 442 ο
1515 396 1930 465 Leptitanorum
1947 431 1968 467 ⁹,
1997 410 2214 464 operam
2243 396 2388 453 suam

275 477 460 534 Prisco
497 475 565 529 ad
602 475 965 548 tui-pissimum
1000 473 1349 531 ministerium
1388 465 1754 523 commodasse
1781 505 1799 529 ‚
1847 463 1858 490 ⁵
1919 463 2278 539 tipuiatusque
2317 470 2390 524 de

277 549 565 606 Marciano
600 547 620 572 ⁶
656 550 1044 619 quinquaginta
1089 545 1250 599 millia
1301 543 1581 597 denarium
1631 539 1646 566 ⁷
1697 535 2052 611 probabatur:
2095 538 2202 609 ipse
2239 558 2393 610 prae-

277 635 424 677 terea
484 621 743 692 accepille
800 625 816 650 ³
875 619 1169 674 sestertium
1230 614 1424 669 decem
1485 612 1646 667 miliia
1695 649 1713 676 ,
1787 607 2096 665 foediffimo
2165 613 2390 680 quidem

281 834 488 882 Negotium
522 833 706 881 pertinens
737 830 783 868 ad
805 829 1003 879 Rempubl.
1026 827 1085 866 vel
1108 829 1301 875 negotium

2183 694 2195 714 ¹
2237 683 2393 740 titulo

1373 821 1580 872 stipulatum
1613 821 1821 860 Firminum
1853 821 1900 860 de
1920 819 2108 859 Martiano
2131 820 2233 870 quod
2258 821 2395 872 obliga-

281 885 476 933 publicum.
531 884 584 919 Ita
608 884 707 920 enim
731 882 830 918 malo
845 909 854 924 ‚
884 891 996 929 quam
1011 907 1021 923 ,
1051 878 1227 916 Officium
1244 884 1304 914 aut
1340 889 1343 902 =
1375 875 1519 911 tionem
1543 872 1676 920 scriptis
1698 871 1852 911 notasset
1867 901 1878 917 ‚
1906 883 2019 920 quam
2041 872 2245 910 Martianus
2267 872 2398 913 fecerat

281 934 519 972 ministerium
542 935 725 982 pertinens
756 931 803 969 ad
835 931 1030 979 Rempubl.
1059 931 1305 966 &risi-*nauus

282 984 451 1032 Boi-igaal
474 994 636 1026 λιτὸγιον
660 981 814 1021 Rrec-ard
826 983 862 1020 in
875 982 1000 1019 Indice
1013 985 1304 1016 AIHCYPFION

279 1034 396 1072 scribit
418 1035 595 1086 principio
620 1046 758 1083 nempe
781 1032 963 1082 Epistolae
988 1031 1178 1081 sequentis.
1218 1030 1305 1067 Me-

280 1084 404 1124 diceus
427 1092 737 1130 MHOXPFION‚
767 1084 827 1122 sed
857 1083 964 1134 Epist.
996 1082 1067 1134 seq.
1091 1084 1305 1118 Aiirori‘-

282 1141 395 1173 FION
419 1138 540 1182 habet,

335 1201 358 1234 ε)
386 1188 550 1234 Hostilius
572 1185 790 1237 Firminus]
831 1186 1034 1225 Neminem
1058 1183 1214 1232 legimus
1239 1188 1310 1221 Ho-

275 1238 415 1287 stilium
443 1240 634 1277 firminum
666 1241 756 1278 circa
789 1238 845 1276 illa
877 1245 1058 1285 tempora,
1111 1235 1254 1272 CATA
1272 1246 1310 1272 N.

286 1289 449 1336 Hostilius
477 1291 652 1328 Firminus
673 1289 867 1328 Mediceus
887 1288 1020 1336 aliique
1045 1286 1152 1324 MSS.
1207 1285 1308 1322 Male

286 1341 455 1379 nonnulli
477 1341 632 1391 impress'i
658 1341 799 1378 Firmus
813 1355 823 1384 ;
854 1337 1055 1376 Helmstad.
1079 1337 1238 1374 Firmius.

341 1404 354 1428 1
394 1391 581 1440 Legatus.]
613 1393 690 1439 Qui
711 1390 939 1429 Proconsulis
962 1389 1118 1436 imperio
1141 1388 1311 1436 parebat,

287 1450 327 1480 ut
351 1441 516 1489 magister
540 1443 719 1491 Equitum
743 1440 952 1479 Dietatoris.
981 1440 1108 1486 Quare
1133 1438 1312 1486 Apulejus

290 1493 531 1530 Consularem
563 1495 599 1530 in
637 1493 778 1540 Legato
811 1490 1067 1528 auetoritatem
1100 1487 1201 1526 dixit.
1223 1489 1250 1526 is
1276 1500 1315 1525 e-

287 1544 366 1581 nim
383 1572 392 1588 ‚
420 1542 445 1580 si
471 1545 590 1582 aberat
610 1542 811 1582 Proconsul
836 1570 847 1586 ,
884 1541 1032 1578 vicarias
1054 1540 1152 1577 vices
1175 1539 1314 1587 agebat.

287 1595 395 1632 Aliae
418 1604 542 1632 autem
565 1595 643 1632 sunt
666 1594 798 1642 Legati
820 1599 937 1642 partes
951 1620 962 1636 ,
988 1591 1078 1629 aliae
1110 1589 1316 1628 Proconsu-

288 1646 340 1683 lis.
364 1645 422 1683 iile
444 1647 569 1684 omnia
591 1656 698 1695 agere
720 1644 766 1682 ad
790 1642 1046 1693 praescriptum
1073 1670 1084 1686 ,
1121 1641 1182 1679 hic
1204 1641 1315 1680 libere

291 1695 338 1733 ad
351 1695 533 1734 summam
549 1708 670 1734 rerum
684 1695 870 1733 consulere
883 1693 1000 1732 debet.
1030 1693 1130 1730 Nam
1156 1693 1316 1741 Legatus

292 1745 494 1784 secundum
518 1747 604 1796 Ulp.
629 1747 758 1795 accipit
774 1743 1065 1795 jurisdictionem
1097 1753 1118 1779 a
1148 1743 1318 1781 Procon-

291 1796 364 1834 sulc
387 1796 451 1834 suo
468 1796 515 1834 :si
538 1797 627 1847 quid
648 1805 774 1834 tamen
796 1797 887 1839 erit,
910 1794 1012 1843 quod
1034 1793 1218 1840 malorem
1241 1795 1318 1832 ani-

291 1848 590 1886 madverlionem
618 1849 737 1896 exigat
749 1875 760 1891 ,
798 1847 987 1883 remittere
999 1845 1161 1891 Legatus
1172 1843 1218 1881 ad
1228 1844 1319 1882 Pro-

293 1899 480 1936 coniulem
495 1899 625 1936 debet:
655 1910 777 1948 neque
791 1899 890 1935 enim
903 1894 1221 1933 animadvertendi
1236 1923 1247 1940 ,
1259 1896 1319 1934 vel

294 1948 513 1994 coercendi,
542 1950 601 1987 vel
624 1951 794 1987 atrociter
816 1945 1030 1985 verberandi
1050 1945 1108 1993 jus
1120 1945 1240 1983 habet.
1267 1946 1321 1985 At

296 1999 408 2048 Cajus
422 2029 432 2045 ,
457 2005 589 2049 Caesar
611 2010 766 2050 aequata
791 1997 910 2047 Legati
925 1997 1085 2047 potentia
1106 2023 1117 2041 ,
1143 1996 1210 2045 suo
1235 2002 1322 2035 Pro-

294 2051 448 2100 consuli,
477 2050 722 2101 Proconsulare
736 2051 798 2100 jus
818 2049 954 2088 minuit
975 2076 986 2092 ,
1027 2057 1072 2087 <9⁹
1107 2051 1320 2096 Legatorum

297 2102 416 2140 auxit.
446 2103 599 2141 (ΞΑ-[ΑΝ.

348 2163 369 2188 2
400 2153 586 2199 Pei-mistus
607 2151 767 2202 causae.]
799 2149 974 2190 Conscius
999 2151 1037 2188 &
1056 2148 1216 2187 minister
1229 2151 1322 2199 rapi-

297 2212 429 2240 narum
463 2205 582 2242 Marii.
636 2205 735 2241 Nam
766 2205 804 2242 in
837 2202 990 2239 comites
1017 2199 1188 2247 judicum
1210 2228 1222 2244 ,
1260 2202 1323 2249 qui

298 2254 584 2301 repetundarum
619 2255 670 2293 rei
702 2254 782 2292 sunt
807 2283 818 2300 ,
843 2252 924 2299 lege
945 2251 1039 2298 Julia
1056 2249 1238 2299 judicium
1264 2251 1326 2289 da-

298 2310 369 2341 tur.
398 2305 544 2344 AuCtor
566 2305 760 2343 Marcellus
781 2306 847 2352 JC.
875 2302 889 2339 Ι
907 2316 930 2339 ι)
946 2315 968 2340 E
982 2315 1022 2339 M.

355 2367 373 2404 3
405 2355 655 2405 Rationibus.]
688 2356 843 2394 Calculis
868 2355 906 2391 &
927 2352 1111 2402 computis
1122 2351 1327 2402 septingen-

301 2413 428 2444 torum
451 2408 630 2451 millium,
658 2406 747 2445 dum
770 2418 834 2456 per
868 2404 958 2442 haec
989 2404 1155 2442 Romani
1185 2403 1327 2454 Equitis

303 2458 404 2507 plura
430 2457 599 2508 supplicia
622 2467 771 2496 emeret.
801 2458 917 2495 IDEM.

291 2548 303 2563 Ι
355 2521 378 2553 4
408 2508 713 2558 Leptitanorum]
746 2509 872 2558 Leptis
894 2509 932 2546 in
944 2505 1069 2545 Africa
1084 2534 1094 2551 ,
1117 2503 1268 2553 Tyriis,
1287 2514 1330 2545 ut

306 2560 491 2607 Carthago
507 2590 516 2605 ‚
543 2568 583 2598 ut
605 2561 715 2598 Utica
737 2559 906 2597 condita:
946 2559 1121 2595 immunis
1167 2567 1209 2593 ac
1241 2556 1329 2595 libe-

304 2622 343 2648 ra
359 2639 370 2655 ‚
384 2610 508 2648 Hirtio
520 2610 685 2649 tradente
700 2624 708 2648 ε
730 2610 917 2658 Neapolin
929 2609 1064 2647 dietam
1077 2607 1221 2646 testatur
1236 2608 1329 2645 Stra-

306 2662 365 2699 bo.
393 2662 492 2699 Prius
505 2664 540 2699 in
555 2662 694 2699 ditione
719 2658 1063 2709 Carthaginensium
1091 2659 1326 2708 fuit,quibus

308 2712 444 2761 singu'a
456 2713 588 2750 talenta
601 2711 766 2762 quotidie
779 2711 984 2760 pendebat,
1010 2709 1088 2759 post
1105 2709 1148 2747 ad
1163 2708 1326 2748 Masinis?-

307 2764 384 2801 sam
400 2792 410 2808 ‚
425 2763 556 2801 deiude
569 2763 615 2800 ad
630 2764 821 2800 Romanos
831 2762 1009 2811 pervenit.
1041 2762 1181 2800 Livius.
1211 2760 1327 2798 IDEM.

362 2828 379 2861 ς
411 2814 671 2864 stipulat:ts‘qzte
693 2816 734 2852 de
760 2812 989 2861 Martiana]
1020 2809 1205 2860 Obligaffe
1228 2811 1329 2848 Mar-

310 2867 451 2902 tiaiiuiii
476 2868 628 2903 nomine
652 2866 770 2904 Marii.
826 2865 924 2901 Nam
949 2862 1101 2913 stipulari
1123 2861 1172 2901 est
1195 2862 1331 2910 obliga-

312 2926 351 2952 re
373 2915 482 2951 alium
507 2916 775 2963 interrogando.
803 2917 962 2954 Seneca:
992 2915 1140 2951 Utinam
1162 2911 1332 2959 malasti-

309 2964 446 3016 pulatt'o
477 2974 662 3013 emptorem
696 2967 863 3004 venditor
896 2966 1074 3014 obligaret.
1130 2966 1332 3012 Interprete

316 3016 477 3063 Ulpiano
511 3016 720 3060 generaliter
752 3019 924 3053 novimus
954 3025 1070 3064 turpes
1091 3015 1332 3065 stipulationes

316 3066 446 3104 nullius
477 3065 535 3113 effe
566 3065 742 3103 momenti.
794 3065 985 3102 Postumus
1017 3068 1124 3114 igitur
1146 3076 1334 3114 exponere

1376 924 1496 962 Prisco
1528 922 1574 960 ad
1601 924 1783 960 summam
1817 924 2079 972 quinquaginta
2113 923 2267 960 millium
2292 923 2401 962 dena-

1379 975 1487 1013 rium.
1516 973 1684 1022 stipulari
1708 975 1808 1011 enim
1829 975 2051 1020 interrogare
2072 971 2269 1020 significat,
2299 976 2401 1024 quod

1380 1027 1573 1064 observant
1605 1025 1716 1062 etiam
1748 1034 1847 1060 nunc
1879 1023 2012 1060 notarii
2043 1024 2080 1060 in
2114 1025 2403 1072 obligationibus.

1380 1077 1429 1114 Et
1445 1075 1648 1126 stipulatio,
1678 1074 1893 1123 Pomponio
1915 1072 2003 1110 teste
2017 1100 2028 1117 ‚
2054 1073 2099 1119 est
2121 1075 2308 1112 verborum
2323 1089 2402 1114 con-

1379 1128 1483 1178 ceptio
1498 1144 1509 1164 .·
1541 1126 1666 1176 quibus
1695 1125 1722 1162 1'5
1735 1126 1794 1174 qui
1807 1123 2050 1172 interrogatur
2066 1151 2077 1168 ,
2103 1125 2410 1174 daturumfaclfu-

1383 1192 1513 1217 rumve
1523 1179 1561 1227 se
1581 1177 1618 1214 id
1639 1176 1982 1225 quodinterrogatus
1995 1172 2039 1220 est
2052 1175 2263 1224 ‚responden
2293 1178 2407 1217 IDEM.

1433 1230 1457 1266 6
1477 1227 1762 1277 ,Qinquaginta
1784 1225 1900 1263 millia
1923 1224 2158 1276 denariam]
2198 1226 2405 1268 Denai‘iiim

1381 1292 1450 1330 pro
1470 1279 1704 1317 denariorum
1728 1274 1853 1314 usitata
1876 1275 2022 1313 dicendi
2044 1275 2175 1313 forma.
2203 1280 2409 1326 Denarius,

1383 1331 1502 1380 inquit
1534 1328 1743 1368 Plutarchus
1766 1356 1777 1372 ‚
1814 1340 1856 1365 ex
1888 1327 1999 1364 decem
2030 1327 2136 1364 aereis
2158 1339 2245 1365 erat.
2273 1329 2410 1369 Pariter

1386 1383 1506 1419 Varro
1518 1380 1564 1419 de
1577 1380 1776 1418 Latinitate
1792 1407 1802 1423 ,
1829 1376 2002 1416 &Festus
2027 1379 2065 1414 ὃ(
2086 1379 2176 1415 Plin.
2200 1390 2242 1415 ac
2262 1380 2408 1419 Priscia-

1386 1445 1453 1471 nus
1483 1433 1601 1481 iuquit
1625 1444 1634 1468 ε
1673 1429 1850 1467 Denarius
1881 1428 1962 1465 olim
1994 1427 2130 1475 decuffis
2162 1429 2337 1476 valebat,
2364 1443 2409 1471 (ς’

1387 1485 1501 1522 decem
1521 1483 1699 1519 librarum
1722 1494 1891 1518 nummus
1912 1489 2002 1517 erat.
2049 1480 2240 1518 Vitruvius
2274 1482 2310 1518 in
2344 1482 2408 1521 de-

1385 1536 1516 1572 narios.
1537 1533 1655 1571 denos
1675 1533 1765 1570 aeris
1786 1529 2003 1568 constituille
2034 1532 2289 1579 antiquitatem
2321 1531 2410 1571 asse-

1384 1587 1428 1624 rit
1452 1615 1463 1631 ‚
1502 1586 1541 1622 &
1574 1595 1616 1621 ea
1649 1595 1688 1621 re
1721 1579 2033 1629 compositionem
2056 1583 2217 1619 nominis
2238 1581 2284 1619 ad
2306 1583 2407 1622 suani

1383 1637 1498 1686 usque
1520 1642 1680 1672 aetatem
1704 1632 1895 1671 denarium
1918 1631 2072 1669 retinere
2095 1644 2105 1668 ι
2144 1633 2312 1680 quamvis
2345 1632 2412 1670 sta-

1385 1689 1453 1725 tim
1489 1687 1651 1736 subjiciat
1675 1712 1687 1729 ,
1722 1694 1874 1722 aereum
1907 1681 2098 1719 denarium
2132 1681 2280 1720 valuiffe
2305 1683 2410 1722 XVI.

1382 1735 1481 1776 asses.
1510 1738 1648 1775 Gellius
1661 1735 1852 1773 denarium
1875 1730 2023 1770 valuisse
2045 1733 2174 1781 quanti
2195 1732 2408 1772 drachmam

1384 1788 1550 1827 ostendit.
1580 1788 1694 1824 IDEM.
1722 1782 1827 1823 Voss'.
1852 1782 2007 1822 Helmst.
2031 1783 2201 1831 Bongars.
2227 1785 2266 1822 δε
2293 1785 2406 1822 Arnz.

1385 1839 1611 1878 denariorum
1634 1836 1814 1880 scribunt,
1841 1846 1911 1872 nec
1931 1833 2032 1872 aliter
2056 1834 2254 1883 Gryphius.

1436 1902 1454 1936 7
1487 1889 1711 1927 Probahatur
1731 1887 1819 1937 ipse.-
1844 1881 2066 1935 praeterea.]
2106 1884 2301 1924 Distinetio
2324 1885 2416 1924 haec

1384 1941 1474 1979 mihi
1497 1951 1608 1990 prava
1631 1939 1785 1978 videtur.
1824 1937 1979 1975 Mallem
1998 1936 2063 1985 ipse
2085 1937 2310 1985 coniungere
2324 1946 2411 1974 cum

1379 1999 1572 2039 praeterea.
1625 1990 1815 2030 Sententia
1838 1987 1887 2025 est
1911 2015 1922 2031 ‚
1949 1986 2155 2034 stipulatum
2182 1986 2365 2024 summam
2390 1998 2411 2025 a

1385 2042 1604 2087 Marciano,
1630 2040 1691 2080 sed
1739 2051 1807 2089 pro
1854 2037 1975 2076 Prisco
2000 2065 2010 2081 ‚
2039 2037 2099 2074 cui
2131 2037 2228 2074 hanc
2256 2048 2411 2086 operam

1386 2094 1693 2133 commodaverat
1715 2106 1727 2135 3
1777 2089 1895 2140 ipsum
1926 2095 2051 2126 autem
2085 2098 2154 2136 pro
2177 2088 2213 2126 se
2234 2086 2412 2138 accepisse

1385 2144 1569 2183 summam
1602 2145 1721 2183 aliam.
1771 2143 1988 2181 Scmsrrfiiz.
2036 2137 2178 2176 Favent
2222 2139 2414 2178 Scheffero

1386 2196 1549 2246 plerique
1573 2194 1695 2233 Codd.
1724 2192 1794 2231 Sed
1817 2194 1890 2230 iam
1916 2189 2103 2238 Gryphius
2125 2190 2258 2239 aliique
2272 2190 2320 2227 ita
2335 2219 2346 2236 ,
2371 2197 2415 2229 ut

1386 2245 1445 2285 ille
1468 2247 1609 2291 voluit,
1637 2245 1884 2284 distinxerunt.
1911 2240 2105 2280 Mediceus
2121 2240 2308 2290 probatur.

1439 2297 1460 2335 8
1488 2292 1686 2344 sestertium
1711 2296 1823 2333 decem
1845 2291 2000 2341 millia]
2033 2291 2181 2341 Opinor
2203 2291 2319 2329 millia
2341 2291 2412 2331 tol-

1386 2347 1554 2393 lendum,
1608 2349 1707 2386 Nam
1756 2345 1869 2384 fidem
1907 2342 2051 2382 excedit
2073 2372 2084 2388 ,
2122 2342 2187 2380 nili
2213 2342 2410 2381 secundum

1391 2397 1535 2437 Festum
1557 2399 1714 2445 velimus
1737 2398 1856 2436 dicere
1877 2395 2077 2434 sestertium
2089 2403 2256 2444 quartam
2270 2401 2407 2444 partem

1392 2448 1527 2488 denarii
1550 2450 1696 2489 dictam.
1721 2451 1760 2487 &
1779 2449 1871 2487 Plin.
1894 2446 2066 2495 scriptum
2089 2445 2234 2495 reliquit
2265 2444 2406 2527 Γεῑιέξιξ-

1389 2500 1467 2538 lum
1491 2502 1581 2540 olim
1604 2498 1752 2539 valuisse
1774 2498 1934 2537 sestertiis
1957 2497 2093 2535 vicenis
2117 2526 2128 2542 ,
2164 2494 2266 2545 quod
2299 2504 2318 2530 e
2354 2496 2406 2546 ’cit

1391 2554 1428 2590 in
1450 2552 1553 2592 libras
1576 2555 1718 2591 ratione
1739 2550 1881 2589 sestertii
1905 2549 1969 2598 qui
1990 2555 2080 2585 tunc
2102 2554 2176 2584 erat
2198 2572 2209 2588 ‚
2234 2541 2406 2595 sestertios

1391 2615 1572 2642 novenos.
1625 2604 1708 2642 Nec
1731 2602 1945 2650 negaverim
1968 2597 2161 2636 sestertium
2184 2595 2220 2631 in
2242 2588 2403 2628 masculi·

1389 2665 1442 2691 no
1465 2653 1567 2693 fuisse
1587 2653 1699 2702 longe
1728 2654 1879 2691 minoris
1904 2681 1914 2696 ,
1942 2660 2053 2700 quain
2085 2651 2214 2683 neutro
2244 2650 2405 2695 genere,

1391 2705 1494 2754 quod
1519 2705 1717 2743 declaratur
1739 2703 1836 2754 seqq.
1857 2697 2134 2740 auetoritatibus.
2157 2743 2163 2748 .
2189 2689 2343 2728 Valertus
2367 2703 2404 2728 e-

1391 2757 1548 2803 quitibus
1571 2756 1723 2805 lingulas
1743 2755 1846 2793 libras
1867 2750 2002 2800 argenti
2033 2748 2073 2801 βε
2103 2748 2322 2797 quingentos
2354 2740 2407 2779 se-

1391 2804 1529 2845 stertios
1551 2807 1625 2846 dari
1647 2804 1852 2855 imperavit.
1879 2807 2010 2853 Tranq.
2032 2805 2068 2850 in
2093 2792 2191 2832 Caes.
2214 2790 2408 2830 DiCtitore

1392 2857 1531 2902 scribit,
1560 2857 1719 2896 eundem
1741 2862 1900 2890 annuam
1921 2847 2180 2886 habitationem
2217 2843 2329 2899 usque
2361 2842 2407 2879 ad

1393 2908 1476 2946 bina
1499 2909 1608 2946 millia
1632 2904 1830 2945 nummum
1855 2901 1972 2947 (quae
1996 2895 2122 2942 procul
2146 2893 2257 2930 dubio
2272 2895 2410 2931 iaciunt

1396 2958 1472 2995 duo
1483 2958 1710 3001 sestertiaiin
1734 2952 1831 2989 Italia
1855 2959 1931 2986 non
1954 2947 2041 2983 ultra
2064 2947 2268 2994 quingenos
2293 2943 2411 2981 sester-

1396 3011 1464 3046 tios
1486 3005 1663 3044 remisisse.
1717 3004 1773 3040 Sic
1794 2999 1942 3037 Fabium
1969 2998 2002 3033 V
2007 2997 2163 3035 aioni-cm
2188 2996 2293 3033 tradit
2319 2994 2412 3031 raci-

1398 3070 1456 3097 tus
1477 3053 1646 3094 addidiffe
1668 3055 1823 3093 tricenos
1845 3048 1986 3097 singnis
2009 3049 2179 3087 militibus
2211 3046 2412 3136 sestertiosb}

2352 3110 2376 3136 u
