2616 3686
640 209 982 266 LIBER
1049 206 1907 266 ILEPISTOLAVI.
2206 228 2292 274 113

202 314 313 367 rat}
347 315 459 358 non
485 309 543 353 ut
564 292 794 368 potestas
815 287 1076 362 eligendi,
1115 286 1204 342 sed
1233 304 1303 342 ne
1323 287 1407 358 jus
1431 287 1559 342 esset
1584 289 1859 344 recusandi
1886 314 1901 352 ;
1953 303 1966 324 ¹
2004 292 2144 350 aliud
2196 293 2293 350 sibi

206 376 261 432 ἅτ
280 374 431 429 nobis
458 367 651 435 ‚aliud
677 364 970 420 minoribus
995 361 1176 415 amicis
1205 362 1361 429 (nam
1393 360 1652 430 gradatim
1681 363 1880 415 amicos
1919 362 2108 428 habet)
2144 367 2285 423 aliud

199 447 299 501 suis
332 443 623 514 nostrisque
661 438 895 492 libertis„
947 433 1346 488 Animadvertit
1386 432 1479 504 qui
1517 432 1648 486 milii
1692 436 1971 504 proximus
2007 437 2285 493 recumbe-

164 517 319 581 bat,
359 517 447 578 δέ,
485 533 547 568 an
572 510 880 583 probarem,
919 505 1288 576 interrogavit.
1362 505 1379 524 ²
1413 505 1636 574 Negavi.
1714 504 1808 559 Tu
1844 522 1977 578 ergo
2013 546 2029 570 ‚
2081 510 2288 579 inquit,

197 607 359 661 quam
395 582 830 641 consuetudinem
865 577 1141 648 sequeris?
1182 576 1390 632 Eadem
1430 576 1676 632 omnibus
1717 594 1902 647 ponc,
1954 579 2016 632 ad
2057 597 2283 637 coenam

200 663 343 715 enim
367 676 473 713 non
498 656 562 710 ad
588 655 602 682 ³
624 667 805 708 notam
832 651 1029 705 invito:
1068 649 1376 720 cunetisque
1409 648 1566 702 rebus
1591 666 1833 720 exaequo
1864 687 1880 713 ‚
1930 668 2066 722 quos
2107 653 2283 707 mensa

730 723 977 778 Etiamne
1008 721 1257 776 libertos?
1297 720 1484 774 etiam:
1523 723 1542 747 ⁴
1565 721 1902 776 conviciores
1936 724 2080 777 enim
2118 737 2280 788 tunc,

790 794 995 848 Etille:
1037 793 1244 863 Magno
1271 791 1366 846 tibi
1393 790 1623 847 constat:
1665 793 1914 848 Minime.
1972 796 1985 821 ⁵
2027 796 2135 866 Qui
2166 796 2282 852 fieri

729 867 870 939 Quia
904 866 1100 920 scilicet
1139 866 1317 920 liberti
1357 866 1462 917 mei
1500 882 1610 919 non
1649 864 1793 918 idem
1820 904 1835 927 ‚
1875 867 2022 937 quod
2061 885 2166 938 ego
2204 870 2283 924 bi-

194 947 350 1007 bunt,
387 943 475 997 sed
509 942 652 997 idem
677 956 811 1010 eg0,
847 939 995 1010 quod
1019 938 1212 994 liberti.
1287 936 1358 991 Et
1386 935 1630 991 Hercule
1660 978 1671 997 ,
1711 937 1746 990 fi
1787 939 1938 1008 gulae
1980 952 2274 1012 tempereS,

189 1034 298 1072 non
324 1014 397 1070 est
423 1013 700 1069 onerosum
721 1052 736 1076 ,
775 1028 886 1080 quo
911 1012 1072 1064 utaris
1092 1011 1229 1080 ipse,
1269 1008 1669 1063 communicare
1707 1026 1830 1063 cum
1858 1010 2112 1080 pluribus
2190 1013 2276 1068 llla

189 1104 319 1160 ergo
353 1085 686 1160 reprimenda
724 1123 739 1149 ,
783 1085 865 1138 illa
901 1083 1044 1156 quasi
1092 1079 1110 1103 ⁶
1155 1084 1211 1138 in
1247 1081 1494 1137 ordinem
1528 1080 1824 1152 redigenda
1861 1082 1935 1137 est
1969 1121 1986 1146 ,
2049 1083 2087 1138 si
2134 1086 2276 1140 sum-

2172 1157 2276 1229 pti-

186 1306 274 1348 dum
296 1310 345 1350 est
367 1310 453 1349 fflud
475 1313 584 1350 etiam
607 1311 798 1350 Marciano
823 1307 992 1358 Capenae
1025 1307 1106 1346 Lib,
1142 1306 1188 1347 11·
1223 1312 1228 1362 f
1258 1300 1343 1342 dicis
1380 1305 1464 1362 facit
1482 1333 1500 1362 .’
1538 1312 1579 1344 ut
1608 1304 1785 1343 hocloco
1809 1305 1897 1344 illud
1919 1307 2086 1364 Respmfi
2111 1308 2281 1366 Secundo

183 1370 260 1408 pag·
285 1374 341 1411 ἰς-
403 1368 527 1400 Verum
551 1363 641 1400 illud
662 1363 800 1411 quod...
820 1360 948 1408 fallax
980 1358 1189 1396 mortalium
1258 1364 1336 1390 non
1369 1356 1574 1394 abiudiccm
1596 1384 1606 1400 ,
1645 1367 1730 1393 cum
1764 1357 1970 1405 praesertim
2005 1359 2086 1396 Lib.
2122 1360 2147 1396 I.
2171 1359 2280 1408 Epist,

182 1412 361 1461 curiofitas
390 1413 562 1462 affeverat
584 1442 594 1458 ‚
632 1414 669 1450 in
704 1412 827 1460 digitos
858 1410 1098 1458 calculumque
1129 1410 1190 1447 de·
1258 1402 1304 1439 V·
1329 1417 1386 1460 ΗΠ·
1436 1420 1465 1455 5-
1515 1407 1554 1443 &
1601 1417 1633 1462 7:
1669 1413 1710 1442 Ut
1755 1408 1793 1443 ὅῑ
1825 1407 1907 1463 alibi
1941 1408 2096 1446 verbum
2126 1411 2280 1466 inqufm’

1257 1451 1416 1493 similiter
1439 1454 1645 1504 expresserit
1658 1483 1668 1499 ,
1697 1456 1736 1492 &
1757 1456 1816 1492 hic
1834 1456 1909 1494 satis
1929 1457 2039 1506 longa
2061 1459 2279 1498 sermocina-

1257 1503 1311 1540 tio
1338 1514 1682 1550 commemoretur,
1711 1506 1810 1543 cuius
1833 1508 2012 1555 principio
2027 1510 2191 1558 Respondi
2202 1517 2278 1550 tam

1258 1555 1462 1592 commode
1483 1557 1749 1604 praemittitur,
1800 1567 1884 1594 uam
1914 1558 2032 1607 inquit
2073 1561 2153 1606 (Tu
2183 1574 2279 1608 ergo.

1256 1603 1397 1652 inquit,
1424 1615 1533 1655 quam
1556 1607 1649 1652 cet.)
1679 1608 1771 1654 Quo
1816 1606 1940 1655 postea
1972 1607 2113 1657 semper
2136 1611 2279 1648 omitti-

1256 1660 1323 1689 tur.
1353 1655 1409 1692 Sic
1431 1666 1517 1693 cum
1540 1655 1622 1694 alibi
1644 1655 1778 1693 Noster
1793 1684 1803 1700 ‚
1829 1664 1911 1694 tum
1933 1658 2012 1696 Lib.
2051 1659 2140 1698 VII.
2169 1659 2269 1709 Epist

1255 1703 1432 1742 XXXIII.
1467 1716 1501 1742 n.
1534 1718 1564 1752 4
1616 1708 1702 1754 §Qua
1734 1708 1939 1752 concordia,
1967 1710 2087 1759 inquit
2109 1738 2120 1755 ,
2157 1704 2280 1755 inians,

1254 1756 1349 1841 gam
1382 1763 1448 1794 cet.
1489 1755 1675 1804 Respondi
1698 1784 1708 1802 ‚
1746 1768 1826 1794 cum
1850 1756 1967 1807 fimus
1995 1761 2169 1800 advocati
2207 1769 2283 1816 cet·

1289 1816 1406 1843 oaTE.
2234 1832 2238 1833 ⁷
2281 1824 2285 1826 ·

1303 1879 1321 1917 3
1353 1869 1528 1920 Natam]
1559 1870 1782 1910 Infamiam:
1811 1880 1852 1910 ut
1873 1884 1937 1921 pei·
1972 1875 2048 1913 vini
2079 1875 2212 1926 species
2238 1877 2278 1917 a·3

1252 1918 1338 1956 mici
1360 1923 1624 1969 cognoscantur
1647 1930 1767 1971 quoto
1789 1921 1859 1960 siut
1880 1924 1967 1962 loco
1982 1925 2078 1974 apud
2091 1939 2162 1966 me.
2192 1929 2275 1967 Scio

202 733 257 786 ἃ
280 748 400 786 toro
422 727 654 800 aequavi.

199 821 304 858 non
327 801 540 855 libertos
568 811 714 867 puto,

197 873 365 946 potest
390 873 407 925 ?
461 869 650 924 Potest.

178 1459 302 1499 scribit.
324 1464 370 1500 ita
384 1465 601 1501 veterrimae
615 1463 848 1500 membranae
862 1459 1184 1506 Guelferbytanae.

182 1510 308 1560 Vulgo
342 1525 387 1551 ex
419 1511 541 1550 Gloffa
575 1512 752 1550 dederunt
773 1509 960 1556 distribuit.
1012 1510 1115 1545 Plura
1145 1511 1190 1547 de

179 1560 253 1598 hoc
274 1563 389 1599 verbo
411 1564 580 1599 Gronov.
602 1562 648 1598 ad
671 1562 795 1598 Senec.
819 1559 900 1595 Lib.
922 1559 971 1595 V.
995 1558 1040 1595 de
1063 1559 1188 1597 Benef.

180 1621 256 1658 cap.
289 1612 358 1647 VI.
389 1613 497 1659 princ.
552 1612 728 1648 Graevius
760 1609 806 1646 ad
839 1609 914 1645 Cic.
948 1607 974 1644 Ι.
1008 1607 1053 1645 de
1077 1610 1189 1647 Offic.

181 1661 366 1748 {alipClVD
376 1661 587 1748 beliziultingd
602 1660 652 1749 aFdl
680 1659 871 1747 Calffilgn'I
882 1657 999 1758 ἰῆς-ἕξ
1018 1659 1189 1748 Reii-ang.

220 1739 227 1746 .
298 1739 305 1746 .
371 1721 563 1748 ucerusa
654 1721 707 1749 ori
815 1737 882 1746 ..
983 1738 990 1746 .
1059 1738 1186 1749 ...

179 1762 333 1798 Con-ris.

234 1823 248 1848 1
281 1811 435 1860 Aliud]
485 1812 651 1862 Explicat
695 1811 751 1851 illa
797 1813 861 1849 tria
908 1809 983 1848 vini
1029 1821 1186 1859 genera,

177 1861 331 1908 primum
364 1865 548 1910 optimum
582 1863 642 1903 sibi
675 1865 713 1902 δε
745 1859 963 1909 dignioribus
990 1861 1185 1909 miscebat,

174 1912 366 1957 secundum
392 1914 616 1958 mtnon‘bm,
642 1921 682 1950 ut
703 1912 885 1951 clientibus
908 1939 918 1955 ‚
946 1912 1049 1960 quod
1076 1912 1183 1952 Mart.

182 1971 258 1997 non
292 1961 366 1999 sine
392 1962 532 2000 summa
569 1964 816 2011 indignatione
854 1962 988 2010 saepius
1027 1963 1182 2002 mordet.

182 2012 338 2050 antium
354 2040 364 2056 ‚
391 2012 426 2050 id
450 2012 498 2051 est
521 2014 728 2052 vilissimum
754 2041 764 2057 ‚
799 2011 940 2050 libertis.
990 2013 1022 2057 C
1037 2026 1057 2049 A
1072 2026 1095 2050 τ
1111 2027 1133 2050 A
1148 2027 1184 2053 N.

180 2060 304 2109 Vulgo
328 2062 477 2100 dabant:
507 2065 546 2102 δε
566 2064 667 2101 aliud
681 2063 750 2112 fibi
772 2062 931 2102 cymbis.
960 2063 1054 2108 Sed,
1081 2075 1184 2112 prae-

178 2118 344 2160 terquam
367 2113 468 2162 quod
488 2115 622 2162 ingrata
645 2114 693 2153 est
715 2114 882 2163 repetitio
906 2112 1066 2151 eiusdem
1100 2115 1183 2153 Par-

178 2164 331 2206 riculae,
358 2174 403 2200 ne
439 2165 544 2203 habet
581 2164 730 2214 quidem
766 2165 826 2202 hic
876 2164 1019 2212 Copula
1043 2193 1053 2209 ‚
1081 2167 1184 2215 quod

178 2222 280 2260 agat,
309 2211 370 2251 nifi
401 2214 495 2252 aliud
528 2217 678 2253 verbum
713 2215 890 2253 adieceris.
943 2214 1070 2265 Itaque
1097 2228 1182 2255 cum

178 2263 368 2302 Mediceus
401 2264 532 2303 dietam
566 2266 749 2315 Copulam
785 2268 953 2313 ignoret,
981 2264 1182 2306 delevimus

175 2314 280 2351 iliani.
334 2314 472 2353 Pendet
501 2325 624 2354 autem
657 2317 774 2354 oratio
804 2327 825 2352 a
858 2316 972 2352 verbo
1006 2316 1182 2366 descripse-

173 2376 234 2400 rat
249 2393 258 2408 ‚
289 2367 326 2403 &
346 2366 411 2402 tria
432 2365 492 2403 ista
515 2377 647 2414 genera
667 2367 744 2404 vini
766 2376 864 2403 nunc
897 2364 1058 2403 distinete
1093 2378 1181 2404 enu-

174 2425 367 2453 merantur.
397 2416 549 2454 Coun.

167 2502 174 2509 ,
222 2477 242 2501 2
273 2466 451 2514 Negavi]
483 2466 594 2505 Deest
615 2467 689 2504 hoc
710 2465 878 2502 Verbum
911 2467 947 2503 in
980 2465 1180 2510 Mediceo‚

172 2515 307 2553 incuria
338 2516 465 2555 librarii
489 2546 498 2561 ‚
537 2519 593 2554 cui
628 2515 824 2553 similitudo
848 2516 1057 2554 ultimarum
1081 2515 1182 2564 sylla-

173 2565 296 2602 barum
331 2566 443 2604 Verbi
475 2568 707 2614 interrogavit
731 2595 740 2610 ,
779 2567 958 2616 imposuit.
1013 2567 1064 2603 At
1089 2577 1179 2604 mox

172 2614 268 2653 idem
292 2616 421 2655 Codex
445 2617 570 2655 Verbo
592 2617 807 2666 locupletior
840 2617 897 2655 est.
950 2616 1107 2655 Exhibet
1144 2630 1181 2656 e·

174 2665 268 2704 uim:
298 2668 486 2717 Respondi.-
517 2668 651 2705 Eadem
672 2666 830 2704 omnibus
845 2677 941 2717 pono.
971 2668 1076 2705 Talia
1100 2669 1179 2718 qui-

178 2713 258 2754 dem
274 2719 309 2754 in
331 2717 539 2756 recensione
558 2718 866 2756 sermocinationis
890 2720 1012 2757 omitti
1040 2718 1156 2756 solent
1170 2747 1179 2764 ,

176 2771 217 2800 ut
234 2766 320 2805 infra
341 2779 376 2805 n.
397 2781 427 2814 4
481 2770 624 2812 Etiam;
658 2770 806 2806 Minime
828 2784 838 2811 ;
870 2768 978 2816 Potest
1000 2797 1010 2812 ‚
1047 2770 1110 2807 ubi
1134 2770 1178 2807 ad

181 2809 307 2861 fingula
331 2819 495 2868 Respondi
517 2820 563 2859 est
584 2819 928 2868 subintelligendum.
970 2820 1026 2857 Sic
1049 2820 1127 2858 Lib.
1151 2820 1177 2858 Ι.

185 2859 286 2909 Epist.
305 2867 351 2903 V.
369 2880 402 2906 n.
425 2883 458 2918 9.
498 2870 778 2919 Evigilaveram.
809 2871 972 2909 Nuntius
995 2883 1018 2906 a
1036 2872 1178 2919 Spurin-

183 2923 251 2948 na:
281 2917 374 2953 Venio
403 2920 450 2956 ad
483 2931 522 2959 te.
578 2921 704 2959 Immo
742 2935 794 2971 ego
826 2922 875 2959 ad
895 2933 951 2959 te.-
981 2921 1028 2958 Et
1048 2923 1107 2959 vel
1134 2934 1178 2960 ex

184 2972 259 2997 uno
284 2964 454 3006 Cicerone
475 2971 664 3010 innumera
685 2973 764 3011 talia
788 2973 1074 3012 commemorari
1112 2984 1180 3022 po-

181 3019 306 3064 tem-sst-
350 3014 442 3055 Vide
472 3022 614 3061 interim
637 3051 648 3067 ‚
684 3036 777 3072 quae
798 3025 1007 3062 notavimus
1028 3022 1074 3061 ad
1097 3024 1178 3062 Lib.

181 3059 205 3096 3·
233 3061 337 3110 hs‘lst·
357 3063 465 3110 Vlll.
484 3081 518 3110 n.
537 3082 569 3120 7.
620 3073 869 3114 Nihilominus
882 3074 1090 3124 praestantia
1102 3076 1179 3115 Co-

1253 1970 1363 2007 etiam
1386 1979 1514 2009 notam
1537 1973 1614 2011 vini
1637 1971 1716 2011 effe.
1746 1973 1812 2011 CA
1828 1987 1851 2011 τ
1867 1987 1888 2010 Α
1904 1987 1940 2012 N.
1979 1981 2137 2022 Notam,
2164 1979 2185 2016 i.
2222 1979 2278 2017 di-

1252 2016 1496 2060 stimstionem.
1548 2024 1576 2061 B
1591 2035 1648 2060 AR
1666 2037 1688 2061 T
1705 2035 1739 2060 Η.
1787 2023 1850 2061 Ad
1869 2027 2050 2074 originem
2075 2029 2275 2067 vei-borum

1250 2066 1340 2107 haec
1361 2071 1558 2110 referenda.
1587 2078 1704 2110 Coena
1725 2085 1746 2110 a
1766 2074 1871 2115 κοινὸς
1894 2078 2088 2114 communis
2118 2078 2273 2128 adpella-

1251 2126 1330 2207 tCur:
1361 2126 1459 2160 Nota
1509 2123 1558 2162 est
1603 2123 1786 2163 cim-aeter
1810 2153 1821 2170 ‚
1868 2137 1946 2175 quo
1973 2126 2270 2167 discriminamus.

1290 2182 1428 2211 nitria.

1298 2248 1322 2283 4
1348 2238 1614 2287 (ῖοηνὶέὶονες.]
1666 2240 1935 2278 Convit‘torem
1968 2241 2190 2290 appellamus
2218 2242 2272 2279 fa-‘

1251 2287 1429 2374 miliaffim
1454 2291 1652 2328 convivam
1668 2317 1679 2334 ‚
1707 2291 1770 2339 qui
1791 2290 1957 2339 quotidie
1994 2293 2183 2331 nobiscum
2217 2294 2272 2340 vi:

1252 2344 1325 2373 vat.
1393 2347 1481 2376 orat.

1304 2441 1410 2473 Nunc
1437 2439 1521 2488 quia
1535 2439 1620 2488 sum
1643 2438 1708 2476 tibi
1730 2444 1912 2479 Mecoenas
1933 2443 2126 2482 conviator.

1253 2534 1507 2585 Tranquillus:
1537 2539 1618 2576 Fuit
1640 2539 1794 2579 Tiberius
1817 2540 1927 2580 nihilo
1946 2542 2054 2583 lenior
2076 2546 2117 2583 in
2147 2547 2269 2586 convil‘

1250 2587 1355 2624 Heres
1376 2587 1572 2626 Graeculos.
1602 2590 1755 2629 CATAN.
2261 2590 2271 2596 ⁶

1304 2667 1322 2702 ς
1352 2655 1427 2702 Qi
1439 2654 1520 2702 fieri
1534 2656 1666 2705 potest?
1694 2658 1823 2696 Potest.
1852 2661 1985 2711 Qia]
2017 2663 2187 2702 Alterum
2203 2665 2271 2703 Ροέ

1253 2703 1313 2749 test
1332 2705 1447 2755 scripti
1469 2708 1634 2746 nonnulli
1659 2711 1697 2747 &
1719 2711 1879 2757 impreffi
1903 2715 2090 2752 omittunt.
2131 2715 2173 2752 In
2196 2717 2270 2755 aliis

1254 2755 1362 2792 etiam
1385 2757 1459 2805 §Qui
1483 2757 1656 2796 resecatur
1671 2788 1681 2804 ,
1711 2762 1748 2798 &
1767 2760 1858 2798 haec
1882 2765 2007 2801 omnia
2039 2766 2268 2804 conneostun-

1251 2804 1338 2841 tur?
1367 2808 1513 2845 minime
1546 2806 1615 2845 fieri
1641 2810 1746 2859 potest
1764 2838 1775 2854 ‚
1836 2811 1895 2848 uia
1905 2813 2035 2862 scilicet
2058 2823 2124 2853 cet.
2177 2817 2269 2854 Duo

1253 2865 1457 2903 praeterea:
1486 2859 1609 2906 magni
1640 2860 1707 2898 tibi
1736 2873 1796 2897 con
1827 2872 1876 2900 at.
1915 2863 2114 2913 Vulgatam
2137 2893 2147 2911 ,
2175 2878 2270 2916 quae

1254 2908 1291 2994 {c
1312 2907 1473 2947 Medicei
1496 2908 1569 2954 est,
1597 2921 1674 2948 non
1704 2908 1774 2949 effe
1806 2911 2090 2962 sollicitandam,
2116 2927 2171 2954 res
2197 2917 2270 2965 ipsa

1280 2967 1374 2996 ocet.

1301 3027 1324 3061 6
1354 3031 1393 3061 In
1415 3027 1570 3065 ordinem
1593 3028 1819 3079 redigendo]
1847 3030 1947 3070 Vide
1978 3031 2079 3081 supra
2110 3033 2155 3072 ad
2187 3031 2271 3071 Lib:

1254 3075 1282 3113 Ι.
1304 3076 1411 3129 Epist.
1434 3078 1573 3119 XXIII.
1597 3091 1635 3169 i?
1658 3092 1687 3119 1.
1707 3081 1769 3120 ubi
1791 3083 1831 3122 in
1854 3083 2015 3125 ordinem
2036 3083 2136 3171 cogi.1
2169 3129 2269 3169 Alie:
