2616 3686
312 187 413 240 3⁷4

2472 0 2616 156 a

570 176 1090 229 e.1³1.1N11
1157 151 1674 232 emeretr
1743 185 2263 243 SECUN01

236 281 276 321 -9
318 252 332 274 ¹
357 255 529 310 xeniis
552 254 758 328 semper
788 255 1049 312 abstinui!
1091 254 1329 327 Oportet
1354 254 1577 328 quidem
1604 297 1621 324 ,
1657 273 1796 332 quae
1822 261 1941 317 sunt
1965 262 2271 325 inhonesta,
2319 268 2337 289 ²
2363 280 2475 322 non
2520 308 2536 313 -

321 328 464 397 quasi
493 329 672 383 illicita
697 369 713 394 ,
762 328 850 385 sed
876 329 1014 399 quasi
1043 328 1298 400 pudenda
1328 331 1524 384 vitare:
1559 330 1872 399 Jucundum
1898 348 2102 397 tamen,
2131 335 2164 389 fi
2190 335 2473 407 prohiberi

224 421 282 459 ιο
328 401 541 470 publice
575 402 756 456 videas
781 442 798 466 ‚
856 402 1011 476 quod
1047 419 1321 474 nunquam
1357 403 1452 455 tibi
1494 404 1600 474 ipse
1639 405 1957 475 permiseris,

325 474 497 527 immo
531 491 643 529 non
682 474 847 530 dubie
880 515 895 539 ‚
935 475 1088 546 hujus
1114 474 1375 545 proposui
1402 479 1510 529 mei
1537 475 1590 531 &
1619 477 1798 532 minor
1823 479 1963 542 lauS,
2003 478 2058 532 &
2086 479 2368 536 obscurior
2403 480 2510 537 fa-*

2034 405 2050 432 ³
2083 406 2203 461 Erit
2227 407 2470 472 forrass'e,

326 562 442 608 ma,
481 563 605 601 cum
645 564 835 602 omnes
874 565 943 603 ex
983 546 1299 602 necestitate
1330 547 1532 603 facient
1561 588 1577 613 ,
1625 551 1776 622 quod
1814 569 1920 623 ego
1955 551 2153 622 sponte!
2191 553 2475 614 faciebam.

326 615 551 674 Interim
575 621 728 675 fruor
757 622 1065 691 voluptate,
1104 636 1230 673 curn
1257 619 1341 673 alii
1370 619 1615 677 divinum
1644 640 1762 686 me,
1796 627 1881 679 alii
1907 623 2041 679 meis
2065 627 2290 698 rapiniS,
2327 642 2476 683 meae

327 692 576 748 avaritiae
601 711 619 737 ⁴
641 693 954 756 occursum,
993 713 1006 741 ε
1035 706 1132 763 per
1156 690 1347 746 ludum
1375 707 1436 745 ac
1455 693 1645 765 jocum
1669 694 1934 754 dictitant.
1971 695 2127 754 Vale.

330 1006 400 1043 ait:
429 1016 560 1042 munus
575 1001 732 1052 speciem.
757 1001 818 1040 Ex
838 1000 956 1042 verbis
980 1001 1105 1042 Taciti
1129 1001 1212 1041 Lib.
1235 1001 1363 1042 XVII.

320 1055 446 1102 colligi
481 1054 632 1104 potest,
672 1053 765 1103 quod
797 1054 963 1091 donemus
997 1053 1138 1101 nostra,
1164 1053 1364 1104 largiamur

321 1105 457 1144 aliena.
489 1107 521 1143 C
535 1119 555 1143 Α
573 1119 595 1144 T
611 1118 632 1141 A
650 1116 685 1142 Ν.

378 1171 394 1197 1
424 1155 583 1205 Xenii5.]
616 1156 838 1193 Amicorum
860 1156 965 1194 donis
980 1183 992 1200 ,
1017 1166 1111 1205 quae
1122 1156 1363 1195 mittebantur

324 1210 475 1251 amic?s‚
505 1211 543 1246 ὃς
565 1207 609 1244 ab
631 1209 764 1244 amicis.
793 1207 984 1245 Vitruvius
1007 1207 1088 1245 Lib.
1112 1206 1181 1244 Vl.
1232 1208 1365 1248 Graeci

322 1259 524 1309 hospitibus
559 1257 705 1307 postero
737 1257 795 1295 die
829 1259 1023 1296 mittebant
1060 1257 1179 1308 pullos
1203 1286 1215 1304 ,
1267 1271 1363 1311 msa,

325 1310 426 1348 olera
448 1339 459 1356 ‚
487 1322 599 1358 poma
620 1340 629 1357 ‚
659 1309 890 1359 reliquasque
912 1321 966 1348 res
990 1309 1141 1358 agrestes
1164 1337 1175 1355 ‚
1203 1309 1292 1349 ideo
1312 1314 1366 1361 pi-

323 1360 437 1401 stores
472 1372 515 1399 ea
537 1391 547 1407 ‚
588 1371 683 1412 quae
707 1361 967 1408 mittebantur,
997 1360 1144 1410 picturis
1179 1361 1367 1403 imitantes

324 1413 431 1451 xenia
465 1413 691 1462 appellarunt
715 1440 725 1456 ‚
764 1410 853 1458 ξένος
878 1415 981 1451 enim
1003 1413 1141 1450 amicus
1163 1414 1202 1451 &
1223 1413 1366 1464 hospes.

325 1464 451 1502 Surdas
488 1473 632 1502 tantum
671 1466 926 1512 interpretatur
970 1464 1116 1502 xenium
1145 1463 1289 1504 donum
1318 1467 1365 1504 ab

323 1517 450 1554 amlCiS
470 1515 595 1554 datum
612 1545 623 1561 ,
650 1515 754 1562 ξένιον
781 1543 791 1560 ,
819 1516 940 1565 ίῦφῖῑίῑ
963 1544 974 1560 ,
1002 1514 1103 1563 ἓῶξον
1126 1518 1234 1563 wago}
1259 1514 1365 1564 ξένοις

323 1563 511 1606 &salumn
539 1567 719 1617 Apulejus
741 1566 902 1606 secundo
924 1567 976 1606 sui
994 1565 1104 1605 afini:
1135 1567 1259 1605 Mittit
1276 1568 1368 1607 mihi

324 1617 516 1664 Byrrhena
542 1619 684 1657 xeniola
707 1647 718 1664 ‚
742 1626 886 1668 porcum
909 1619 1082 1668 optimum
1107 1646 1118 1663 ,
1145 1628 1191 1658 ω’
1212 1620 1367 1670 quinque

321 1668 547 1720 gallinulas,
576 1683 618 1710 (9·
640 1670 720 1707 vini
743 1671 873 1708 cadum
896 1671 934 1707 in
946 1669 1221 1721 aetatepreciofi.
1249 1671 1367 1710 IDEM.

378 1732 398 1758 2
432 1728 515 1759 Non
539 1721 640 1772 quasi
661 1720 815 1767 illicita,
842 1719 902 1759 sed
914 1720 1015 1772 quast
1024 1722 1189 1772 pudenda
1202 1722 1365 1772 vitare.]

324 1771 630 1822 Philosophicum
663 1771 773 1813 νόημσι
795 1801 805 1818 ,
854 1775 962 1821 quale
994 1773 1083 1811 illud
1118 1773 1301 1812 ICtorum
1330 1775 1369 1813 in

328 1823 642 1863 conventionibus
665 1851 675 1868 ,
714 1835 783 1859 non
813 1824 905 1872 quod
927 1823 1001 1862 licet
1022 1852 1032 1868 ‚
1064 1825 1128 1874 sed
1150 1826 1243 1874 quod
1263 1824 1370 1864 hone-

319 1873 423 1922 stum
454 1875 500 1923 est
524 1905 535 1921 ,
572 1875 826 1924 inspiciendum
857 1873 926 1922 leg.
947 1887 1006 1921 42.
1031 1875 1082 1913 D.
1106 1874 1151 1914 de
1173 1875 1244 1914 ritu
1266 1886 1369 1926 nupt.

328 1925 389 1964 Sic
417 1927 552 1965 Horat.
575 1925 685 1975 Epist.
707 1925 752 1963 ad
775 1925 929 1974 Quinct.
951 1925 1060 1966 XVI.

377 2030 544 2067 Oderunt
561 2038 700 2079 peccare
726 2027 830 2073 boni,
858 2028 1014 2066 virtutis
1034 2029 1180 2076 amore}

376 2084 430 2117 Tu
454 2080 546 2119 nihil
568 2082 740 2118 admittes
760 2080 799 2118 in
823 2090 855 2117 te
869 2080 1068 2127 formidine
1082 2091 1224 2132 poenae.

326 2181 429 2221 vide
455 2184 633 2222 Senecam
657 2182 766 2231 Epist.
789 2182 894 2219 XVI.
915 2194 963 2220 ne
985 2189 1023 2221 te
1045 2193 1171 2221 morer
1194 2183 1368 2232 pluribus.

279 2281 281 2284 ι
327 2233 484 2272 ΜιΝος.
515 2233 710 2272 Notiffima
734 2233 1108 2282 quidem-sententia,
1135 2233 1195 2272 sed
1213 2235 1272 2272 cui
1286 2247 1367 2274 ver-

327 2285 373 2322 ba
399 2297 476 2323 non
514 2285 593 2323 satis
633 2284 866 2338 respondent.
920 2285 997 2323 Cur
1029 2287 1127 2323 enim
1171 2284 1301 2323 illicita
1330 2290 1369 2327 ὃς

322 2337 493 2388 pudenda
517 2336 704 2386 opponit?
734 2347 819 2372 cum
844 2337 972 2373 omni-a
994 2336 1113 2374 illicita
1136 2334 1204 2375 sint
1226 2338 1389 2386 pudens

328 2389 375 2426 da
400 2417 410 2430 ‚
451 2390 489 2425 &
523 2389 594 2437 ipsa
619 2416 630 2432 ,
667 2399 763 2437 qnae
797 2387 877 2424 sunt
907 2386 1088 2433 inhonesta
1115 2415 1126 2432 ,
1152 2389 1261 2426 nimis
1283 2398 1369 2429 ante

329 2440 638 2478 contraherentur
661 2466 672 2482 ,
709 2437 736 2474 fi
770 2447 914 2476 tantum
948 2438 1121 2488 pudenda
1144 2468 1154 2484 ,
1182 2449 1223 2476 ut
1254 2441 1368 2489 vulgo

330 2493 505 2540 capiunt,
534 2489 733 2539 complecti
757 2490 943 2528 deberent.
983 2492 1112 2539 Quare
1135 2489 1369 2529 consideran-

330 2543 448 2586 dum,
476 2554 572 2580 anne
594 2541 727 2578 melior
757 2540 799 2578 sit
829 2540 999 2589 scriptura
1024 2542 1197 2580 Medicea
1227 2556 1236 2580 :
1265 2542 1369 2580 inho-

330 2592 449 2639 nesta,
479 2607 549 2630 non
568 2590 668 2643 quasi
688 2591 840 2636 illicita,
869 2604 947 2630 non
970 2592 1071 2642 quast
1091 2594 1259 2642 pudenda
1275 2623 1286 2640 ‚
1312 2595 1369 2633 vi-

331 2656 424 2683 tare.
453 2644 531 2694 Ipse
554 2654 681 2682 tamen
705 2645 889 2692 vulgatam
916 2644 1014 2681 reete
1027 2645 1158 2683 habere
1173 2673 1185 2690 ,
1208 2648 1340 2684 censeo
1355 2675 1367 2692 ,

331 2706 375 2735 ut
396 2695 521 2733 illicita
545 2695 636 2740 sint,
666 2706 759 2743 quae
782 2696 917 2744 legibus
940 2696 1203 2744 prohibentur;
1231 2698 1366 2745 puden-

331 2749 381 2785 da
416 2758 541 2786 autem
565 2777 575 2793 ,
614 2757 708 2796 quae
742 2757 819 2784 non
853 2745 1003 2796 quidem
1036 2748 1197 2796 legibus,
1223 2748 1367 2798 pudore

333 2806 459 2838 tamen
484 2800 634 2837 naturali
667 2797 812 2837 honesti
833 2799 900 2838 viri
923 2808 1150 2838 coercentur.
1189 2799 1248 2838 Sic
1272 2800 1368 2840 Ovi-

336 2849 414 2887 dius
433 2851 460 2886 1.
483 2849 571 2887 Fast.
592 2862 644 2889 vs.
665 2862 724 2898 ις.

390 2952 513 3034 Ρνῖζει.
534 2959 637 2989 metu
669 2953 835 3002 populum
865 2954 942 3004 fine
969 2957 1009 2995 vi
1036 2955 1158 3005 pudor
1183 2955 1248 3006 ipse
1273 2971 1370 3008 reg&

335 3101 425 3154 'eum
458 3111 536 3151 quo
567 3104 642 3144 iam
671 3104 776 3145 Plinii
802 3105 931 3144 locum
952 3110 1162 3164 composuit
1184 3112 1364 3153 Gruterus

2336 879 2477 938 XV.

1433 1004 1480 1042 ad
1514 1004 1615 1044 Livii
1650 1002 1734 1042 Lib.
1767 1001 1796 1040 Ι.
1825 1014 1903 1052 cap.
1935 1003 2039 1044 XXI.
2069 1007 2133 1046 ubi
2164 1007 2266 1058 plura
2308 1007 2356 1046 ad
2389 1019 2479 1048 rem.

1435 1055 1590 1094 Tacitus
1621 1054 1691 1093 111.
1728 1053 1829 1091 Ann.
1861 1065 1902 1091 ca
1931 1084 1939 1093 .
1968 1056 2110 1094 XXVI.
2164 1064 2283 1108 Neque
2314 1061 2476 1108 praemiis

1435 1116 1514 1156 opus
1544 1117 1623 1145 erat
1640 1135 1654 1163 η,
1693 1117 1772 1142 cum
1795 1068 1938 1152 honestet
1954 1107 2073 1156 suopte
2092 1107 2228 1156 ingenio
2250 1117 2452 1158 peterentur
2465 1126 2477 1154 ;

1435 1167 1479 1196 cy·
1512 1158 1572 1197 ubi
1607 1156 1700 1196 mhil
1735 1165 1863 1193 contra
1898 1169 2045 1195 morem
2075 1167 2236 1208 cuperent
2259 1187 2270 1202 ,
2297 1159 2386 1197 nihil
2414 1174 2478 1211 per

1436 1216 1582 1247 metum
1607 1207 1846 1247 vetabamur.
1874 1212 1932 1244 At
1949 1207 2133 1258 postquam
2155 1209 2238 1247 exui
2250 1210 2451 1266 aequalitas
2466 1241 2477 1258 ,

1435 1258 2481 1360 22.*3“2.¹{3⁰li,¹}3².d².5..333515‘2352'552‘351z'issai'i‘s‘ssit

1431 1362 1496 1410 sed
1528 1361 1630 1412 quasi
1661 1359 1818 1402 iubenda
1851 1361 1974 1399 vitare
1998 1389 2008 1406 ,
2038 1361 2142 1412 quod
2176 1360 2323 1401 fortaffe
2354 1374 2480 1401 corru-

1440 1422 1546 1461 ptum
1570 1413 1619 1452 est
1642 1426 1687 1451 ex
1711 1425 1759 1452 eo
1782 1440 1793 1458 ,
1821 1412 1926 1463 quod
1950 1413 2080 1451 Oxon.
2102 1412 2185 1451 sistit
2207 1425 2216 1450 ;
2255 1412 2358 1464 quast
2385 1415 2479 1455 inhi-

1441 1463 1561 1503 benda
1583 1465 1716 1503 vitare.
1748 1465 1902 1503 Con-ris.

1494 1529 1512 1567 3
1544 1515 1622 1555 Erit
1635 1514 1824 1564 fortaffe.]
1855 1514 2002 1553 Exsulat
2022 1514 2101 1552 Erit
2130 1516 2175 1554 ab
2196 1515 2401 1563 Mediceo,
2430 1517 2479 1558 ob

1441 1565 1717 1607 similitudinem
1738 1565 1951 1614 syllabarum
1967 1596 1978 1612 ‚
2006 1577 2102 1616 quae
2123 1566 2398 1617 praecefferant.

1491 1631 1515 1666 4
1542 1617 1768 1668 Occursum]
1799 1617 1903 1666 Lege
1923 1617 2114 1669 provisum.
2143 1619 2211 1657 C».
2227 1631 2337 1658 τΑΝ.

1494 1683 1514 1719 ς
1545 1676 1612 1709 Per
1632 1669 1799 1720 ludum]
1829 1672 2018 1719 Acceptum
2042 1668 2182 1708 addunt
2207 1699 2218 1716 ‚
2244 1670 2282 1708 id
2304 1669 2378 1716 est,
2399 1672 2480 1722 jod
2516 1659 2520 1661 ”

1440 1721 1543 1760 causa
1558 1750 1569 1766 ‚
1598 1722 1704 1773 quod
1727 1733 1797 1772 pro
1819 1719 1903 1759 ludo
1925 1721 2121 1770 accipitur:
2151 1721 2199 1759 fic
2211 1723 2312 1760 enim
2326 1734 2476 1763 mecum

1439 1773 1613 1821 jocantur
1646 1775 1756 1812 amici
1781 1801 1791 1818 ,
1831 1783 1918 1810 cum
1941 1773 2063 1811 norint
2084 1784 2148 1811 me
2170 1783 2190 1809 a
2217 1774 2351 1824 rapinis
2374 1775 2478 1814 absti-

1441 1825 1692 1863 nentissimum
1717 1854 1727 1870 ‚
1766 1826 1803 1863 ὃς
1827 1823 2023 1872 integrum.
2047 1823 2092 1861 ad
2115 1823 2215 1862 idem
2237 1824 2355 1863 tendit
2377 1823 2402 1861 fi
2424 1826 2476 1866 le-

1439 1885 1499 1923 gas
1518 1885 1577 1926 per
1600 1875 1727 1913 ludum
1749 1888 1791 1913 ac
1806 1875 1924 1923 jocum
1954 1875 2137 1912 dictitant.
2176 1875 2294 1914 IDEM.
2322 1881 2389 1913 Per
2421 1876 2477 1916 lu-

1440 1926 1528 1964 dum
1549 1940 1588 1964 ac
1604 1927 1761 1978 jocum]
1791 1927 1865 1965 Pal.
1890 1927 1928 1964 δί
1951 1925 2043 1964 Edd.
2065 1927 2168 1964 Vett.
2185 1936 2246 1975 per
2265 1927 2394 1965 ludum
2415 1941 2474 1966 ac-

1438 1985 1572 2027 ceptum
1596 1979 1771 2018 diffritant
1794 2008 1803 2024 ‚
1831 1985 1873 2015 ut
1896 1977 2039 2016 videtur
2059 1977 2146 2015 illud
2167 1989 2341 2027 acceptum
2366 2007 2377 2024 ,
2405 1979 2475 2021 effe

1442 2040 1487 2066 ex
1520 2029 1631 2079 gloffa
1654 2058 1666 2076 ,
1703 2038 1744 2068 ut
1777 2031 1815 2068 ὅ(
1847 2029 2002 2067 alterum
2032 2040 2071 2065 ac
2102 2028 2215 2066 iocum
2239 2057 2251 2074 ‚
2290 2028 2356 2068 nisi
2379 2030 2473 2070 forte

1440 2082 1550 2118 etiam
1575 2081 1661 2120 inde
1681 2081 1887 2119 manaverit
1905 2090 1963 2130 per
1985 2079 2124 2116 ludum.
2153 2079 2344 2119 Gauri-az.
2373 2082 2474 2121 Con·

1439 2133 1588 2171 trarium
1611 2133 1804 2171 sentientes
1828 2162 1837 2178 ,
1868 2134 1907 2170 &
1929 2131 2019 2170 illius
2037 2131 2233 2178 integritati
2255 2133 2375 2172 amice
2396 2133 2472 2172 illu·
2503 2129 2509 2136 ’

1440 2181 1576 2221 dentes.
1607 2184 1763 2223 BARTH.
1793 2184 1970 2221 Gruterus
1992 2210 2001 2226 ,
2040 2183 2127 2232 quia
2149 2182 2187 2220 in
2208 2183 2319 2221 Palat.
2341 2179 2470 2232 reperit

1434 2241 1496 2280 per
1518 2234 1646 2271 ludum
1668 2243 1863 2283 acceptum
1885 2232 2057 2271 meritant
2072 2260 2083 2278 ‚
2111 2232 2215 2282 quod
2238 2237 2277 2273 &
2298 2235 2470 2284 apudnos

1439 2284 1527 2324 boni
1561 2286 1654 2324 illius
1687 2286 1773 2324 socii
1807 2287 1936 2323 Oxon.
1970 2283 2123 2321 Helmst.
2159 2286 2197 2322 &
2221 2285 2331 2324 Arnz.
2355 2285 2470 2324 osten-

1436 2342 1552 2382 tant,
1577 2338 1704 2374 omnia
1735 2336 1886 2375 tandem
1920 2343 1961 2374 ut
1992 2336 2164 2384 irreptitia
2195 2335 2358 2375 damnat.
2401 2336 2471 2376 Sed

1439 2386 1639 2426 sententiae
1671 2387 1777 2426 simul
1806 2389 2011 2425 maximam
2044 2388 2082 2424 &
2105 2387 2367 2425 intolerabilem
2391 2388 2466 2424 vim

1440 2437 1577 2483 infert',
1604 2439 1798 2489 ipsumque
1818 2439 1980 2477 Plinium
2001 2437 2256 2486 impudentem
2270 2438 2463 2492 &avarum

1442 2489 1538 2528 facit.
1567 2490 1704 2528 Testor
1725 2492 1849 2540 itaque
1872 2492 1910 2528 in
1930 2488 2107 2527 Mediceo
2130 2488 2254 2526 diserte
2272 2487 2340 2532 legi
2362 2497 2372 2520 :
2399 2491 2463 2537 Pe?

1438 2539 1565 2578 ludum
1586 2553 1625 2578 ac
1647 2541 1760 2580 iocum
1776 2570 1789 2587 ‚
1815 2542 1837 2579 i.
1859 2541 2021 2579 iocantes
2043 2540 2150 2577 amici
2183 2536 2352 2587 dictitant.
2400 2530 2463 2568 Cl-

1442 2603 1528 2630 cero
1551 2592 1634 2630 Lib.
1662 2592 1690 2630 1.
1711 2594 1748 2631 in
1770 2593 1875 2630 Verr.
1895 2603 1972 2641 cap.
1995 2590 2077 2627 LX.
2102 2594 2233 2639 Pancof
2249 2581 2472 2637 h0m¹3²e55L

1442 2645 1624 2692 Opimium
1648 2655 1712 2693 per
1731 2645 1862 2681 ludum
1887 2644 1926 2680 ὃ(
1947 2644 2071 2680 iocum
2085 2639 2243 2684 fortunus
2253 2630 2413 2668 ommhus
2430 2646 2462 2668 e-

1439 2696 1590 2744 vertiffe.
1646 2696 1795 2745 Saepius
1827 2696 1918 2732 haec
1950 2689 2216 2741 coniunguntur
2247 2680 2343 2737 apud
2369 2681 2463 2720 Tul-

1439 2747 1553 2792 lium,
1582 2747 1761 2791 Livium,
1792 2742 1995 2782 Martialem
2023 2764 2034 2780 2
2062 2737 2172 2776 21103,
2199 2739 2239 2770 Ut
2262 2742 2332 2769 lam
2358 2743 2463 2770 nota-

1439 2807 1523 2836 runt
1554 2800 1768 2847 interpretes
1800 2791 1969 2834 Terentii
2002 2785 2047 2824 ad
2083 2782 2251 2823 Eunuch·
2288 2784 2374 2823 Λὲὶ-
2413 2784 2464 2825 11·

1441 2851 1496 2890 Sc.
1521 2849 1592 2889 111.
1612 2859 1666 2887 vs.
1699 2848 1733 2886 8.

1491 2973 1561 2983 —
1612 2970 1682 2981 —-
1733 2945 1861 2985 ludum
1883 2943 2085 2989 iocumque
2106 2937 2194 2975 dices

1490 3003 1598 3052 Fmffe
1617 2999 1722 3037 illum
1741 2995 1904 3032 alterum.

1441 3105 1480 3144 ὅτ.
1501 3099 1744 3152 proverbium
1766 3094 1913 3144 sapere,
1939 3093 2190 3135 observavitP·
2205 3092 2459 3184 Μαῃιισίυὲὶαέ
