2616 3686
371 254 376 268 ,
525 212 877 282 EIBER-
938 210 1665 266 ΠΛΕΡιε-τοιΑ
1732 218 1908 269 xxii.
2178 243 2262 296 303

149 299 321 358 minus
354 283 590 350 fortiter.
672 283 955 342 Coenabat
992 283 1173 338 Nerva
1209 301 1335 340 cum
1374 288 1594 357 paucis:
1638 285 1650 307 ¹
1692 288 1926 358 Vejento
1951 297 2259 367 proximum

149 372 308 442 atque
333 365 494 420 etiam
521 363 577 417 in
605 359 715 431 sinu
742 356 1111 414 recumbebat.
1189 355 1320 413 Dixi
1344 361 1552 424 omnia,
1591 377 1759 432 quum
1785 362 2060 420 hominem
2085 372 2259 425 nomi-

147 440 282 499 navi.
358 436 550 494 Incidit
587 435 763 489 sermo
795 431 864 491 de
889 434 906 453 ²
933 428 1150 485 Catullo
1177 429 1480 487 Messallino
1502 471 1520 496 ‚
1557 435 1651 505 qui
1692 433 1978 490 luminibus
2004 442 2018 468 ³
2043 455 2228 511 captus
2245 480 2262 507 ,

147 512 368 583 ingenio
381 511 536 567 saevo
562 507 698 562 mala
726 506 994 559 caecitatis
1021 503 1320 560 addiderat.
1398 505 1524 560 Non
1553 505 1842 562 verebatur
1871 544 1887 570 ,
1927 526 2038 563 non
2067 513 2264 569 erube-

145 573 317 644 scebat
333 626 351 653 ‚
389 600 498 641 non
521 577 874 637 miserebatur.
949 577 969 604 ⁴
991 574 1122 649 Quo
1148 577 1350 651 saepius
1374 597 1403 634 a
1432 577 1754 636 Domitiano
1779 597 1891 636 non
1917 579 2066 638 secus
2091 602 2152 638 ac
2180 600 2261 640 te·-

141 808 281 840 tantum
295 799 391 848 fhrte
407 795 543 835 habent
562 822 574 840 ,
598 790 709 849 idque
732 801 818 829 cum
840 789 1068 849 sequentibus
1080 793 1161 832 iun-

140 861 242 900 gunt.
264 853 402 891 Ortum
424 847 496 885 hoc
516 857 566 884 ex
589 849 681 880 vitio
695 870 705 886 ,
731 841 837 892 quod
857 849 973 891 aperit
995 843 1160 883 Rxceard.

141 903 181 940 in
196 912 271 952 quo
294 900 445 948 legitur:
472 909 542 934 non
563 895 679 932 minus
691 894 800 941 forte.

193 964 209 990 1
241 947 414 1000 Vejento.]
443 947 621 985 Fabricius
648 945 785 994 Vejento
809 943 962 982 Senator
981 973 992 989 ,
1021 945 1159 986 Domi-

140 1003 225 1042 tiani
246 1000 471 1050 temporibus
493 1028 504 1044 ‚
541 998 706 1036 adulator
727 997 766 1034 &
798 993 1005 1033 delatorum
1029 995 1160 1035 defen-

137 1053 216 1092 sor:
243 1051 452 1090 testimonio
468 1059 595 1089 tamen
615 1049 747 1095 Juven.
767 1045 926 1095 prudens
953 1075 964 1092 ‚
991 1048 1095 1097 quod
1121 1060 1159 1087 a-

135 1101 295 1141 dulando
318 1103 468 1140 evitaret
488 1100 659 1149 Tyranni
679 1097 940 1136 crudelitatem.
985 1099 1058 1137 Sub
1081 1099 1159 1138 Ne-

135 1164 225 1191 rone
255 1164 275 1190 a
308 1150 422 1190 Talio
453 1151 630 1190 Geminio
661 1149 844 1188 accusatus
866 1177 878 1194 ‚
913 1148 1016 1199 quod
1044 1152 1159 1191 multa

134 1204 303 1254 probrosa
322 1205 358 1242 in
379 1211 497 1252 patres
520 1205 558 1241 δί
579 1199 780 1241 sacerdotes
805 1199 1070 1248 composuisset.
1098 1208 1160 1241 Ve-

126 1255 280 1304 jentonis
313 1265 407 1292 uxor
439 1253 507 1292 fuit
538 1253 660 1304 Hippia
684 1281 695 1298 ,
719 1263 815 1302 quae
834 1250 970 1308 relictis.
987 1254 1159 1293 omnibus

127 1305 194 1344 suis
227 1307 390 1354 Sergium
424 1303 678 1342 Gladiatorem
717 1302 921 1341 moechum
961 1313 1001 1340 in
1029 1303 1159 1355 Aegy-

133 1363 238 1406 ptum
260 1358 374 1407 usque
395 1355 514 1393 secuta
536 1356 595 1393 est.
625 1356 657 1393 C
672 1368 693 1392 A
709 1369 731 1392 τ
748 1368 767 1391 Α
784 1366 821 1392 N.

181 1419 202 1444 2
233 1406 377 1445 Catullo
413 1405 656 1456 Messalino]
688 1405 720 1443 Is
744 1407 898 1443 Senator
919 1404 1159 1447 delationibus

129 1458 268 1506 pollens
282 1486 293 1502 ,
319 1467 389 1494 nec
411 1460 531 1495 minus
553 1456 762 1494 adulatione
795 1456 1014 1494 Domitiano
1047 1470 1159 1498 carus.

129 1508 242 1547 Unde
272 1509 447 1545 nimirum
479 1506 652 1556 utrosque
684 1507 878 1553 conjunxit
911 1506 1041 1551 Juven.
1087 1511 1159 1548 Sat,

128 1557 200 1596 IV.
222 1570 374 1596 caecum
398 1556 587 1593 Catullum
613 1555 872 1593 demonstrans.
920 1556 994 1593 Hic
1018 1559 1158 1607 Libyae

129 1608 251 1648 refior
283 1609 343 1646 sub
355 1607 578 1656 Vespasiano
603 1609 640 1645 ὃς
653 1605 748 1644 Tito
761 1604 874 1642 multa
887 1605 1041 1644 crudelia
1054 1619 1161 1648 com-->

2175 659 2255 723 la,

1229 804 1276 831 ex
1301 792 1461 841 Optimo
1492 792 1531 830 &
1555 792 1758 832 Lindenbr.
1791 792 1988 834 luminibus
2021 803 2152 848 captus.
2205 796 2262 837 Sic

1231 843 1404 892 Virgilius
1428 843 1457 881 Ι.
1481 843 1622 892 Georg.
1645 854 1697 882 vs.
1723 845 1805 895 183.

1283 962 1368 997 Aut
1391 959 1506 998 oculis
1529 960 1624 1009 capti
1639 959 1761 1008 fodere
1783 958 1909 997 cubilia
1931 958 2060 1009 talpae.

1230 1072 1335 1123 quod
1366 1073 1471 1112 oculis
1504 1073 1631 1112 debiles
1662 1074 1816 1122 exponit
1849 1072 1995 1110 Servius
2015 1099 2030 1117 ,
2062 1081 2132 1111 nec
2157 1076 2263 1117 'aliter

1233 1124 1380 1162 Nonius
1413 1137 1491 1174 cap.
1523 1125 1593 1162 JV.
1625 1136 1660 1161 n.
1684 1124 1743 1170 4⁴8.
1765 1124 1829 1161 ubi
1848 1122 2064 1161 Mercerum
2088 1126 2260 1166 consulas.

1232 1175 1316 1213 Nec
1344 1177 1445 1214 aliter
1481 1175 1691 1214 Aristoteles
1726 1175 1808 1212 Lib.
1833 1173 1901 1211 IV.
1923 1172 2014 1212 Hist.
2037 1174 2164 1213 Anim.
2183 1188 2261 1228 cap.

1233 1225 1341 1266 VIII.
1368 1228 1430 1266 De
1451 1227 1579 1278 Appio
1603 1226 1730 1265 Caeco
1753 1224 1913 1264 Ovldius
1936 1223 2105 1275 VInFast·
2117 1238 2167 1266 vs.
2180 1239 2264 1277 204.

1283 1357 1355 1371 —-
1405 1359 1467 1371 —
1517 1340 1659 1380 lumine
1679 1348 1803 1391 captus
1823 1351 1914 1380 erat.

1232 1452 1287 1490 Ita
1325 1455 1454 1493 Livius
1486 1455 1569 1494 Lib.
1600 1454 1648 1492 ΙΙ.
1683 1455 1722 1493 8<
1756 1456 1923 1493 Cicero:
1951 1463 2072 1504 captus
2098 1457 2263 1496 omnibus

1232 1504 1396 1543 membris
1420 1533 1433 1550 ‚
1471 1508 1509 1544 &
1543 1505 1722 1543 Sallustius
1752 1506 1849 1555 apud
1884 1504 2128 1549 Arufianutn.
2155 1517 2196 1546 ut
2223 1510 2264 1548 δε

1233 1555 1361 1593 Livius
1399 1557 1479 1595 Lib.
1528 1555 1670 1595 XLIII.
1709 1568 1786 1607 cap.
1824 1556 1912 1593 VII.
1951 1567 2072 1605 captus
2105 1558 2263 1607 pedibus.

1234 1605 1344 1643 Adde
1376 1607 1554 1646 Raevard.
1589 1608 1762 1646 Conieet.
1797 1607 1878 1647 Lib.
1914 1607 1983 1645 111.
2010 1618 2088 1656 cap.
2116 1608 2262 1648 XVIII.
2290 1633 2293 1635 >

128 1660 244 1698 milit:
278 1658 340 1697 sed
362 1669 493 1695 eorum
515 1658 708 1695 clementia
727 1657 895 1706 quamvis
919 1656 1158 1706 deprehensus
1235 1656 1389 1695 Coun-2.

126 1721 291 1759 poenam
317 1709 431 1757 fugit,
458 1720 535 1745 non
554 1708 673 1745 multo
695 1707 773 1757 post
803 1708 989 1755 multiplici
1021 1711 1155 1749 morbo

1281 1719 1305 1753 4
1331 1707 1465 1758 saepius
1487 1721 1509 1744 a
1531 1709 1742 1748 Domitiano
1757 1738 1768 1755 ‚
1794 1717 1866 1748 erc.
1889 1707 1906 1758 ]
1944 1709 2126 1748 Palatinus
2156 1721 2264 1759 prae·

129 1762 169 1798 &
198 1761 380 1798 insanabili
414 1769 599 1808 correptus
623 1758 840 1797 acerbiffime
855 1786 866 1802 ,
893 1769 971 1795 non
994 1764 1155 1809 corporis
1231 1758 1343 1797 mittit
1365 1759 1540 1797 voculam
1558 1772 1649 1809 quo,
1687 1762 1788 1801 ut&
1812 1760 2100 1800 Mediolanenfis
2124 1761 2264 1808 editio,

128 1818 272 1849 tanturn
295 1813 472 1849 cruciatus
493 1809 692 1848 sustinebat.
745 1810 843 1847 Nam
867 1816 941 1846 erat
962 1808 1009 1846 illi
1033 1813 1155 1860 major
1231 1807 1296 1846 alia
1328 1821 1420 1848 vero
1451 1838 1460 1854 ‚
1496 1810 1558 1849 sed
1587 1809 1663 1849 fine
1687 1813 1845 1849 nomine
1866 1811 1940 1850 loci
1963 1839 1973 1856 ,
2001 1813 2103 1861 quod.
2158 1813 2200 1852 Id
2237 1813 2265 1852 fi

132 1863 245 1899 animi
279 1862 429 1899 morbus
462 1862 499 1899 δε
532 1862 700 1908 gravior,
725 1859 917 1898 terroribus
939 1863 1154 1908 expavesce-

130 1909 191 1947 bat
220 1938 230 1954 ,
270 1913 309 1948 ὃ(
339 1913 464 1949 crebro
497 1910 646 1948 videbat
677 1910 736 1948 fibi
760 1910 924 1948 instantes
947 1912 1151 1953 occisorum

128 1971 279 1999 manes:
309 1972 420 2009 quare
454 1962 659 1999 exclamans
682 1989 694 2007 ‚
723 1973 807 1998 cum
857 1963 1034 2001 contineri
1074 1976 1151 2004 non

126 2009 265 2057 posset,
295 2011 459 2049 exiliebat
481 2011 590 2050 stratis
612 2021 786 2062 tanquam
809 2014 1002 2057 tormentis
1025 2012 1088 2052 fibi
1111 2018 1151 2056 ὃς

128 2057 285 2099 flammis
318 2061 479 2100 adhibitis
504 2075 512 2099 ε
551 2074 629 2112 quo
651 2064 763 2110 magis
783 2063 1022 2103 invalescente
1050 2068 1150 2105 malo

123 2112 290 2160 extisque
312 2111 573 2158 defluentibus,
598 2113 822 2152 acintestinis
833 2114 1034 2160 exhaustis,
1065 2128 1149 2156 rno-

123 2159 220 2197 ritur.
253 2163 363 2199 Hunc
382 2165 487 2212 igitur
509 2166 548 2202 &
570 2164 787 2202 crudelitatis
803 2165 940 2203 indicio
954 2194 965 2210 ‚
994 2168 1032 2205 &
1046 2170 1150 2217 quod

120 2208 183 2247 sub
214 2212 434 2251 Domitiano
467 2214 663 2264 plurimum
698 2217 817 2264 potuit
845 2243 856 2260 ,
882 2216 1021 2254 luscum
1038 2246 1049 2262 ,
1077 2230 1148 2258 nec

122 2262 267 2308 penitus
301 2266 563 2304 caecutientem
587 2294 598 2310 ,
628 2266 807 2312 Iuvenalis
840 2268 1147 2314 repraesentatum

119 2311 159 2350 in
180 2313 368 2359 tragoedia
390 2327 409 2352 a
433 2315 660 2366 Damasippo
687 2345 699 2362 ,
725 2318 827 2366 cujus
847 2317 980 2356 natales
1004 2317 1150 2359 fuerant

121 2360 231 2406 clari,
259 2374 355 2402 taxat
379 2367 447 2404 Sat.
465 2366 573 2403 VIII.
613 2368 764 2405 Carsu.
808 2373 858 2404 De
881 2368 1027 2404 Catullo
1055 2375 1150 2408 Mes-

113 2409 244 2461 sallino
269 2415 318 2452 est
342 2418 377 2453 in
402 2417 575 2455 Mediceo
593 2446 603 2462 ‚
633 2416 787 2456 Hel-nst.
811 2420 850 2456 ὃ(
874 2417 942 2456 Ed.
975 2419 1062 2456 Vct.
1096 2421 1150 2458 At
1186 2451 1189 2469 ,

122 2460 222 2501 vofl.
246 2466 285 2503 ὃς
310 2466 421 2504 Arnz.
445 2469 485 2504 de
508 2467 640 2506 Catulo
662 2495 672 2512 ,
700 2476 739 2505 ut
763 2468 940 2506 Aldus&
964 2469 1151 2516 Gryphius

126 2511 322 2552 ediderunt.
356 2529 557 2566 perperam.
595 2518 694 2556 Vide
729 2518 891 2556 luvenal.
914 2519 982 2556 Sat.
1008 2519 1077 2556 IV.
1101 2531 1149 2558 vs.

128 2571 205 2614 113.
235 2565 432 2605 Lindenbr.
454 2578 595 2606 tantum
619 2570 659 2606 de
688 2569 877 2618 Meffallino
903 2597 913 2613 ‚
953 2571 990 2606 ὃ(
1013 2569 1059 2608 sic
1094 2571 1151 2609 O-

129 2614 326 2661 x'oniensis,
356 2627 466 2667 atque
490 2620 643 2657 Tacitus
670 2620 787 2668 Agric.
812 2631 891 2667 cap.
917 2619 1038 2658 XLV.

179 2674 198 2713 3
225 2667 387 2707 Orbatus.
416 2670 429 2716 j
471 2675 604 2717 Captus
628 2670 692 2708 alii.
733 2670 813 2707 Fuit
836 2672 872 2707 in
893 2670 1047 2708 secunda
1071 2672 1150 2711 scri-

133 2718 230 2759 ptura
249 2716 359 2766 luscus
373 2737 387 2756 ,ι
416 2720 733 2759 &caecutientem
749 2731 840 2770 puto
854 2750 864 2765 ,
893 2733 970 2758 non
991 2724 1148 2762 omnino

138 2770 278 2805 etheum
298 2780 309 2804 ·.
337 2778 376 2807 ut
399 2770 583 2808 Secundus
607 2772 645 2808 ὃ(
670 2772 856 2818 juvenalis
877 2799 887 2814 ‚
915 2773 1045 2810 vitium
1067 2785 1148 2811 cor-

140 2814 232 2857 Poris
249 2816 284 2853 in
301 2822 416 2869 majus
438 2821 653 2859 extollentes
677 2851 686 2867 ,
716 2822 760 2860 ad
781 2823 947 2860 animum
973 2822 1146 2865 referunt.
1184 2831 1185 2837 ¹

141 2860 312 2907 Quamvis
341 2879 466 2909 caecus
495 2883 560 2920 pro
594 2873 876 2922 alio-postulare
908 2885 985 2910 non
1019 2875 1145 2923 poffit:

142 2917 262 2966 vimen
278 2914 316 2952 8(
336 2918 560 2960 Senatorium
584 2923 752 2961 ordinem
774 2926 902 2963 retinet
927 2925 964 2961 &
982 2925 1146 2972 jsdican-

144 2958 180 3015 di
202 2959 319 3000 officio
339 2965 489 3018 fungitur
514 3001 523 3016 ,
551 2975 588 3012 ὃς
611 2974 856 3023 magistratum
878 2983 1069 3023 acceptum
1093 2988 1146 3015 re-

142 3017 256 3055 tinet,
283 3010 338 3049 sed
359 3027 492 3058 novum
515 3023 663 3072 aspirare
695 3026 932 3074 prohibetur..
956 3026 1145 3075 Ulpianus.

143 3059 295 3096 ΕἈΤΑΝ·
320 3063 460 3116 Durum
483 3075 635 3111 omnino
656 3075 849 3114 luminibus
873 3075 1018 3114 orbatus
1044 3106 1054 3121 ,
1082 3090 1146 3117 ne-

140 3120 213 3160 qu?
244 3111 378 3153 mellus
408 3116 597 3163 Helmstad.
628 3124 820 3166 luminibus
841 3127 955 3168 orbus.
983 3128 1144 3178 Reposui

1228 1857 1454 1899 admittimus
1474 1889 1484 1906 ‚
1520 1861 1664 1900 necesse
1695 1862 1805 1900 fuerit
1826 1861 1874 1899 fic
1896 1864 2023 1901 omnia
2045 1863 2266 1912 distinguan-

1227 1916 1318 1948 tur:
1368 1913 1428 1961 qui
1460 1912 1652 1950 luminibus
1684 1913 1830 1952 orbatus
1860 1913 1995 1963 ingenio
2018 1914 2128 1963 saevo
2163 1915 2264 1952 mala

1210 1962 1403 2000 .caecitatis
1437 1964 1632 2001 addiderat
1667 1965 1765 2011 (non
1799 1964 1990 2003 verebatur
2015 1994 2026 2012 ,
2054 1979 2123 2004 non
2142 1966 2264 2005 erube-

1217 2011 1361 2061 scebat,
1388 2026 1459 2051 non
1493 2014 1757 2062 miserabatur)
1790 2017 1883 2065 quod
1904 2017 2042 2067 saepius
2075 2030 2098 2053 a
2138 2019 2263 2056 Domi-

1226 2063 1325 2102 tiano
1349 2093 1360 2107 ‚
1378 2077 1448 2104 cuc.
1471 2065 1532 2103 sed
1553 2067 1651 2103 enim
1674 2079 1721 2104 ne
1744 2066 1832 2117 quid
1858 2066 2078 2106 diffimulem
2108 2097 2118 2113 ‚
2146 2068 2260 2109 iidem

1223 2113 1302 2153 libri
1335 2116 1471 2154 habent
1501 2115 1748 2167 contorquebat
1775 2146 1786 2162 ,
1836 2129 1914 2155 non
1953 2119 2261 2169 contorquebatur.

1226 2165 1416 2206 Gaurnn.
1445 2167 1562 2204 Notat
1585 2168 1790 2213 Gruterus,
1815 2168 1923 2206 libros
1934 2176 2077 2207 veteres
2087 2170 2260 2218 hicprae-

1225 2217 1369 2255 mittere
1391 2231 1456 2268 quo
1481 2219 1542 2256 vel
1564 2219 1657 2268 quod
1679 2247 1690 2263 ‚
1726 2227 1906 2268 putatque
1940 2220 2137 2256 cohaerere
2170 2231 2256 2258 cum

1224 2263 1464 2314 superioribus
1488 2296 1499 2312 ,
1538 2270 1577 2306 ὅ(
1600 2269 1685 2305 ideo
1707 2271 1818 2306 verba
1843 2281 1913 2304 non
1933 2268 2125 2305 verebatur
2148 2297 2159 2312 ,
2186 2283 2255 2307 non

1223 2317 1440 2366 erubescebat
1464 2346 1474 2362 ‚
1501 2331 1570 2355 non
1593 2317 1821 2367 miserebatur
1844 2347 1855 2363 ‚
1882 2318 2100 2355 includenda
2122 2319 2258 2359 Paren-

1225 2366 1324 2404 thesi.
1353 2368 1509 2405 Mallem
1534 2370 1572 2406 &
1595 2379 1666 2416 ego
1689 2369 1845 2406 retinere
1864 2369 1957 2418 quod
1971 2396 1982 2412 ,
2008 2368 2068 2407 sed
2102 2372 2258 2409 coniun-

1224 2426 1311 2463 gere
1334 2429 1419 2455 cum
1442 2420 1496 2456 his
1520 2420 1635 2456 verbis
1656 2447 1666 2461 ‚
1696 2426 1736 2454 ut
1760 2418 1801 2456 fit
1823 2418 2025 2464 sententia,
2048 2430 2128 2458 non
2143 2427 2257 2461 *vere-

1227 2466 1355 2512 batur,
1382 2480 1459 2506 non
1483 2469 1737 2513 erubescebat,
1767 2470 1921 2507 obhanc
1934 2469 2258 2519 caussam,quo'dse

1226 2516 1327 2555 sciret
1356 2520 1530 2568 Principis
1565 2519 1770 2557 Domitiani
1799 2523 1846 2558 ita
1881 2520 2256 2570 exsequi-mandata,

1226 2569 1328 2616 quod
1350 2571 1564 2618 intelligeret
1589 2598 1599 2614 ,
1638 2571 1672 2609 se
1695 2581 1715 2607 a
1733 2570 1958 2609 Domitiano
1979 2573 2136 2621 usurpari
2168 2575 2256 2612 loco

1225 2619 1286 2656 teli
1311 2622 1417 2659 caeci.
1448 2623 1665 2659 SCHEFFER.
1694 2622 1889 2669 Perperam
1915 2624 1953 2660 ὅ(
1978 2623 2157 2662 Gruterus
2178 2654 2187 2669 ,
2217 2627 2256 2664 δε

1226 2669 1428 2709 Schefferus
1459 2701 1468 2716 ,
1505 2673 1589 2720 quia
1624 2683 1749 2710 veram
1782 2673 1983 2711 lectionem
2009 2675 2253 2714 deseruerunt.

1224 2721 1460 2760 Scribendum
1486 2721 1559 2759 fine
1583 2722 1830 2761 controversia
1855 2735 1902 2760 ex
1923 2724 2098 2763 Mediceo
2123 2755 2132 2769 ‚
2163 2727 2254 2764 Lin-

1224 2769 1346 2809 denbr.
1366 2772 1469 2810 Voff.
1494 2775 1532 2811 ὃς
1554 2773 1708 2811 Helmst.
1737 2775 1829 2821 Quo
1843 2775 1978 2824 saepius
2001 2788 2021 2810 a
2045 2777 2255 2815 Domitiano

1223 2829 1290 2859 cet.
1329 2824 1454 2861 Sensus
1487 2823 1534 2862 est
1560 2837 1568 2860 :
1615 2826 1715 2873 Quia
1752 2825 1915 2862 Catullus
1936 2837 2065 2864 caecus
2088 2836 2186 2871 erat,
2216 2829 2257 2867 δε

1224 2884 1304 2910 eam
1331 2875 1378 2911 ob
1401 2874 1555 2912 caussam
1580 2886 1659 2912 non
1688 2877 1881 2914 verebatur
1904 2905 1914 2920 ‚
1952 2887 2030 2914 non
2059 2877 2254 2916 'misereba-

1220 2930 1301 2966 tur,
1327 2936 1501 2975 propterea
1527 2925 1662 2974 saepius
1689 2937 1708 2962 a
1734 2926 1954 2965 Domitiano
1976 2936 2043 2964 cet.
2071 2931 2150 2977 {Quo
2166 2957 2176 2972 ,
2204 2929 2253 2966 est

1218 2984 1353 3024 propter
1375 2978 1489 3026 quod3
1520 2978 1620 3013 cuius
1643 2978 1692 3014 rei
1703 2977 1907 3024 ignorantia
1922 2979 2255 3018 tenebrasinduxit.

1221 3026 1428 3065 Docuimus
1464 3027 1509 3065 ad
1548 3026 1679 3064 Sallust.
1725 3028 1803 3066 Cat.
1846 3041 1921 3078 cap.
1957 3029 1983 3067 l.
2018 3042 2052 3067 n.
2076 3042 2107 3080 3.
2163 3031 2254 3076 Quo

1216 3078 1304 3115 mihi
1327 3079 1451 3116 rectius
1474 3079 1620 3116 videtur
1642 3107 1651 3123 ,
1688 3079 1817 3128 ingenii
1841 3093 1951 3133 quam
1977 3081 2113 3120 virium
2140 3080 2253 3129 opibus
2287 3097 2290 3100 *

1211 3128 1365 3179 gloriam
1387 3143 1558 3181 quaerere.
1587 3128 1672 3169 Con
1683 3141 1743 3170 τε,
1814 3137 1816 3139 ’
2140 3184 2169 3217 C

2093 3193 2107 3221 1
2176 3191 2253 3218 aeta
2286 3200 2290 3204 -
