2616 3686
292 202 386 264 346
503 190 1026 245 c.PL1N11
1102 184 1609 238 CAEciL‘tt
1679 185 2198 239 SECUNDI

295 275 566 330 occurrit:
607 272 716 324 aliis*
756 267 995 323 fenestris
1024 266 1270 336 xystum,
1312 259 1322 278 ¹
1350 266 1459 318 aliis
1485 263 1711 336 despicit
1737 279 1948 337 pra-tum
1980 305 1996 330 ,
2033 267 2123 321 sed
2148 277 2270 320 ante
2297 261 2453 339 pisci‘-

299 366 422 404 nam
445 386 460 408 ‚
496 363 631 417 qnae
673 341 915 398 fenestris
952 341 968 359 ²
1005 341 1163 395 iervit
1203 356 1263 392 ac
1303 337 1535 404 subjacet
1570 378 1584 400 ‚
1623 336 1843 405 strepitu
1884 339 2106 411 visuque
2129 340 2453 406 jucundam..

195 428 263 480 24
306 423 446 477 Nam
474 437 543 472 ex
569 419 721 472 edito
751 414 991 470 desiliens
1019 431 1151 484 aqua
1172 457 1183 472 ‚
1227 411 1460 481 suscepta
1489 429 1758 465 marmore
1786 410 2018 465 albescit.
2053 413 2204 467 Idem
2230 413 2452 468 cubicu-

307 496 418 549 lum
452 493 632 546 hieme
682 487 1070 558 tepid‘issimum
1098 526 1112 548 ‚
1177 487 1299 554 quia
1338 486 1570 556 plurimo
1610 484 1716 537 sole
1752 484 2113 555 perfunditur.
2179 485 2450 540 Cohaeret

304 569 318 595 ³
353 563 743 637 hypocauston,
783 561 833 612 ὅ(
857 599 871 622 ,
896 559 931 613 si
956 561 1071 613 dies
1096 557 1335 620 nubilus,
1364 558 1594 613 immillo
1620 574 1845 628 vapore,
1888 559 2002 610 solis
2026 559 2201 612 vicem
2229 559 2453 630 supplet.

201 647 267 698 25
311 638 443 694 Inde
467 643 482 666 ⁴
508 636 883 708 ap‹<›dyte1·ium
913 630 1103 684 balinei
1132 630 1310 682 laxum
1343 634 1394 682 ἅ·
1423 631 1586 686 hilare
1613 631 1814 700 excipit
1844 633 1972 684 cella
2001 647 2012 673 ⁵
2054 629 2323 702 frigidaria
2345 670 2360 694 ,
2398 634 2458 687 1η

206 857 269 900 26

311 730 414 783 qua
452 708 811 778 baptisterium
858 705 1095 775 amplum
1124 716 1287 771 atque
1318 719 1569 771 opacum.
1645 705 1699 757 Si
1727 717 1905 758 natare
1934 705 2082 758 latius
2110 723 2196 759 aut
2226 703 2457 773 tepidius

312 785 472 845 velis,
508 781 526 805 ⁶
562 784 613 834 in
651 796 771 831 area
807 775 1003 845 piscina
1045 773 1156 829 est:
1211 775 1263 828 in
1299 776 1552 843 proximo
1587 789 1781 846 puteus
1809 816 1824 839 ‚
1866 796 1936 832 ex
1958 795 2070 848 quo
2097 776 2256 848 pollis
2285 777 2458 841 rursus

313 854 327 881 ⁷
355 855 603 921 adstringi
631 892 647 916 ,
689 850 720 904 ii
751 850 1024 918 poeniteat
1053 846 1271 914 teporis,
1311 846 1639 917 Frigidariae
1667 849 1828 902 cellae
1857 851 2197 904 connectitur
2219 850 2459 913 ‘'media,

1110 918 1130 948 1

315 930 406 985 cui
441 928 517 982 sol
552 922 926 996 benigniffime
963 924 1169 994 praelto
1203 919 1317 984 est,
1365 931 1384 956 ⁹
1424 918 1683 975 caldariae
1711 921 1894 991 magis,
1921 924 2191 993 prominet
2220 925 2381 978 enim.
2406 925 2460 977 in

320 1132 464 1170 Contra
484 1128 590 1167 Vofl.
616 1127 770 1166 Helinst.
796 1127 907 1163 Arnz.
933 1125 971 1162 ὃς
992 1119 1088 1159 Edd.
1110 1120 1199 1158 Vct.
1222 1132 1263 1158 ac
1288 1119 1355 1158 Al-

2362 997 2460 1050 hae

1484 1135 1502 1170 ς
1534 1120 1773 1171 frigidaria]
1803 1120 1936 1172 Aquae
1968 1122 2120 1171 frigidae
2145 1149 2156 1166 ‚
2182 1132 2255 1171 qua
2277 1121 2465 1171 restringe-

319 1181 449 1220 dinae:
479 1180 633 1217 triclinio
657 1179 818 1216 occurrit.
861 1177 1028 1213 Alterum
1054 1171 1238 1210 illustrabit
1265 1180 1354 1209 nota
1430 1171 1563 1210 bantur
1586 1184 1753 1223 corpora.
1779 1171 1863 1219 Jam
1885 1176 2099 1212 notavimus
2123 1171 2220 1220 (Ep.
2242 1172 2464 1211 XV11.l.,ib.

321 1233 367 1270 ad
395 1231 526 1270 Sallust.
563 1232 641 1268 Cat.
666 1241 742 1277 cap.
768 1227 912 1266 LVIII.
937 1238 971 1262 n.
993 1225 1027 1260 6.
1051 1225 1088 1262 ὃς
1111 1222 1158 1260 sic
1182 1222 1300 1260 modo
1322 1235 1355 1259 n.

320 1294 378 1321 22.
420 1282 478 1330 Est
500 1293 544 1320 cy
565 1281 667 1319 aliud
688 1278 884 1319 cubiculum
909 1289 928 1314 a
946 1275 1113 1326 proxima
1132 1273 1294 1324 platano.
1318 1275 1357 1312 δε

323 1335 407 1373 alibi
430 1333 640 1382 saepissime.

1434 1223 1505 1269 ΙΙ.)
1530 1225 1568 1262 in
1589 1225 1723 1263 balneo
1749 1220 1851 1261 fuisse
1874 1231 1944 1262 tres
1967 1225 2071 1264 cellas
2086 1254 2096 1269 ,
2117 1223 2358 1272 frigidarium
2378 1252 2388 1268 ‚
2417 1235 2467 1261 te-

1430 1270 1637 1323 pidarium,
1666 1275 1880 1313 caldariam.
1908 1275 2026 1314 lum.
2057 1271 2306 1324 frigidaria]
2340 1277 2380 1311 ln
2401 1275 2469 1312 hac

1433 1333 1492 1363 tot
1514 1325 1610 1364 sellas
1633 1326 1704 1365 effe
1727 1327 1947 1375 oportebat,
1977 1335 2071 1376 quot
2093 1325 2254 1376 personis
2275 1325 2379 1364 locus
2394 1333 2470 1364 erat

380 1399 393 1423 1
431 1384 525 1421 Aliis
560 1384 697 1432 despicit
725 1393 872 1433 pratum
895 1409 904 1425 ,
942 1379 1004 1427 sed
1039 1388 1124 1414 ante
1143 1373 1357 1427 piscinam]
1433 1379 1470 1415 in
1501 1377 1695 1415 caldariae·
1733 1377 1776 1415 In
1807 1378 1942 1416 balneis
1976 1380 2076 1416 enim
2099 1408 2107 1424 ,
2142 1377 2207 1425 qui
2226 1376 2421 1418 lavabant.
2449 1387 2470 1414 a

321 1434 378 1474 Ita
403 1434 739 1483 interpungendum
765 1434 878 1477 duxi,
905 1428 1009 1480 quod
1029 1429 1210 1477 legeretur
1233 1429 1271 1465 in
1282 1427 1354 1465 Pal.

323 1487 365 1526 δε
388 1486 479 1524 Edd.
504 1485 607 1522 Vett.
626 1485 797 1534 piscinam
812 1512 821 1528 ‚
852 1494 929 1520 non
951 1490 992 1519 ut
1014 1481 1052 1517 in
1078 1479 1359 1528 vulgatioribus,

317 1537 466 1586 piscina.
497 1537 688 1574 GRUTER.
718 1534 852 1572 Laudo
868 1531 1029 1577 foetum,
1053 1533 1111 1570 cui
1125 1530 1359 1568 consentiunt

325 1588 520 1626 Mediceus
535 1616 544 1632 ,
575 1586 737 1625 Riccard.
776 1585 974 1624 Lindenbr.
998 1593 1206 1631 omnesque
1228 1583 1361 1619 melio-

325 1648 381 1677 res
395 1667 406 1683 ,
434 1640 469 1676 in
494 1639 622 1687 quibus
641 1639 814 1687 piscinam
836 1635 956 1674 exstat.
999 1634 1068 1672 Sed
1088 1635 1126 1672 &
1150 1631 1242 1670 infra
1264 1632 1361 1671 resti-

326 1696 431 1728 tuere
466 1687 641 1726 debuifl'et
675 1691 729 1726 vir
764 1687 988 1725 doctissimus
1014 1699 1022 1723 :
1050 1684 1192 1733 strepitu
1217 1685 1362 1734 visuque

325 1740 525 1780 iucundam
550 1769 560 1784 ‚
600 1739 703 1788 quod
733 1738 841 1775 habet
874 1737 1068 1773 Mediceus
1104 1738 1141 1774 &
1169 1735 1367 1773 Lindenbr.

329 1792 461 1842 quibus
493 1793 593 1840 parui
617 1819 627 1835 ‚
655 1801 732 1827 non
762 1788 915 1825 iucunda
942 1816 952 1831 ,
992 1785 1094 1835 quod
1122 1788 1161 1824 in
1191 1787 1367 1835 impreffis

332 1844 509 1880 omnibus
534 1842 605 1879 sese
629 1840 796 1878 ostentat.

383 1906 406 1932 2
436 1892 556 1930 servit
586 1904 628 1927 ac
651 1890 824 1940 subiacet.
849 1888 864 1938 ]
903 1889 1020 1927 servit
1050 1889 1073 1925 i.
1108 1885 1272 1935 exposita
1296 1887 1369 1932 est,

332 1945 507 1983 cohaeret
529 1944 702 1991 proxime
727 1970 737 1986 ,
776 1953 816 1980 ut
839 1941 941 1989 supra
962 1952 998 1976 n,
1019 1952 1075 1976 21.
1125 1937 1292 1987 platanos
1326 1950 1371 1976 ω·

332 1995 491 2034 subiecta
516 1993 690 2042 platanis.
732 1993 812 2030 Lib.
848 1992 874 2028 1.
907 1991 1013 2038 Epist.
1051 1988 1118 2026 ΙΙΙ.
1144 2001 1177 2025 n.
1211 2001 1241 2027 1.
1270 1989 1372 2035 :Quid

334 2046 516 2084 subiectus
549 2055 592 2082 ω’
626 2044 782 2081 serviens
804 2043 911 2079 lacus.
943 2041 1023 2078 Lib.
1048 2040 1095 2077 ΙΙ.
1116 2038 1223 2088 Epist.
1239 2040 1372 2087 XVII.

337 2107 376 2134 n.
397 2097 431 2133 6.
465 2102 554 2130 Haeo
577 2106 618 2132 ey
641 2094 824 2132 subiacens
847 2106 945 2130 mare
968 2091 1104 2139 longius
1129 2090 1269 2140 quidem
1285 2119 1294 2135 ,
1311 2092 1376 2139 sed
1398 2093 1401 2136 Ι

331 2147 491 2196 securius
513 2147 686 2182 intuetur.
715 2144 891 2191 Quinetil.
919 2143 998 2180 Lib.
1020 2141 1084 2179 lX.
1107 2152 1185 2188 cap.
1211 2139 1279 2178 IV.
1294 2152 1376 2190 pag.
1398 2144 1402 2168 '-

341 2197 425 2244 849.
459 2203 536 2234 Non
559 2202 654 2232 enim
677 2195 877 2232 cohaerent
890 2193 969 2230 aliis
986 2221 996 2237 ,
1025 2205 1084 2228 nec
1094 2192 1379 2239 praecedentibus

341 2248 527 2291 serviunt,
552 2244 611 2295 sed
635 2258 770 2283 novum
793 2244 977 2282 exordium
995 2243 1163 2291 sumunt.
1190 2241 1301 2281 Adde
1325 2243 1380 2281 Cl.
1404 2245 1408 2258 ⁴

343 2296 551 2337 Markland.
576 2297 623 2334 ad
646 2297 746 2334 Statii
771 2295 818 2333 II.
844 2296 929 2334 silv.
954 2294 1007 2332 ΙΙ.
1027 2304 1079 2331 vs.
1103 2305 1162 2341 75.

394 2420 469 2434 —-
519 2420 584 2433 --
634 2399 743 2438 servit
755 2399 826 2448 sua
849 2408 946 2435 terra
960 2393 1134 2444 fenestris.
1173 2390 1178 2394 ’

400 2514 420 2553 3
455 2501 699 2552 Hypocauflon.
715 2500 731 2551 ]
748 2501 873 2538 Locus
887 2505 1165 2537 concameratus
1179 2504 1265 2534 ante
1277 2508 1382 2545 prae-

349 2553 540 2597 furnium,
570 2564 634 2600 per
665 2565 779 2601 quem
804 2550 967 2590 cubicula
999 2547 1113 2587 hodie
1147 2559 1302 2598 quoque
1327 2560 1384 2586 ca-

350 2603 466 2644 lefieri
490 2605 615 2643 solent.
646 2604 677 2640 C
693 2617 712 2640 A
730 2618 752 2641 ϊ
770 2616 790 2639 A
804 2615 840 2639 N.

400 2669 424 2703 4
452 2654 756 2705 Apodyterium.]
789 2653 832 2690 In
855 2664 932 2701 quo
952 2651 1065 2690 loturi
1089 2649 1202 2688 vestes
1216 2648 1381 2698 depone-

349 2706 447 2745 bant.
478 2708 577 2745 Nam
601 2705 748 2741 άπσᾶόω
774 2703 947 2752 fignificat
967 2715 1065 2741 exuo.
1094 2702 1149 2738 M.
1173 2701 1318 2739 Tullius
1338 2701 1383 2740 ad

355 2760 543 2806 Quintum
570 2759 740 2795 fratrem:
775 2756 858 2792 Inde
882 2753 1102 2804 apodyterio
1127 2751 1219 2788 nihil
1249 2751 1383 2797 altius,

359 2809 448 2845 nihil
473 2808 666 2858 muscofius.
695 2808 742 2844 Et
763 2807 867 2844 alibi:
901 2812 940 2841 In
964 2803 1156 2841 balneariis
1178 2801 1383 2851 hypocausta

360 2857 396 2893 io
421 2859 574 2896 alterum
593 2859 799 2908 apodyterii
821 2856 994 2906 angulum
1021 2855 1194 2904 promovi.
1252 2855 1384 2892 Latine

360 2907 601 2954 spoliatorium
626 2909 692 2946 dici
718 2910 815 2946 solet.
853 2909 1038 2945 Lucianus
1061 2934 1071 2949 ,
1109 2904 1198 2942 dum
1224 2905 1384 2954 Hippiae

363 2956 546 2994 balineum
576 2959 695 2994 laniat
719 2986 728 3000 ‚
779 2959 942 2996 membra
965 2957 1075 2996 refert
1100 2955 1225 3000 fuine,
1254 2956 1385 3004 quibus

366 3005 475 3044 loturi
508 3008 774 3055 spoliabantur:
825 3007 911 3044 sicut
934 3007 1122 3055 frigidarii
1154 3009 1193 3044 ὃ(
1236 3005 1387 3042 caldarii

370 3055 477 3095 situm
501 3069 611 3103 magn
635 3059 669 3093 in
693 3069 739 3093 eo
762 3056 1011 3095 commendat.
1043 3057 1255 3107 apodyteri}
1277 3058 1390 3098 etiam

367 3108 474 3157 mato
496 3108 674 3147 meminit.
702 3107 717 3145 1
734 3119 756 3143 1>
771 3118 792 3144 ε
807 3117 849 3157 ¹⁶:

1433 1427 1518 1466 cella
1552 1428 1714 1467 caldaria
1735 1458 1745 1474 ,
1784 1430 1934 1479 ejusque
1969 1429 2060 1466 solio
2082 1426 2279 1466 transibant
2301 1427 2346 1464 ad
2360 1427 2472 1476 frigi-

1440 1480 1585 1518 dariam
1610 1511 1620 1526 ‚
1657 1482 1785 1528 ibique
1816 1482 1853 1518 in
1888 1480 1976 1518 sellis
1994 1479 2245 1517 confidebant.
2273 1477 2374 1517 Vide
2397 1478 2470 1524 Jac.

1440 1530 1615 1569 Sirmond
1638 1531 1684 1569 ad
1707 1531 1831 1570 Sidon.
1859 1529 2101 1580 Frigidaria.]
2143 1529 2377 1577 Frigidariam
2400 1529 2473 1566 cel-

1440 1581 1514 1620 lam
1547 1581 1693 1630 ψυχρὸν
1724 1580 1814 1618 οἶκον
1850 1584 1889 1621 &
1920 1579 2156 1631 ψυχξοὸὄχον
2187 1576 2277 1617 ἔκιον
2317 1580 2474 1629 appellat

1443 1633 1598 1673 Lucian.
1619 1635 1657 1672 in
1679 1634 1775 1673 Dial.
1804 1634 1957 1677 Γππιόις
1975 1631 1993 1673 33
2015 1634 2215 1677 βαλανεῖον·
2235 1632 2248 1666 ὀ
2273 1632 2349 1679 γάρ
2368 1628 2475 1673 σοφὸς

1438 1684 1483 1726 ὦς
1516 1688 1650 1726 ἀληθῶς
1695 1685 1850 1728 Γππιάς
1880 1683 1932 1721 τὶν
1965 1682 2202 1731 ψυχροδόχον
2218 1679 2307 1720 οἷκον
2327 1682 2374 1722 εἷς
2395 1683 2476 1725 {305-

1437 1737 1497 1780 ρἆ
1529 1739 1839 1785 προκεχωξηκότοι
1867 1736 2020 1778 {valna-f.
2052 1736 2162 1774 Salm.
2180 1736 2219 1773 ln
2241 1733 2294 1772 ΡΙ.
2326 1732 2490 1782 VOPlsC0>

1437 1787 1600 1825 VEENH.
1632 1788 1849 1828 Mediceus:
1878 1787 1965 1826 cella
1981 1788 2132 1837 frigida.

1489 1861 1512 1896 6
1543 1867 1586 1897 Jn
1622 1874 1706 1899 area
1735 1863 1867 1912 piscina
1901 1861 1957 1909 est.
1983 1861 1998 1910 ]
2028 1860 2135 1898 Haec
2159 1867 2317 1908 utraque
2341 1858 2477 1897 Aldina

1439 1923 1631 1961 perperam
1660 1913 1782 1952 omisit
1804 1944 1813 1959 ,
1842 1925 1929 1951 cum
1954 1915 1992 1951 &
2013 1911 2129 1949 sensus
2151 1921 2193 1949 ea
2216 1910 2374 1959 requirat
2399 1938 2410 1955 ‚
2439 1912 2479 1949 δε

1442 1965 1480 2001 in
1499 1963 1672 2000 omnibus
1694 1965 1769 2003 aliis
1789 1966 1883 2003 libris
1903 1965 2079 2012 legantur.

1496 2034 1514 2070 7
1548 2022 1772 2073 Adstringi.]
1803 2025 2032 2071 Refrigerari.
2061 2034 2150 2060 nam
2173 2021 2294 2058 calore
2311 2020 2478 2059 laxantur

1446 2085 1626 2123 corpora,
1654 2074 1789 2123 frigore
1802 2075 2080 2112 contrahuntur.
2109 2073 2266 2110 CATAN.
2306 2071 2480 2119 Adstrin-

1443 2124 1522 2173 giss]
1558 2125 1712 2173 Legitur
1748 2128 1787 2164 ὃ(
1818 2126 1973 2174 abstergi.
2011 2125 2222 2162 Boxnoim.
2261 2122 2422 2172 Abstergi
2443 2123 2491 2160 in*

1448 2175 1554 2213 Voss.
1577 2179 1753 2224 reperitur
1776 2205 1786 2220 ‚
1826 2179 1865 2215 ὃς
1885 2175 1979 2214 Edd.
2002 2174 2161 2223 Gryphii
2181 2203 2192 2218 ‚
2231 2175 2272 2211 in
2293 2174 2420 2210 Oxon.
2439 2184 2481 2208 a·

1442 2225 1562 2275 stergi.
1610 2226 1681 2264 Sed
1711 2236 1894 2276 corrupte.
1932 2225 2117 2273 Adstringi
2142 2225 2296 2274 exponit
2316 2223 2493 2264 Barthius—

1450 2277 1573 2316 leniter
1585 2277 1767 2326 frigefieri.
1793 2280 1967 2318 Lucanus
1992 2277 2072 2314 Lib.
2096 2275 2163 2313 IV.
2186 2287 2237 2314 vs.
2258 2275 2344 2324 652.

1503 2419 1573 2429 .-.
1624 2419 1698 2430 —
1747 2418 1818 2430 —-
1876 2400 1951 2438 iam
1969 2398 2108 2449 penora
2120 2396 2220 2448 pigro

1509 2449 1637 2488 Stmsta
1655 2450 1746 2500 gelu.

1451 2572 1560 2610 Celso
1582 2573 1733 2623 aliisque
1754 2571 1905 2610 medicis
1936 2571 2093 2620 antiquis
2124 2559 2473 2617 frequentiffimumJ

1451 2623 1547 2672 apud
1571 2636 1665 2673 quos
1677 2623 1818 2671 solvere
1843 2623 1904 2660 seu
1925 2621 2075 2664 laxare,
2101 2618 2140 2654 &
2159 2610 2367 2659 adstrmgere
2391 2623 2472 2660 PCY·
2527 2639 2534 2643 ’

1454 2683 1570 2723 petuo
1593 2683 1848 2724 opponuntur.

1504 2736 1525 2773 8
1556 2736 1688 2773 Media.
1720 2733 1736 2783 ]
1778 2731 1958 2783 Tepidaria
1990 2727 2073 2765 cella
2093 2750 2105 2767 .
2141 2731 2235 2768 quac
2258 2721 2376 2759 media
2400 2723 2475 2760 erat

1453 2790 1547 2826 inter
1559 2785 1795 2834 frigidariam
1819 2785 1857 2820 &
1879 2777 2076 2817 caldariam
2100 2800 2110 2815 ‚
2138 2772 2176 2808 &
2199 2770 2265 2807 situ
2290 2774 2327 2809 ὃ(
2361 2774 2475 2821 quali-

1453 2845 1539 2876 tate.
1580 2837 1612 2873 C
1626 2849 1647 2872 A
1663 2849 1685 2874 τ
1702 2849 1722 2872 A
1738 2846 1775 2870 N.
1814 2831 1934 2868 Media
1966 2828 2057 2864 inter
2079 2820 2230 2874 calidam
2256 2821 2297 2858 sc.
2317 2824 2355 2860 ὃς
2379 2823 2476 2872 frigi-

1457 2889 1552 2926 dam.
1580 2887 1734 2923 BARTH.
1765 2882 1871 2919 Hanc
1893 2881 1931 2915 &
1953 2874 2114 2912 Galenus
2137 2871 2340 2912 oixovus‘rov
2356 2882 2477 2912 vocat.
2517 2904 2519 2906 -

1455 2937 1539 2976 vide
1563 2935 1703 2975 Salmas.
1725 2932 1771 2970 ad
1792 2927 1940 2975 Vopisci
1962 2924 2082 2961 Carin.
2107 2934 2183 2970 cap.
2211 2923 2334 2960 XVII.

1505 3011 1528 3044 9
1556 2993 1750 3032 caldariae
1771 2988 1893 3034 magis.
1923 2985 2095 3029 prominet
2123 2985 2233 3041 enirn.
2258 2983 2272 3033 ]
2305 2985 2393 3024 Hoc
2414 2986 2480 3025 ,ζμ

1455 3047 1583 3096 probo.
1609 3043 1758 3079 Tamen
1783 3038 1980 3086 Optimus:
2011 3035 2324 3091 caldarme'magj,
2346 3038 2493 3087 prom-5,

1456 3106 1539 3135 nent
1552 3121 1566 3141 ‚
1591 3092 1720 3133 scribae
1744 3100 1876 3130 errore.
1903 3086 1973 3141 Ed.
1994 3085 2081 3137 Yet.
2095 3095 2301 3137 prominent
2321 3088 2426 3126 enim,

2364 3149 2380 3178 ι
2410 3136 2501 3187 13η·-
