2616 3686
242 180 309 226 66

204 189 594 316 3sto4machum
635 249 733 306 tibi
771 267 948 306 narro.

485 144 1004 223 C.PLtN11
1074 167 1586 219 CAECILII
1658 167 2172 221 SECUND:1

1029 249 1218 322 Atque
1255 245 1394 301 adeo
1432 261 1595 318 quam
1626 247 1836 304 *multos
1869 263 2023 320 putas
2060 250 2162 305 effe
2192 289 2206 310 ,
2246 264 2387 321 quos

253 346 426 403 aeque
445 345 505 386 ea
528 368 544 393 ‚
592 325 786 402 quibus
817 342 922 397 ego
947 322 1000 378 δι
1037 338 1096 383 tu
1122 324 1364 396 capimur
1392 319 1446 374 &
1482 320 1735 377 ducimur
1761 360 1778 395 ,
1820 327 1844 357 a
1870 325 2063 394 partim
2095 335 2155 381 ut
2179 324 2386 398 inepta,

252 406 451 478 partim
478 416 539 459 ut
565 401 924 459 molestissima
950 395 1229 464 offendant
1258 398 1276 452 ?
1318 396 1500 469 Quam
1529 396 1684 451 multi
1709 413 1882 470 quum
1910 404 1928 428 ²
1949 395 2149 466 lefior,
2192 413 2282 454 aut
2309 400 2388 473 ly-

255 478 402 536 ristes
421 522 438 548 ,
475 493 566 535 aut
596 479 897 534 comoedus
920 474 1169 530 indussus
1192 471 1267 528 est
1293 510 1309 536 ‚

222 568 225 569 ’
259 573 386 609 cum
427 555 606 609 taedio
639 560 660 590 ⁴
699 551 958 608 recubant
991 591 1002 611 ‚

1344 469 1381 507 '³
1407 473 1615 527 calceos
1638 474 1895 545 poscunt,
1921 488 2023 530 *aut
2046 493 2157 531 non
2178 475 2392 533 minore

1056 567 1219 621 quam
1250 561 1310 601 tu
1341 546 1430 601 ista
1470 546 1578 616 (fic
1611 551 1755 603 enim
1792 550 2057 621 appellas)
2093 556 2108 586 ⁵
2141 548 2390 622 prodigi-a

213 628 528 702 4perpessus
557 631 650 684 es?
703 628 912 685 Demus
952 622 1322 701 igituralienis
1348 621 1794 685 oblectationibus
1817 625 2029 680 veniam
2058 662 2076 690 ,
2115 637 2175 683 ut
2201 623 2392 683 nostris

260 707 630 784 impetremus.
671 702 813 764 Vale.

2192 848 2395 906 XVIII..

258 937 382 976 samur
404 950 414 976 :
449 935 770 986 quemadmodum
786 935 981 983 stomachus
997 933 1176 986 quosdam
1199 932 1296 971 cibos
1369 941 1516 981 nempe.
1542 930 1570 969 B
1586 943 1645 974 aa
1660 942 1684 969 τ
1697 943 1734 972 n.
1759 931 1833 971 Sed
1852 933 1926 972 hoc
1945 944 2020 972 non
2039 931 2209 982 fignificat
2222 936 2399 985 ficubare,

248 991 397 1038 ⁴appetit
409 1016 419 1033 ,
429 987 607 1037 quosdam
629 987 721 1037 fugit
731 997 839 1036 atque
848 988 1026 1026 abhorret.
1054 986 1165 1034 Supra
1177 984 1254 1022 Lib.
1269 985 1293 1021 Ι.

1368 983 1531 1021 aversum
1553 983 1681 1021 cubare
1700 996 1710 1021 ι
1742 995 1865 1033 neque
1889 985 2012 1023 Codd.
2028 984 2209 1023 addicunt.
2234 986 2277 1024 In
2296 986 2399 1026 Voff.

256 1039 371 1089 Epist.
393 1040 536 1078 ultima:
567 1045 610 1075 In
622 1038 681 1076 hoc
693 1050 810 1078 autem
821 1039 926 1088 agello
953 1037 1005 1087 (si
1026 1037 1124 1075 modo
1146 1036 1299 1083 arrzsm't
1364 1034 1519 1072 Helmst.
1547 1035 1586 1072 ὃ(
1606 1033 1676 1073 Ed.
1698 1033 1789 1073 Vet.
1810 1035 1967 1084 Simplex
1992 1035 2120 1081 legitur
2143 1035 2271 1075 cubant
2291 1065 2302 1083 ‚
2329 1049 2397 1087 pro

251 1092 438 1141 pretium)
475 1090 673 1141 Tranquilli
701 1092 769 1137 mei
801 1090 1028 1129 stomachum
1050 1088 1163 1125 multa
1173 1086 1300 1135 sollici-

255 1152 362 1190 fiant.
416 1140 457 1179 ld
479 1141 527 1178 est
553 1169 564 1185 ,
593 1141 742 1180 emendi
762 1141 943 1180 libidinem
969 1140 1044 1179 five
1062 1137 1297 1188 cupiditatem

1362 1096 1438 1134 quo
1462 1086 1574 1123 Arnz.
1585 1093 1728 1136 putant.
1755 1085 1984 1124 Recumbere
2003 1085 2082 1123 alibi
2094 1086 2228 1124 Nostro
2244 1088 2374 1136 placuit
2378 1119 2396 1138 a

1364 1143 1404 1174 ut
1433 1136 1516 1175 Lib.
1534 1136 1607 1174 IV.
1634 1136 1741 1186 Epist.
1763 1136 1885 1176 XXII.
1928 1149 1964 1174 n.
1984 1148 2018 1183 4.
2045 1137 2178 1185 Vejento
2194 1139 2371 1186 proximus
2387 1169 2399 1187 ,

266 1193 382 1230 multa
418 1191 619 1230 incendunt
653 1191 716 1230 seu
743 1191 911 1236 incitant.
965 1189 1153 1240 »Significat
1179 1190 1300 1238 itaque
1352 1187 1597 1237 ,atqueetiam
1613 1188 1658 1228 jn
1674 1187 1750 1236 sime
1769 1187 2013 1226 recumbebat.
2041 1186 2149 1236 Epist.
2168 1188 2283 1228 XXX.
2309 1201 2346 1229 n.
2365 1202 2401 1242 3.

265 1242 399 1281 Plinius
423 1270 433 1287 ‚
471 1243 574 1291 quod
605 1254 727 1292 neque
756 1242 886 1281 scurras
915 1242 1159 1290 cinaedosque
1180 1267 1191 1284 ‚
1229 1250 1300 1277 nec

266 1295 456 1333 moriones
477 1293 605 1332 habeat
628 1320 638 1339 ,
666 1295 703 1332 in
724 1304 772 1332 eo
790 1293 824 1332 se
846 1306 922 1332 non
944 1301 1055 1332 certas
1074 1292 1232 1329 rationes
1252 1290 1305 1329 se-

266 1345 363 1393 qui,
395 1344 455 1382 sed
493 1345 606 1382 animi
636 1343 687 1385 sui
715 1343 915 1387 libidinem.
960 1343 1133 1382 Martialis
1167 1341 1251 1380 Lib.
1275 1340 1305 1379 1.

260 1396 390 1456 VEpigr.
411 1394 567 1444 XXXII.

320 1502 404 1535 Non
423 1509 502 1534 amo
520 1507 557 1534 «te
570 1524 579 1541 ,
608 1496 754 1534 Sabidi:
775 1508 839 1533 nec
857 1494 980 1546 ooffum
1001 1496 1105 1535 dicere
1123 1506 1228 1547 quare
1242 1509 1254 1532 .-

370 1554 443 1586 Hoc
470 1559 611 1586 tamum
634 1547 760 1597 possum
787 1548 913 1592 dicere,
940 1560 1008 1585 non
1027 1561 1105 1585 amo
1124 1560 1167 1586 te.

269 1650 420 1699 Nempe
443 1649 479 1686 &
500 1649 561 1687 hic
581 1649 695 1688 Poeta
714 1646 884 1698 fignificat
905 1676 916 1693 ,
951 1647 1132 1687 Sabidium
1157 1646 1218 1684 fibi
1237 1643 1308 1685 effe

262 1701 386 1745 odio,
416 1712 493 1738 non
515 1699 563 1737 ob
583 1708 694 1738 certas
718 1699 891 1749 quasdam
912 1699 1029 1736 causas
1050 1727 1060 1742 ‚
1097 1699 1224 1748 quibus
1245 1697 1309 1736 'ad-

264 1752 464 1790 duceretur
480 1778 490 1796 ‚
517 1749 578 1788 sed
603 1760 711 1788 motu
728 1751 863 1794 animi,
875 1750 937 1798 qui
958 1750 1063 1798 plane
1081 1751 1124 1786 ab
1146 1761 1194 1787 eo
1206 1759 1308 1787 aver-

271 1803 329 1841 sus
347 1801 446 1841 effet.
501 1801 590 1838 Hoc
610 1801 658 1839 est
679 1827 689 1845 ,
719 1799 936 1848 stomachum
957 1798 1027 1838 effe
1048 1827 1060 1843 ‚
1097 1811 1175 1837 non
1199 1800 1308 1835 ratio-

273 1867 354 1891 mm
373 1881 384 1898 ‚
422 1851 525 1902 quod
561 1851 742 1890 Sabidiutn
780 1863 857 1889 non
892 1859 1003 1889 amet.
1038 1850 1066 1887 B
1080 1862 1139 1888 uve
1151 1862 1174 1886 u
1191 1862 1212 1886 N
1228 1862 1250 1888 E
1267 1863 1307 1888 R.

274 1903 386 1953 Adde
405 1904 507 1953 supra
539 1901 617 1942 Lib.
644 1903 707 1941 Vl.
735 1901 842 1950 Epist.
859 1902 963 1940 XIV.
990 1908 1078 1940 extr.
1115 1900 1171 1938 Sic
1191 1902 1227 1939 in
1247 1901 1308 1938 illo

272 1963 367 1994 noto
390 1967 400 1992 ι
443 1961 536 1994 Haec
555 1964 619 1992 aut
641 1955 768 1992 animo
790 1953 933 1991 Catonis
945 1953 1096 2001 ferenda
1109 1952 1218 2004 sunt,
1246 1961 1311 1989 aut

275 2006 451 2046 Ciceronis
467 2005 667 2045 stomacho.
1069 2015 1071 2018 ⁴
1146 2014 1149 2016 ’

331 2079 364 2105 1.
391 2067 530 2104 Partim
549 2073 589 2103 ut
614 2066 766 2155 inepta.¹]
808 2065 1000 2105 Mediceus
1031 2067 1069 2104 ὅ(
1090 2064 1244 2103 Helmst.
1270 2077 1312 2104 ut

272 2119 470 2175 negligunt
492 2145 503 2174 ,⁹
542 2116 640 2165 quafi
672 2129 718 2174 ex.
759 2118 906 2175 equenti
919 2116 1259 2203 intelligendam&
1269 2125 1311 2204 ¹tit

282 2167 844 2274 ἓὶῗῖθό.ΡέιΥ1ἓξέ1ῗῙεὸΗῖἓὲῗπιῗξ
862 2169 912 2256 8ιέ
916 2168 1127 2256 {gul-{51
1149 2196 1228 2268 riuos
1249 2195 1313 2263 effi·

279 2269 404 2322 qusbus
425 2278 600 2318 captmur‚
627 2270 761 2307 omiffis
781 2282 906 2320 aeque,
933 2281 975 2307 ac
995 2282 1048 2317 ego
1070 2280 1111 2308 e9‘
1130 2280 1182 2306 tu.

331 2344 366 2370 2.
394 2334 510 2368 Lector
528 2343 592 2369 aut
610 2330 775 2381 lyristen]
805 2330 862 2370 Sic
883 2331 960 2369 Lib,
983 2330 1011 2377 Ι.
1037 2330 1161 2371 docuit
1171 2329 1314 2372 solitum

280 2381 515 2421 introducere
554 2383 745 2428 comoedum
766 2410 777 2427 ‚
815 2381 873 2420 vel
898 2383 1052 2428 letiorem
1067 2381 1147 2426 ,vel
1163 2381 1313 2430 lyristen.

282 2433 497 2471 Athenaeus
519 2433 618 2471 hunc
637 2445 782 2472 morem
802 2434 1002 2472 notabiliter
1024 2433 1314 2478 taxat‚referens

282 2484 372 2522 viles
390 2484 558 2522 homines
578 2485 615 2522 in
635 2485 805 2523 convivia
828 2484 949 2523 solitos
978 2484 1207 2522 introducere
1220 2483 1316 2528 tubi·

285 2535 374 2572 eines
394 2546 528 2584 magno
550 2539 672 2584 precio
694 2564 705 2579 ,
743 2536 826 2586 quia
855 2536 1026 2574 nescirent
1048 2535 1207 2573 invicem
1225 2547 1317 2576 con-

286 2585 434 2624 fabulari
455 2613 466 2630 ,
501 2586 539 2622 &
571 2586 737 2624 ineruditi
764 2584 878 2625 effent
899 2586 944 2624 ad
963 2585 1229 2624 differendum:
1258 2587 1317 2625 ubi

285 2647 377 2674 vero
400 2635 467 2674 fint
488 2635 630 2675 honesti
651 2639 688 2675 &
710 2638 837 2676 eruditi
860 2639 1039 2676 convivae
1061 2664 1072 2679 ‚
1109 2648 1230 2686 neque
1261 2647 1316 2674 tu·

286 2686 428 2732 bicines,
455 2698 577 2736 neque
588 2688 798 2737 saltatores,
825 2700 946 2738 neque
967 2687 1098 2741 lyristas
1115 2688 1319 2732 intromitti,

285 2749 371 2776 cum
394 2737 469 2776 satis
485 2738 639 2777 habeant
657 2740 750 2777 inter
779 2739 814 2778 se
846 2738 950 2785 diqna
987 2747 1196 2778 memoratu
1217 2737 1318 2778 diffe-

285 2798 364 2827 rere
380 2817 392 2834 ,
422 2789 496 2827 fine
516 2790 610 2838 gyris
627 2791 665 2827 ἃ
687 2790 811 2829 talibus
829 2777 998 2829 ludibriis.
1026 2791 1057 2827 C
1071 2802 1094 2828 Α
1109 2805 1124 2828 ·ι
1144 2805 1163 2828 Α
1179 2805 1215 2829 Ν.

340 2861 375 2905 3..
401 2851 536 2888 Calceos
550 2853 725 2902 poscunt]
754 2853 810 2890 Ut
824 2861 987 2902 parantes
1005 2854 1115 2894 abire.
1143 2854 1238 2892 Nam
1254 2854 1319 2893 dis-

286 2898 435 2937 cubituri
472 2903 654 2948 ponebant
689 2904 811 2942 calceos
832 2932 843 2949 ,
891 2917 939 2942 ne
973 2905 1085 2943 lectos
1120 2906 1322 2949 tricliniares

286 2950 583 3035 {ontspugcarenu
609 2965 700 3002 quos
718 2956 899 3003 surgentes
921 2958 958 2994 &
976 2956 1146 2995 abeuntes
1165 2957 1321 2995 resume-

279 3009 356 3045 ·san
377 3026 384 3035 .
454 3013 668 3042 ucHNr-ssit.

326 3070 370 3118 35.
396 3061 613 3112 Recabant]
642 3065 736 3103 Puto
759 3066 884 3105 melius
904 3067 974 3106 effe
986 3068 1178 3118 secabant,
1202 3068 1315 3109 averfi

1362 1240 1475 1287 juxta
1493 1238 1672 1277 recumbis
1691 1249 1734 1285 φ’
1752 1238 1903 1288 vesceris.
1931 1240 2057 1288 ltaque
2075 1249 2123 1275 eo
2144 1237 2220 1276 fere
2236 1240 2398 1289 inclino,

1365 1297 1407 1327 ut
1427 1290 1591 1330 censeam
1614 1287 1781 1339 scripsisse
1801 1289 1990 1328 auctorem
2012 1317 2023 1334 ‚
2058 1287 2161 1337 quod
2183 1289 2231 1327 est
2260 1291 2297 1328 in
2314 1292 2400 1331 Me-

1366 1339 1491 1380 diceo:
1521 1353 1587 1380 non
1607 1340 1735 1379 minore
1753 1353 1829 1377 cum
1860 1340 1971 1378 taedio
1997 1339 2158 1379 recusant
2175 1368 2186 1384 ,
2226 1353 2332 1390 quam
2358 1353 2400 1381 tu

1364 1391 1428 1442 ista
1448 1399 1517 1430 cet.
1549 1392 1717 1439 Recusare
1733 1392 1771 1429 ὃς
1787 1392 1912 1441 perpeti
1929 1392 2110 1440 eleganter
2128 1389 2190 1428 fibi
2209 1393 2398 1441 objacent,

1370 1450 1478 1492 atque
1501 1441 1547 1480 fic
1565 1443 1676 1491 longe
1694 1443 1807 1490 magis
1826 1441 1990 1490 perverse
2011 1441 2245 1479 delicatorum
2266 1442 2400 1482 stoma-

1366 1494 1453 1531 chus
1471 1494 1741 1541 reprehenditur
1765 1520 1774 1535 ,
1802 1491 1904 1541 quod
1922 1495 2030 1531 etiam
2046 1503 2138 1529 *cum
2161 1492 2282 1531 taedio
2305 1509 2401 1532 recu-

1358 1545 1446 1593 sant
1465 1545 1643 1582 tectorem
1669 1571 1680 1588 ,
1714 1542 1859 1591 lyristen
1888 1542 1925 1579 &
1945 1541 2170 1580 comoedum
2194 1570 2204 1587 ,
2234 1554 2345 1593 quarn
2373 1546 2400 1589 fi

1339 1615 1340 1626 κ
1368 1604 1509 1633 tantum
1532 1606 1618 1632 cum
1641 1592 1764 1632 taedio
1797 1592 2050 1632 recumberent
2075 1605 2084 1630 :
2123 1591 2170 1629 fic
2200 1596 2299 1632 enirn
2320 1607 2399 1635 non

1339 1641 1341 1647 ’
1367 1647 1510 1691 minus,
1536 1657 1647 1696 quam
1668 1645 1725 1684 alii
1742 1644 1809 1690 illi,
1833 1644 2030 1694 patiuntur.
2057 1644 2228 1683 Lucanus
2239 1646 2320 1685 Lib.
2333 1647 2403 1691 II'I.

1369 1709 1419 1736 vs.
1447 1708 1534 1749 324.

1416 1798 1471 1886 {a
1491 1811 1586 1836 mens
1604 1795 1667 1841 ista
1686 1795 1822 1847 quidem
1841 1796 1992 1843 cunetis,
2019 1803 2061 1835 ut
2077 1794 2191 1842 vestra
2213 1800 2376 1839 recusent

1453 1856 1523 1888 ata.

1370 1950 1489 1990 Valer.
1505 1950 1629 1991 Flacc.
1651 1948 1737 1989 Lib.
1756 1950 1846 1990 VII.
1870 1961 1921 1990 vs.
1941 1950 2029 2001 5⁷89.

1426 2053 1488 2090 Ille
1510 2053 1631 2110 virum
1651 2062 1757 2103 atque
1775 2051 1887 2102 ipsam
1900 2062 1988 2090 tunc
2007 2059 2067 2100 te,
2080 2053 2207 2094 Medea
2219 2054 2400 2101 ,recusans

1421 2109 1597 2142 Concuttt.

1374 2204 1501 2243 Livius
1529 2203 1609 2243 Lib.
1628 2204 1677 2241 V.
1707 2203 1940 2253 cap.XLIV.
1967 2212 2045 2244 extr
2086 2213 2167 2244 Non
2177 2208 2398 2247 recusoeum-

1374 2255 1453 2293 dem
1473 2257 1615 2294 Ardeae
1634 2267 1748 2293 rerum
1765 2267 1923 2292 mearum
1942 2259 2080 2295 exitum
2102 2285 2112 2303 ,
2151 2271 2249 2309 quem
2275 2263 2398 2294 Romae

1376 2306 1494 2349 habui.
1530 2307 1683 2353 Justinus
1720 2306 1799 2344 Lib.
1821 2306 1924 2344 XIII.
1961 2319 2037 2356 cap.
2060 2307 2108 2347 11.
2142 2320 2256 2346 n.11.
2286 2305 2399 2343 Ptole·

1375 2370 1492 2396 maetas
1512 2358 1692 2396 recusabat
1712 2368 1836 2407 regem
1868 2357 2078 2404 Aridaeum.
2114 2367 2220 2409 atque
2238 2358 2309 2395 hoc
2327 2355 2400 2393 fre-

1373 2420 1498 2458 quens.
1527 2410 1629 2446 Con
1644 2419 1717 2448 rt.
1750 2412 1753 2413 ⁷
2090 2428 2092 2431 ·

1425 2473 1464 2508 ς.
1495 2459 1691 2510 Prodigia.]
1723 2458 1871 2508 Nempe
1889 2460 2039 2505 scurras,
2065 2455 2399 2512 cinaedos‚morio-

1368 2522 1452 2548 nes.
1480 2511 1532 2549 Ita
1553 2512 1686 2549 Cicero
1708 2521 1776 2558 pro
1805 2510 1903 2548 Sext.
1929 2522 2007 2558 cap.
2026 2510 2144 2548 XVII.
2182 2512 2260 2543 Duo
2277 2514 2400 2553 tmpor-

1379 2572 1467 2599 tuna
1488 2562 1648 2612 prodigia
1671 2589 1682 2605 ,
1711 2573 1790 2610 quos
1809 2560 1929 2609 egestas
1950 2589 1959 2604 ‚
1997 2573 2075 2608 quos
2093 2558 2179 2596 aeris
2202 2555 2303 2611 galieni
2322 2569 2401 2592 ma-

1373 2613 1519 2662 gnitudo
1546 2641 1555 2651 .
1581 2641 1590 2650 .
1619 2641 1629 2651 .
1654 2612 1909 2661 tribunoplebis
1925 2610 2107 2657 constrictos
2122 2607 2319 2644 addzxerat.
2348 2607 2401 2650 tta

1378 2665 1566 2713 aliquoties
1585 2663 1736 2712 monstra
1753 2662 1798 2700 de
1820 2661 2022 2700 hominibus
2039 2657 2181 2707 perditis
2202 2657 2397 2704 Lucanus,

1378 2723 1417 2753 ut
1447 2716 1530 2755 Lib.
1548 2714 1658 2755 :Vm
1685 2725 1735 2752 vs.
1759 2714 1848 2761 613.

1757 2826 1832 2850 cum
1856 2810 2011 2858 stringere
2023 2811 2164 2856 ferrum

1478 2866 1595 2914 *Regia
1622 2864 1777 2903 monstra
1798 2871 1940 2912 parant.

1378 2969 1480 3006 Plura
1501 2967 1547 3004 ad
1578 2963 1655 3003 Lib.
1679 2963 1746 3000 VI.
1772 2960 1932 3011 ejusdem
1958 2960 2100 2999 Annaei
2122 2972 2172 2999 vs.
2189 2962 2275 3009 63⁴¹·
2299 2960 2404 3000 Ita&

1377 3026 1571 3065 portentum
1592 3013 1684 3062 apud
1707 3013 1801 3049 alios.
1829 3012 2017 3052 Mediceus
2037 3025 2046 3051 ε
2083 3025 2189 3064 quam
2219 3024 2258 3051 tu
2277 3014 2332 3051 'ita
2355 3013 2404 3064 fic

1375 3068 1466 3105 em'm
1487 3065 1627 3117 adpello
1641 3062 1791 3152 prodigia
1809 3071 1842 3112 p.
1858 3077 1887 3105 e.
2264 3113 2301 3152 6.
2328 3109 2406 3158 Ipse
