2616 3686
555 181 901 236 LI'BER
971 181 1114 233 VIII.
1183 181 1757 238 EP-ISTOLA
1823 193 1888 243 11.
2136 219 2236 272 555

119 275 356 334 oetavam
370 263 584 332 ‚addidi
606 268 620 294 ¹
641 260 916 326 decimam
929 261 1045 333 ejus⁴
1060 262 1325 324 summae,
1351 279 1457 334 qua
1478 263 1672 334 decem
1699 269 1860 324 millia
1885 271 2227 337 excesserant.
2255 300 2270 322 ‘-

118 335 432 408 vesco-'nne
448 354 636 414 parur-n
658 335 998 408 exprefl'erim
1017 337 1278 409 :apertius
1293 342 1309 365 ²
1333 337 1564 391 calculos
1587 338 1882 396 ostendam.
1915 347 2074 419 Siqui
2089 350 2227 409 forte
2243 366 2273 412 5

115 419 419 498 quindecim
433 413 659 481 mil-libus
673 417 914 467 emerant
931 416 973 474 ,³
999 411 1054 466 hi
1077 413 1130 466 ὅτ
1145 410 1459 485 quindecim
1474 411 1698 467 millium
1719 414 1958 473 octavam
1971 457 1988 482 ‚
2006 422 2060 474 δε
2077 426 2234 495 quin-

150 512 217 551 ue
241 494 466 549 millium
495 487 1027 546 decimam-tulerunt.
1069 486 1349 542 Praeterea
1365 503 1488 540 cum
1504 499 1810 566 reputa-rem
1828 529 1844 554 ,
1864 494 2129 563 quosdam
2163 517 2234 556 ex

113 513 302 626 debito
313 570 640 640 aliquantum
656 601 672 628 ,
689 560 954 635 quosdam
970 561 1169 634 aliquid
1183 601 1200 626 ‚
1225 561 1490 634 quosdam
1507 562 1962 636 nihilreposuiffe:
1987 572 2008 604 ⁴
2029 586 2220 644 nequa·
2236 586 2268 627 6

113 661 278 719 quam
290 658 476 700 verum
491 638 778 696 arbitrabar
790 653 948 708 ,quos
963 641 1098 694 ⁵non
1116 636 1381 710 aequasset
1396 636 1529 693 fides
1543 638 1860 707 solutioni3‚⁶
1873 642 1970 698 hos
1987 641 2230 719 benigni-

2117 735 2229 778 tate

163 870 195 906 1.
219 863 395 904 Decimam
414 864 484 914 ejus
505 864 580 904 &a
651 860 926 899 Decumavimus
947 859 1044 899 aliter
1063 887 1074 904 ,
1110 861 1134 899 i.
1247 871 1282 911 3.
1308 865 1357 902 Hi
1390 862 1434 903 ὼ·
1467 860 1660 913 quindecim
1694 862 1844 903 millium
1880 869 2046 908 mavum
2067 896 2079 915 ,
2114 870 2217 959 &chy

112 915 288 955 decimam
309 914 536 953 detraximus.
627 913 820 950 ocabulum
850 912 1022 960 frequens
1037 910 1133 960 apud
1193 912 1418 960 Quindecim
1436 915 1586 952 millium
1604 925 1799 953 nummum
1822 916 2014 958 sestertium
2031 949 2042 966 ‚
2066 920 2139 959 hoc
2157 934 2178 959 e
2209 949 2223 967 ‚

110 965 288 1005 historicos
309 991 321 1010 ,
348 975 432 1002 curn
449 963 579 1002 volunt
599 962 787 1001 ostendere
806 961 990 1000 decimum
1003 973 1135 1011 quem·
1197 973 1284 1012 375.
1305 964 1508 1013 Philippum
1524 992 1533 1007 ,
1551 964 1681 1003 oetava
1702 964 1781 1003 sunt
1807 966 1917 1017 1875.
1936 972 2080 1010 nummi
2102 971 2224 1010 sester-

111 1027 182 1066 que
200 1015 242 1053 ab
265 1015 539 1064 imperatoribus
558 1013 815 1058 interfeetum,
843 1023 1000 1062 quorum
1023 1013 1131 1061 aliqui
1192 1013 1258 1058 tii,
1285 1012 1362 1053 five'
1382 1015 1529 1063 Philippi
1551 1016 1600 1062 46
1614 1042 1625 1060 ,
1651 1014 1740 1052 odio
1758 1015 1917 1062 denarii,
1943 1029 2096 1069 quatuor
2121 1022 2222 1061 oboli

111 1074 151 1104 ut
186 1071 286 1104 erant
321 1066 480 1106 mitiores
517 1063 768 1103 vicefimabant
789 1091 800 1107 ‚
837 1062 987 1111 quidam
1019 1063 1130 1101 etiam
1193 1064 1232 1101 &
1261 1063 1524 1105 hemiobolion.
1574 1066 1753 1114 Quinque
1779 1066 1930 1107 sestertia
1956 1070 2028 1109 five
2058 1073 2224 1122 quinque

107 1114 396 1156 centefimabant.
422 1114 564 1153 Auctor
580 1115 689 1162 Julius
711 1114 944 1163 Capitolinus.
969 1113 1132 1162 Quidam
1193 1114 1301 1153 millia
1330 1127 1527 1154 nummum
1558 1116 1753 1155 sestertium
1787 1119 1866 1154 sunt
1891 1119 2001 1158 nostri
2032 1133 2114 1170 125.
2140 1124 2223 1162 Phi-

109 1157 232 1205 tamen
265 1177 344 1203 non
377 1166 502 1214 legunt
535 1166 796 1206 decumavimus
822 1164 898 1212 ejus
920 1164 1098 1201 summam
1122 1191 1133 1209 ,
1189 1163 1286 1213 lippi.
1338 1167 1487 1206 Horum
1510 1166 1652 1206 decima
1677 1166 1756 1204 sunt
1781 1167 1923 1208 sestertii
1947 1173 2092 1210 nummi
2116 1173 2218 1220 quin-

109 1227 205 1267 quae
224 1215 350 1254 decem
371 1218 478 1255 millia
500 1213 711 1260 excesserat,
738 1214 797 1253 sed
816 1214 943 1252 addid-i
964 1214 1132 1252 decimam

106 1268 177 1316 ejus
177 1267 336 1316 fiammae
347 1294 358 1310 ‚
369 1280 458 1316 quae
469 1268 578 1307 decem
591 1266 907 1314 milliaexcefferat.
934 1266 966 1302 C
979 1277 1002 1307 ᾼ
1018 1278 1039 1303 1·
1058 1277 1080 1302 A
1096 1278 1134 1304 Ν.

107 1317 301 1356 Peffimum
321 1317 407 1355 illud
427 1331 434 1355 :
464 1316 725 1356 decumavimus
748 1318 817 1368 ejus
831 1316 1015 1372 summam
1035 1343 1053 1372 ‚⁸
1074 1326 1128 1352 or·

106 1375 185 1408 tum
205 1367 253 1406 est
272 1366 412 1406 fortafle
436 1380 482 1406 ex
499 1369 662 1417 scriptura
693 1369 860 1406 Meoicea
881 1379 888 1403 :
929 1366 1053 1423 adduiff
1069 1366 1132 1404 de-

105 1428 250 1457 cumam
270 1418 338 1465 ejus
357 1417 510 1464 summae
533 1446 544 1462 ,
571 1429 681 1467 quam
704 1416 1008 1465 orthographiam
1026 1421 1128 1465 iupra

105 1470 215 1507 etiam
236 1478 282 1505 ex
301 1466 425 1504 iisdem
448 1468 664 1505 membranis
691 1467 943 1506 adnotavimus
967 1480 975 1504 :
1014 1478 1134 1516 neque

106 1520 218 1566 vulgo
240 1517 459 1565 ignota.sunt
479 1518 638 1556 decumus
649 1515 778 1565 flucffus
790 1544 799 1559 ,
827 1518 1034 1554 decumanus
1046 1545 1055 1561 ‚
1073 1519 1131 1555 de—

109 1578 267 1606 cumatus
289 1568 327 1604 δε
350 1566 482 1604 fimilia.
534 1566 611 1615 Ipse
630 1566 771 1605 Tullius
793 1566 840 1605 11.
859 1564 905 1602 de
928 1565 1036 1606 Offic.
1056 1578 1133 1618 cap.

106 1618 232 1657 XVII.
266 1617 423 1654 decumae
443 1617 575 1655 nomine
598 1645 610 1662 ‚
647 1617 707 1654 ubi
729 1616 936 1654 Manutium
959 1616 1127 1663 consule,

105 1671 145 1707 δί
168 1667 370 1706 Columella
395 1667 535 1706 Lib.V.
562 1667 607 1706 de
629 1668 675 1706 R.
690 1668 735 1704 R.
755 1675 838 1717 pars
859 1666 1016 1704 decuma.
1043 1667 1129 1705 Por-

108 1730 151 1758 ro
173 1719 298 1757 unicus
324 1718 380 1755 ille
407 1717 540 1755 Codex
565 1731 574 1755 :
611 1718 681 1768 ejus
690 1717 850 1767 summae
868 1743 879 1761 ,
914 1728 984 1766 qua
1016 1719 1129 1756 decem

109 1763 222 1807 inillia
240 1766 468 1806 excefferam.
494 1768 686 1816 eleganrer.
735 1767 844 1807 Haud
863 1779 959 1816 nego
983 1795 994 1812 ,
1031 1769 1130 1809 reste

108 1821 217 1857 etiam
235 1817 303 1856 dici
315 1819 494 1867 summam
515 1820 668 1857 excedere
679 1818 759 1864 3sed
776 1819 925 1858 alterum
949 1829 1025 1856 non
1046 1830 1128 1867 pro-

109 1869 179 1910 tn'ti
197 1868 276 1906 usus
298 1893 310 1910 ‚
347 1871 384 1905 ὅ(
407 1878 529 1907 tamen
552 1870 689 1918 probati
709 1869 768 1909 est.
817 1872 913 1909 Nam
933 1867 1047 1908 sextus
1066 1870 1124 1908 ille

111 1917 221 1956 Casus
242 1927 318 1954 non
339 1916 410 1954 sine
433 1920 467 1955 vi
493 1946 502 1962 ‚
542 1931 618 1958 non
647 1920 720 1959 fine
738 1921 850 1970 specie
870 1919 983 1965 verbis
1004 1919 1123 1970 adjici-

1192 1216 1313 1263 genti,
1340 1217 1489 1267 Philippi
1508 1217 1703 1256 duodecim
1723 1218 1760 1255 &
1779 1217 1993 1260 dimidiatus.
2043 1221 2096 1261 Hi
2116 1223 2223 1272 quin-

1191 1267 1288 1312 genti
1307 1271 1450 1307 nummi
1477 1267 1586 1306 additi
1622 1268 1720 1307 mille
1750 1268 1964 1318 octingentis
1991 1273 2152 1322 quinque
2180 1274 2220 1313 &

1190 1316 1404 1367 septuaginta
1432 1319 1593 1358 efficiunt
1619 1318 1695 1357 duo
1732 1320 1839 1358 millia
1873 1329 2055 1361 trecentos
2079 1324 2220 1372 septua-

1189 1367 1285 1414 ginta
1311 1371 1472 1420 quinque
1486 1398 1497 1415 ,
1522 1370 1661 1408 nostros
1675 1381 1736 1419 59.
1752 1369 1932 1420 Philippos
1943 1401 1953 1418 ,
1966 1382 2035 1412 tres
2054 1373 2220 1415 denarios

1193 1418 1251 1454 vel
1277 1418 1473 1469 schillingos
1497 1449 1509 1467 ,
1543 1429 1700 1471 quatuor
1736 1420 1863 1459 obolos
1902 1424 1942 1460 &
1977 1424 2220 1466 dimidiatum.

1193 1467 1358 1508 Tantum
1377 1472 1482 1519 igitur
1507 1471 1553 1510 de
1579 1469 1785 1521 quindecim
1824 1471 1972 1511 millibus
1993 1473 2054 1512 fibi
2079 1475 2218 1515 detrahi

1193 1517 1305 1566 paffus
1325 1521 1373 1558 est
1394 1521 1524 1561 Plinius
1545 1549 1557 1565 ‚
1594 1524 1632 1559 &
1660 1532 1745 1559 cum
1776 1520 1891 1570 poffet
1922 1535 2008 1572 375.
2034 1525 2215 1574 Philippos

1193 1570 1335 1618 exigere
1357 1599 1366 1615 ‚
1406 1571 1639 1609 solummodo
1669 1582 1753 1621 315.
1779 1572 1958 1622 Philippos
1981 1601 1992 1620 ‚
2023 1574 2082 1613 sex
2104 1576 2217 1615 dena-

1191 1619 1261 1657 rios
1274 1648 1285 1665 ,
1312 1620 1461 1659 obolum
1485 1623 1523 1660 δε
1541 1621 1732 1660 dimidium
1753 1622 1853 1660 oboli
1871 1625 2214 1673 exegit,sestertium

1190 1680 1386 1709 nummum
1411 1671 1608 1711 duodecim
1634 1673 1741 1711 millia
1773 1673 1960 1715 sexcentos
1985 1677 2148 1727 quinque
2175 1679 2215 1718 δε

1190 1721 1324 1769 viginti.
1351 1723 1385 1759 G
1399 1735 1420 1758 R
1436 1733 1460 1759 ο
1475 1736 1495 1759 Ν
1507 1736 1530 1759 o
1545 1734 1580 1759 v.

1236 1782 1274 1817 4.
1298 1776 1532 1822 Nequaquam
1559 1785 1682 1810 verum
1711 1772 1952 1826 arbitrabar]
1990 1775 2047 1816 Sic
2082 1779 2218 1820 Aldina

1188 1818 1301 1858 editio
1322 1849 1334 1867 ,
1370 1822 1544 1861 Catanaei
1568 1824 1702 1872 justum
1735 1823 1963 1872 arbitrabar,
1989 1840 2066 1866 non
2102 1831 2214 1872 reete.

1186 1869 1332 1916 Justum
1356 1873 1454 1911 enim
1477 1873 1563 1912 nihil
1584 1874 1677 1913 aliud
1691 1902 1700 1918 ,
1729 1885 1840 1924 quam
1860 1877 2107 1925 interpretatio
2130 1892 2214 1918 ver-

1185 1921 1218 1958 bi
1244 1922 1394 1961 alteriUS.
1420 1923 1492 1961 GR
1510 1936 1656 1962 uTER.
1695 1925 1857 1974 Verum]
1886 1927 2063 1978 Aequum
2090 1931 2128 1969 ὅ(
2149 1932 2212 1982 ju·

108 1975 191 2012 tur,
217 1967 342 2014 utjam
362 1967 496 2006 dietum
518 1969 562 2010 ad
591 1970 667 2009 Lib.
691 1972 716 2010 I.
739 1971 843 2021 Epist.
863 1971 1001 2011 XXIII.
1027 1983 1064 2009 n.
1083 1984 1120 2012 2.
1173 1971 1285 2026 stum.
1311 1973 1486 2014 Horatius
1510 1975 1590 2015 Lib.
1612 1974 1640 2014 1.
1664 1976 1771 2027 Epist.
1789 1976 1875 2015 VII.

108 2019 147 2056 &
169 2018 244 2055 alibi
265 2017 415 2063 pluribus
439 2019 655 2062 illustratum.
682 2021 816 2062 Eadem
840 2022 1119 2063 Constructione
1172 2032 1176 2073 ξ

107 2068 252 2105 Auctor
272 2066 346 2105 Lib.
371 2069 416 2107 II.
436 2069 538 2120 Epist.
560 2072 625 2110 XI.
649 2085 685 2112 n.
707 2086 742 2113 2.
768 2072 944 2114 exceffiffe
965 2075 1120 2123 Priscum
1173 2093 1176 2098 *

106 2118 331 2157 immanitate
349 2130 392 2158 ω·
409 2120 547 2160 saevitia
564 2123 731 2167 crimina,
757 2126 876 2175 quibus
899 2126 979 2162 dari
987 2126 1120 2175 judices

1235 2077 1359 2116 Metiri
1357 2078 1397 2128 se
1407 2090 1571 2131 quemque
1573 2078 1636 2129 suo
1647 2078 1783 2119 modulo
1793 2091 1833 2118 ac
1836 2079 1919 2130 pede
1929 2109 1940 2127 ,
1956 2095 2079 2120 verum
2090 2083 2148 2131 est.

101 2168 223 2217 possem
240 2187 257 2207 ;
295 2180 368 2217 quo
398 2170 502 2217 paeto
530 2171 663 2212 Cicero
694 2175 856 2214 Verbum
871 2177 1030 2224 superare
1047 2176 1117 2214 sae·
1183 2181 1307 2216 Verum
1325 2179 1389 2227 est,
1418 2179 1515 2220 idest
1531 2209 1540 2224 ‚
1568 2181 1673 2220 decet
1689 2191 1730 2218 ac
1751 2191 1812 2230 par
1834 2179 1882 2218 est
1921 2183 2111 2222 Priscianus
2126 2184 2209 2225 Lib.

104 2220 242 2267 pifflme
264 2218 397 2256 uastat.
423 2220 598 2259 Eamdem
622 2223 810 2264 confirmat
827 2226 910 2264 illud
935 2227 1012 2265 Lib.
1033 2227 1065 2263 V
1072 2227 1118 2264 11.
1180 2229 1319 2268 XVIII.
1349 2230 1495 2278 Justum
1513 2241 1574 2281 pro
1594 2246 1674 2269 vero
1694 2258 1706 2275 ‚
1743 2242 1786 2270 ω’
1815 2244 1937 2269 verum
1954 2243 2013 2280 pro
2024 2235 2113 2283 justo
2128 2236 2206 2280 sre-

103 2268 211 2316 Epist.
234 2269 374 2306 XVIII.
402 2281 438 2306 n.
460 2282 491 2317 3.
521 2275 565 2308 Et
586 2283 667 2320 ager
684 2274 768 2323 ipse,
792 2285 925 2332 propter
947 2277 984 2314 id
998 2305 1008 2322 ‚
1027 2279 1117 2336 qued
1175 2292 1401 2330 quentertam
1413 2294 1493 2325 nos,
1519 2295 1624 2331 quam
1638 2281 1750 2318 Attici
1763 2281 1918 2330 ponimus
1956 2282 2121 2322 Bucflu
2137 2297 2207 2324 fin.

103 2320 259 2367 vetligal,
285 2318 376 2367 large
394 2320 403 2355 ἕ
408 2323 617 2368 upercurrit‚
619 2326 748 2373 semper
767 2327 939 2364 dommum
959 2328 1123 2367 inveniet.

106 2369 301 2408 Adamavit
336 2371 431 2406 iilam
460 2371 671 2420 elegantiam
699 2375 805 2413 etiam
836 2379 952 2426 major
968 2379 1120 2425 Plinius,

103 2419 196 2468 apud
216 2430 326 2468 quem
345 2420 476 2466 saepius
499 2434 506 2457 :
546 2427 642 2458 Latos
659 2424 784 2461 alvum
803 2426 913 2464 baccis
924 2427 1033 2476 [istim
1070 2430 1122 2468 se·

102 2471 201 2510 mine
220 2470 345 2506 alvum
355 2469 521 2519 solvimus
552 2472 640 2509 folio
652 2474 804 2521 prodest,
832 2476 876 2514 de
897 2489 972 2526 quo
993 2489 1123 2527 genere

1179 2331 1297 2369 Etiam
1316 2333 1399 2369 MS.
1427 2345 1551 2369 verum
1570 2329 1771 2368 arbitrabar
1792 2358 1803 2374 ,
1832 2334 1867 2368 ἂ
1889 2333 1960 2369 hoc
1980 2333 2078 2371 idem
2098 2343 2207 2373 nota-

1179 2391 1217 2417 re
1231 2407 1242 2425 ,
1268 2381 1369 2430 quod
1389 2392 1549 2430 aequum
1572 2383 1609 2418 &
1625 2382 1759 2430 justum
1783 2407 1794 2424 ,
1821 2381 1898 2430 post
1919 2382 2081 2422 Servium
2101 2386 2206 2426 multi

1180 2429 1358 2475 docuere,
1386 2443 1544 2478 quorum
1578 2432 1713 2480 aliquot
1749 2431 1968 2471 laudavimus
2002 2435 2046 2471 ad
2074 2435 2204 2476 Sallust.

1182 2480 1261 2518 Cat.
1279 2493 1354 2530 cap.
1377 2481 1535 2520 XXXV.
1561 2494 1595 2520 n.
1618 2493 1650 2518 2.
1677 2481 1802 2531 quibus
1823 2482 1914 2521 adde
1943 2484 2133 2524 Davifium
2153 2488 2202 2526 ad

103 2520 185 2560 vide
208 2520 374 2557 Gronov.
393 2520 436 2556 ad
461 2521 539 2557 Lib.
562 2522 678 2559 XXII.
705 2524 794 2562 Hist.
816 2527 901 2564 Nat.
925 2538 1000 2575 cap.
1019 2529 1121 2570 XIII.
1183 2530 1314 2568 Cic.lI.
1346 2531 1519 2569 Academ.
1547 2532 1703 2580 capVI.
1730 2538 1847 2584 Neque
1866 2534 1957 2571 enim
1975 2547 2101 2575 verum
2115 2535 2202 2583 effe,

103 2571 142 2612 &
163 2569 280 2608 XXII.
319 2569 357 2605 δι’
392 2581 458 2608 nos
497 2571 539 2610 ad
579 2573 719 2615 Lucani
756 2575 835 2614 Lib.
867 2577 910 2616 X.
948 2589 999 2615 vs.
1037 2590 1120 2626 245.
1179 2581 1252 2617 ulla
1272 2583 1403 2620 ratione
1424 2583 1594 2631 disputare
1622 2595 1698 2620 cum
1722 2584 1784 2627 iis,
1821 2585 1882 2633 qui
1906 2585 1994 2622 nihil
2009 2588 2206 2635 probarent.

103 2620 296 2660 coare

1182 2632 1301 2669 Vtitur
1323 2634 1360 2669 ὃ(
1383 2633 1506 2670 Livius
1527 2661 1538 2677 ‚
1575 2641 1613 2670 ut
1644 2634 1720 2671 Lib.
1748 2636 1791 2672 11.
1818 2646 1893 2684 cap.
1915 2636 2095 2675 XLVIII.
2124 2639 2204 2679 Lib.

151 2682 188 2710 2.
216 2668 422 2726 calculon]
442 2669 738 2720 Suppurationem
762 2704 772 2721 ,
806 2678 982 2716 rationem
1016 2691 1120 2727 pecu·
1180 2680 1320 2720 XXIII.
1342 2694 1416 2731 cap.
1439 2683 1502 2719 XI.
1533 2684 1611 2721 lib.
1634 2684 1777 2723 xxxu
1829 2699 1904 2736 cap.
1924 2688 2097 2725 XXXIII.
2128 2690 2203 2728 Lib.

104 2720 204 2760 niae:
228 2722 345 2771 lapillis
365 2731 461 2758 enim
483 2726 741 2772 computabant
763 2755 773 2771 ,
809 2729 910 2778 quod
943 2740 1040 2767 nunc
1061 2731 1119 2769 ali-

1179 2733 1350 2772 XXXiX.
1384 2744 1461 2781 cap.
1484 2734 1642 2772 XXVII.
1684 2735 1766 2774 Lib.
1797 2738 1866 2775 XL
1914 2749 1992 2787 cap.
2023 2738 2130 2778 XVI.
2162 2742 2201 2779 &

104 2773 166 2820 qui
185 2771 379 2811 observant.
434 2772 480 2809 Et
502 2772 596 2811 ideo.
628 2775 664 2814 ffi
692 2786 822 2825 quarto
850 2780 979 2817 Paulus
1000 2781 1120 2818 calculi
1146 2779 1149 2786 '
1175 2783 1264 2821 alibi.

108 2821 268 2859 rationem
290 2838 300 2866 ;
339 2823 376 2860 ὃ(
403 2822 565 2862 Valerius
585 2852 596 2869 ,
625 2828 658 2864 si
686 2829 735 2864 ad
762 2829 900 2866 calculos
921 2841 1118 2875 revocetur3

111 2880 152 2907 ac
170 2870 340 2915 luvenalis
359 2873 471 2921 Satyr.
492 2873 555 2911 IX.
592 2881 748 2915 Ponatur
770 2879 917 2918 calculus
937 2896 947 2924 ;
985 2883 1022 2919 &
1042 2881 1118 2919 Co·

111 2919 252 2958 lumella
275 2923 340 2961 Lib
370 2923 396 2960 I.
426 2924 608 2972 Compofito
629 2929 753 2966 calculo
781 2932 918 2977 jerfesii
944 2934 1043 2981 operis
1064 2946 1123 2969 ra-

113 2969 234 3013 tionem
251 2981 437 3020 computant
449 3002 461 3017 ,
487 2973 662 3018 dixerunt.
688 2979 720 3018 C
731 2992 755 3019 Α
769 2993 791 3020 τ
803 2994 825 3020 A
841 2994 876 3021 Ν.
913 2982 1121 3024 Mediceus:

26 3057 32 3070 '
114 3020 257 3068 apert-‘us
275 3022 404 3060 calculo
424 3024 607 3070 ostendam.

1232 2846 1263 2881 ς.
1294 2839 1372 2871 Non
1389 2836 1552 2885 aequaffit
1571 2836 1655 2882 fides
1676 2836 1866 2882 solutionis,
1893 2843 1992 2883 eye]
2018 2842 2098 2888 Qui
2124 2852 2202 2880 non

1179 2883 1321 2922 fuiffent
1342 2887 1507 2934 aequales
1528 2887 1561 2924 in
1591 2887 1765 2926 solutione
1793 2889 1897 2927 debiti
1922 2903 1929 2927 :
1964 2891 2114 2930 tractare
2140 2904 2204 2930 eos

1180 2936 1373 2984 aequaliter
1394 2938 1431 2974 in
1452 2937 1674 2983 remiliione,
1697 2938 1831 2988 justum
1853 2952 1929 2979 non
1949 2944 2084 2992 putavi.
2117 2942 2149 2980 C
2162 2955 2204 2980 A-

1185 2997 1207 3022 τ
1224 2998 1242 3022 Α
1259 2998 1295 3023 Ν.

1150 3035 1154 3062 ⁴
1233 3037 1267 3078 6.
1294 3043 1364 3077 Hos
1398 3038 1603 3091 benignitate
1632 3043 1823 3092 remissionis
1854 3045 2045 3096 aequare]
2086 3044 2136 3082 Ita
2161 3055 2203 3080 o·

1583 3091 1711 3131 Aaaa
1740 3107 1758 3132 z
2101 3104 2202 3131 mnes
