2616 3686
829 186 1829 238 H.STEPHANI

253 298 808 364 tuofisfimaesiribendum
839 304 930 369 est]
954 306 1003 353 in
1033 305 1077 353 se
1109 319 1272 352 ornnes
1320 305 1606 367 adparitores
1637 302 1789 366 regios
1825 314 2124 351 convertunt.
2190 303 2355 354 Verum
2371 309 2436 355 ad

252 366 377 413 aliud
393 362 622 429 exemplum
639 379 686 415 ut
709 367 923 430 tranftam
937 402 953 427 ‚
977 370 1154 415 verbum
1176 385 1334 430 quoque
1353 371 1592 432 Repetere
1611 369 1727 428 apud
1743 366 1854 412 hunc
1870 383 1950 414 non
1966 377 2163 429 tantum,
2185 373 2296 432 quod
2320 375 2439 435 apud

253 433 360 478 alios
374 434 590 494 plerosque
600 433 826 494 scriptores
835 433 1103 495 fignificare,
1126 431 1209 492 sed
1219 436 1319 494 poni
1349 437 1480 480 etiam
1495 446 1575 492 pro
1594 431 1853 480 Reminisci
1877 434 2110 492 comperies.
2174 436 2328 499 Neque
2358 450 2434 487 ta.

250 509 345 543 men
363 499 573 558 peculiare
600 496 675 543 hoc
695 497 766 558 isti
787 497 864 558 effe
884 499 968 544 clici
987 498 1147 562 potest:
1181 509 1231 544 at
1263 515 1364 546 vero
1395 501 1682 559 Subpetere‚
1717 499 1763 544 in
1792 499 1944 543 activa
1969 497 2278 559 fignificatione
2300 542 2313 563 ,
2351 518 2433 566 pro

254 563 555 622 Subpeditare,
590 564 704 608 inter
730 579 780 609 ea
811 578 916 625 quae
943 565 1009 610 illi
1037 575 1116 609 aut
1141 566 1406 623 peculiaria,
1441 575 1519 609 aut
1550 576 1642 608 cum
1658 562 1914 622 paucifflmis
1937 564 2169 608 communia
2188 565 2319 628 fian,
2355 587 2433 617 nu-

252 630 413 673 merari
431 627 618 690 fortaffe
640 628 773 676 debet.
842 629 1001 690 Exstat
1024 640 1168 676 autem
1200 632 1244 675 in
1271 629 1385 691 epist.
1423 632 1486 677 ΙΙ.
1520 628 1593 675 lib.
1631 645 1694 677 lx.
1730 628 1801 674 ubi
1823 628 1872 674 de
1906 629 2102 674 Cicerone
2133 630 2296 690 loquens
2317 635 2430 695 scri-

255 692 319 737 bit
344 710 355 740 :
401 693 471 741 Illi
503 695 631 742 enirn
657 693 708 742 δε
731 694 1087 757 copioiissimum
1123 695 1367 759 ingenium
1391 695 1441 744 &
1471 711 1552 758 par
1582 693 1773 758 ingenio
1804 694 2028 742 materia:
2067 710 2205 757 quam
2232 709 2327 744 tam
2350 717 2429 749 va-

256 757 396 806 rietas
418 775 571 807 rerum
597 798 609 817 ,
658 776 795 822 quam
829 760 1103 823 magnitudo
1146 761 1388 824 largissime
1418 761 1703 822 subpetebat.
1776 757 1870 803 Hic
1893 759 2015 818 plane
2052 762 2311 822 Subpetere
2340 780 2435 812 eum

253 822 407 869 habere
429 823 547 886 ufhm
569 824 792 883 videmus,
827 841 948 887 quem
969 825 1122 872 habere
1151 826 1329 872 verbum
1351 822 1783 888 Subpedita1·esolet
1798 838 1814 868 .·
1847 838 1906 869 an
1937 833 2078 869 autem
2108 826 2228 871 illum
2259 828 2435 877 Latini-

253 898 326 934 tas
348 889 582 949 admittat,
618 890 696 935 alii
720 889 924 939 viderint.
995 891 1237 952 suffetium
1258 892 1422 953 quidem
1442 900 1551 940 certe
1571 889 1644 939 hoc
1663 891 1744 937 loco
1765 888 1878 936 illud
1896 889 2071 935 verbum
2101 889 2179 950 effe
2203 929 2216 951 ,
2252 909 2332 940 non
2356 897 2436 942 mi-

255 955 399 1001 rabor.

319 1023 389 1066 At
419 1036 520 1067 vero
545 1022 636 1068 alia
658 1022 886 1081 nonnulla,
920 1039 1026 1086 quae
1044 1025 1071 1070 ὰ
1097 1039 1160 1071 me
1187 1023 1617 1084 praetermittuntur,
1652 1021 1971 1084 ejusmodifitnt
1992 1059 2004 1079 ,
2041 1032 2092 1069 ut
2121 1024 2232 1070 mira
2263 1034 2438 1075 tantum

239 1083 426 1145 fortaſje
446 1103 525 1134 non
555 1090 687 1136 etiam
712 1087 911 1149 fitspec't’a
946 1093 1027 1137 tihi
1057 1091 1133 1152 effi’
1161 1090 1353 1136 debeant.
1422 1092 1509 1137 Ad
1535 1091 1613 1136 illa
1641 1099 1787 1135 autem
1817 1088 1930 1150 quod
1964 1087 2132 1138 adtinet
2154 1127 2167 1149 ‚
2211 1106 2316 1152 quae
2336 1094 2436 1156 fias-

241 1154 368 1210 pec‘t'a
389 1155 522 1198 etIam
533 1151 635 1214 fore
654 1154 914 1201 videbantur
934 1194 946 1215 ‚
983 1158 1056 1202 ubi
1083 1158 1176 1202 alia
1197 1158 1313 1203 lectio
1326 1155 1377 1218 fio
1396 1157 1580 1215 obtulit,
1612 1169 1718 1216 quae
1747 1155 1859 1200 omni
1870 1153 2105 1213 suspicione
2129 1167 2308 1203 vacaret
2328 1197 2341 1219 ‚
2379 1160 2435 1212 &2³

251 1217 280 1260 a
297 1213 514 1276 sententia
536 1219 614 1265 loci
635 1221 806 1266 minime
835 1222 977 1268 aliena
997 1222 1124 1282 efflet,
1159 1225 1258 1269 meis
1293 1232 1341 1266 ut
1372 1220 1481 1268 hanc
1512 1224 1557 1268 in
1591 1230 1712 1267 textu
1733 1253 1749 1280 ,
1795 1221 1917 1265 illam
1947 1220 1993 1264 in
2022 1223 2212 1282 margine
2237 1235 2438 1283 ponerent

250 1281 476 1330 mandavi.
545 1284 732 1349 Qodst
756 1302 835 1333 non
858 1287 1034 1349 ubique,
1068 1299 1117 1333 at
1146 1299 1255 1335 certe
1269 1288 1479 1348 plerisque
1499 1289 1543 1333 in
1567 1287 1665 1333 locis
1680 1285 2018 1346 praestiterunt:
2053 1286 2237 1348 equibus
2261 1288 2318 1351 est
2342 1290 2438 1352 hic,

249 1347 296 1392 in
316 1348 483 1409 epistola
501 1349 798 1397 decimatertia
821 1353 923 1400 libri
942 1353 1140 1414 fi’cundi:
1181 1354 1307 1422 Quid
1342 1353 1468 1400 enim
1502 1366 1580 1400 aut
1612 1352 1690 1399 illo
1725 1352 1906 1412 fidelius
1940 1350 2090 1399 amico
2112 1389 2125 1409 ‚
2172 1368 2252 1401 aut
2285 1354 2437 1404 sodale

248 1413 538 1476 jucundius?
574 1417 691 1464 mira
713 1417 762 1464 in
788 1417 997 1467 sermone
1017 1457 1030 1478 ‚
1067 1421 1184 1468 mira
1209 1419 1352 1467 etiam
1375 1418 1424 1466 in
1454 1416 1535 1466 o're
1563 1417 1661 1480 ipso
1683 1418 1910 1480 vultuque
1945 1416 2162 1465 suavitas.
2199 1419 2276 1466 Ad
2308 1420 2401 1468 hoc
2420 1460 2436 1480 ,

251 1478 496 1542 ingenium
520 1482 777 1540 excelsum,
815 1482 979 1532 subtile
998 1522 1011 1543 ,
1049 1486 1208 1543 dulce,
1247 1484 1384 1531 facile
1403 1521 1416 1542 ‚
1455 1484 1690 1536 eruditum
1712 1483 1761 1531 in
1786 1482 1929 1530 causis
1956 1482 2161 1545 agendis.
2218 1485 2310 1531 Hic
2327 1488 2439 1533 enim

252 1544 459 1604 quaedam
496 1549 755 1607 exemplaria
795 1563 875 1595 non
905 1551 1153 1612 Ingenium
1192 1549 1424 1598 excelsum
1445 1587 1458 1607 ,
1502 1549 1748 1611 Ingenium
1782 1546 2017 1596 excuss'um
2055 1548 2215 1594 habent
2239 1565 2256 1594 .·
2313 1562 2440 1613 atque

251 1607 361 1655 hanc
404 1612 615 1659 lec‘tionem
652 1613 809 1674 probat
851 1615 1098 1663 Catanaeus
1142 1615 1356 1680 (alterius
1392 1616 1551 1675 alioqui
1578 1615 1824 1659 mentionem
1843 1611 2047 1674 faciens)
2094 1613 2150 1664 ὅ
2189 1614 2440 1666 Excuss'um

251 1677 419 1735 exponit
451 1676 736 1727 Elaboratum
760 1695 776 1724 .·
815 1679 1048 1743 (quamvis
1083 1683 1386 1731 Elaboratum
1415 1679 1656 1743 ingenium
1689 1680 1822 1742 magis
1853 1679 1985 1723 etiam
2020 1693 2149 1739 quam
2186 1680 2442 1730 Excuss'um

251 1742 406 1787 mirari
424 1745 520 1805 quis
536 1744 692 1809 poffit)
728 1745 853 1792 addit
885 1763 988 1793 vero
1013 1749 1080 1793 illi
1116 1746 1359 1795 Exaetum.
1430 1746 1687 1811 Qinetiam
1713 1754 1834 1790 utens
1855 1744 1984 1802 paulo
2015 1756 2118 1791 ante
2145 1743 2222 1790 hoc
2250 1745 2334 1804 ipso
2364 1748 2442 1794 ad-

236 1805 431 1866 jec‘tivo,
468 1817 690 1871 tamquam
710 1826 777 1870 ee,
814 1812 864 1858 de
883 1828 959 1873 quo
980 1815 1149 1860 minime
1170 1812 1363 1859 dubitari
1380 1812 1538 1872 poffet,
1573 1811 1747 1857 dixerat
1767 1827 1783 1856 .·
1820 1809 1880 1854 Et
1900 1809 2006 1856 sane
2020 1809 2121 1858 sunt
2146 1811 2345 1872 Hispani
2370 1813 2439 1860 in-

250 1873 392 1934 genio
417 1874 616 1923 excusso.
686 1877 778 1939 Ego
801 1887 967 1937 tamen,
990 1881 1036 1939 st
1060 1878 1309 1928 Excussum
1337 1879 1384 1923 in
1407 1886 1530 1924 textu
1544 1877 1782 1938 ponendum
1805 1872 2087 1934 existimarem
2107 1909 2123 1934 ,
2161 1877 2289 1923 aliter
2319 1891 2440 1939 expo-

249 1939 432 1984 nendum
456 1939 669 1998 censerem.

322 2005 465 2050 Unum
484 2005 688 2070 superest,
722 2011 876 2069 lector,
913 2010 962 2056 de
985 2025 1063 2071 quo
1091 2010 1352 2057 admonitum
1382 2009 1459 2071 effl’
1483 2019 1548 2067 te,
1584 2018 1814 2071 antequam
1847 2006 1970 2054 hasce
2001 2007 2144 2054 Plinii
2174 2007 2365 2069 epistola&
2394 2013 2441 2058 in

249 2084 399 2132 titanus
411 2069 597 2132 sumas,
631 2090 711 2120 non
730 2089 887 2136 parum
918 2076 998 2122 tibi
1021 2075 1078 2133 esi
1104 2075 1401 2137 profuturum.
1468 2075 1696 2140 Quidnam
1729 2075 1841 2122 illud
1869 2073 1924 2135 est
1949 2073 1972 2119 ?
2018 2074 2125 2119 Non
2159 2091 2251 2120 eam
2276 2077 2441 2136 fhmper

180 2155 183 2158 ·
250 2135 487 2194 lectionem,
523 2154 630 2199 quae
651 2142 802 2203 inipso
828 2145 893 2203 stt
927 2151 1049 2188 textu
1081 2141 1163 2205 (ut
1196 2144 1321 2204 vulgo
1351 2140 1648 2204 adpellamus)
1676 2155 1726 2187 ea
1760 2155 1888 2202 quam
1923 2139 2050 2185 habet
2084 2154 2226 2201 margo
2259 2142 2336 2200 effi*
2362 2156 2437 2202 po-

249 2201 422 2250 tiorem:
459 2203 627 2265 ideoque
654 2207 857 2254 delectum
880 2208 958 2267 effe
987 2207 1286 2255 adhibendum.
1333 2208 1469 2273 „Quod
1494 2217 1544 2253 ut
1566 2207 1683 2267 fiat,
1713 2206 1921 2264 judicium
1955 2204 2157 2250 adhibeas
2187 2207 2334 2267 neceſje
2365 2207 2438 2268 est.

251 2265 509 2327 Exemplum
528 2269 584 2330 est
609 2272 708 2319 Lib.
746 2276 780 2320 Ι.
817 2272 962 2336 Epist.
1001 2275 1089 2322 VI.
1128 2289 1173 2320 n.
1211 2290 1252 2321 2.
1290 2273 1362 2319 ubi
1384 2275 1555 2336 legimus
1583 2288 1599 2318 .·
1646 2271 1828 2318 Mirum
1861 2269 1928 2317 est
1957 2283 2007 2316 ut
2039 2270 2216 2317 animus
2251 2272 2277 2318 εὶ
2311 2273 2437 2336 cogi-

249 2333 433 2380 tatione
447 2347 684 2399 motuque
722 2339 931 2401 corporis
972 2339 1218 2387 excitetur.
1273 2339 1364 2384 ch
1394 2341 1504 2384 enim
1533 2339 1716 2399 margini
1751 2336 2010 2400 adscriptum
2044 2333 2098 2394 est
2133 2335 2433 2398 signatione,

250 2407 298 2443 at
322 2400 366 2443 in
391 2408 512 2445 textu
537 2400 621 2461 est3
656 2402 700 2449 A
725 2403 1030 2467 cogitatione.
1097 2407 1166 2450 Ac
1190 2405 1390 2465 quamvis
1422 2418 1501 2449 non
1534 2404 1718 2449 dubitem
1741 2440 1753 2460 ‚
1800 2404 1901 2463 quin
1933 2402 2050 2447 leuto
2081 2400 2157 2445 illa
2196 2401 2293 2448 huic
2323 2404 2436 2465 longe

238 2467 302 2524 fit
330 2463 633 2526 anteferenda,
664 2469 808 2527 plures
829 2480 971 2515 tamen
993 2470 1190 2515 editiones
1224 2468 1306 2532 (ex
1338 2470 1486 2530 quibus
1508 2468 1562 2528 est
1596 2466 1796 2532 Aldina)
1828 2469 1974 2524 illam,
2011 2481 2138 2527 quam
2175 2483 2253 2512 non
2276 2467 2433 2526 probo,

248 2530 459 2576 let'lionem
491 2533 604 2577 nobis
633 2533 842 2582 exhibent.
881 2535 1139 2598 ,Quinetiam
1169 2534 1376 2595 quoddam
1411 2533 1743 2596 manuscriptum
1773 2535 2018 2592 exemplar,
2071 2532 2182 2592 quod
2218 2532 2436 2590 consului,

248 2594 346 2638 dum
368 2595 471 2642 haec
482 2596 737 2658 scriberem,
773 2601 893 2644 illam
923 2600 1114 2646 exhibere
1143 2602 1332 2661 comperi.
1401 2600 1468 2644 Et
1499 2600 1611 2661 quod
1636 2600 1696 2646 ad
1722 2598 1917 2644 editiones
1949 2598 2047 2641 illas
2084 2596 2247 2640 adtinet
2270 2627 2286 2652 ,
2318 2598 2434 2655 ficut

247 2660 381 2717 Aldi,
416 2664 483 2707 ita
504 2664 633 2708 etiam
659 2664 896 2710 Cratanclri
919 2665 1046 2710 editio
1070 2703 1082 2722 ‚
1129 2681 1236 2726 qaae
1263 2665 1420 2724 prodiit
1441 2680 1548 2710 anno
1585 2681 1633 2711 M.
1671 2681 1718 2711 D.
1762 2679 1907 2719 XXVI,
1942 2675 2093 2706 necnon
2114 2660 2274 2720 aliquot
2291 2662 2430 2720 aliae,

247 2721 400 2769 habent
429 2727 468 2772 A
494 2730 808 2791 cogitatione:
846 2739 896 2774 at
930 2730 1156 2787 Badiam,
1190 2732 1257 2777 cui
1292 2730 1444 2787 infierti
1470 2730 1580 2791 sunt
1620 2729 1943 2785 commentarii,
1990 2726 2309 2789 Cogitatione,
2339 2729 2432 2785 stne

237 2792 563 2848 praepofitione:
599 2810 726 2854 quam
749 2797 785 2840 is
809 2797 965 2852 etiam,
1002 2811 1074 2856 qui
1107 2797 1275 2841 illorum
1302 2799 1449 2841 auctor
1481 2793 1536 2855 est
1557 2828 1573 2852 ‚
1619 2811 1698 2840 non
1726 2792 1922 2855 agnoscit.
1994 2792 2049 2837 In
2078 2791 2254 2836 editione
2287 2802 2432 2838 autent

243 2853 442 2898 heredum
468 2858 730 2917 Grata-adri,
767 2877 872 2921 quae
887 2860 1050 2921 prodiit
1063 2875 1172 2907 anno
1196 2878 1246 2909 M.
1280 2877 1328 2908 D.
1362 2876 1480 2908 xL11.
1513 2859 1569 2920 est
1582 2862 1684 2918 illa,
1721 2875 1847 2920 quam
1879 2859 2084 2903 meliorem
2092 2854 2240 2912 judico
2264 2894 2276 2913 ‚
2313 2857 2432 2904 lectio

245 2917 338 2981 (59⁷
366 2919 529 2980 quidem
559 2926 748 2984 praefixo
775 2928 1011 2986 pronomine
1047 2926 1188 2990 Hac)
1226 2941 1354 2987 quum
1387 2927 1543 2987 alioqui
1573 2928 1709 2971 minor
1740 2923 1935 2969 adhibita
1959 2921 2090 2982 fuiffe
2121 2921 2325 2967 videatur
2361 2923 2430 2981 isti

241 2984 418 3030 editioni
437 2985 682 3046 diligentia,
720 2990 773 3040 [3¹³
800 2991 915 3049 saepe
938 2992 1116 3051 menlost
1137 2993 1182 3036 in
1204 2995 1353 3051 eafint
1379 2992 1454 3037 loci
1475 3029 1486 3047 ‚
1525 2993 1597 3050 qui
1619 2993 1662 3035 in
1688 2992 1826 3034 altera
1850 2990 1926 3032 illa
1961 3001 2040 3031 non
2078 2988 2192 3031 item.
2266 2988 2319 3033 V
2311 2987 2430 3034 erum

240 3060 288 3096 ut
309 3049 475 3097 adalia
502 3055 689 3114 exempla
712 3057 907 3114 veniam,
944 3057 1151 3104 leffionem
1182 3057 1385 3119 ntaiginis
1418 3055 1533 3118 sequi
1556 3058 1701 3116 potius
1731 3054 1918 3101 debemus
1942 3086 1958 3112 ‚
1987 3055 2031 3112 st
2051 3049 2078 3112 ‚‘
2112 3051 2223 3113 quod
2251 3053 2429 3101 Latini-

2351 3128 2424 3164 ta·

2564 359 2575 364 Ι

2581 287 2609 466 ..Ὕμφ-,κῖμ
