2616 3686
310 202 401 244 190

561 183 622 234 C.
689 177 1077 231 PL1N11
1145 169 1657 226 CAECILII
1725 168 2323 238 SECUNDL.

304 261 528 336 quidam
570 262 808 317 minores
834 295 851 321 ‚
902 255 994 311 sed
1031 269 1211 310 tamen
1247 250 1475 309 numeri.
1518 245 1786 301 Veniebat
1823 246 1877 301 in
1903 263 2144 306 mentem
2182 250 2418 322 'priores
2479 310 2482 312 ,

308 336 518 404 nostros
541 337 703 390 etiarn
731 330 1057 402 singulorum
1081 325 1350 397 hospitum
1381 320 1595 391 injurias
1621 317 2043 375 accusationibus
2065 324 2081 343 ²
2107 323 2420 381 voluntariis

312 410 592 463 exsecutos
616 446 633 471 ,
694 422 806 478 quo
845 401 1143 457 deformius
1180 395 1466 454 arbitrabar
1501 392 1699 463 publici
1733 389 1944 461 hospitii
1975 389 2091 460 jura
2125 398 2416 468 negligere.

237 486 271 527 6
315 481 596 536 Praeterea
621 496 745 533 cum
773 474 1121 533 recordarer,
1154 483 1348 542 quanta
1375 483 1474 538 pro
1498 463 1686 520 iisdem
1715 461 1943 517 Baeticis
1971 465 2149 534 priore
2189 469 2421 525 advoca.

317 555 466 608 tione
508 567 522 594 ³
569 555 730 608 etiarn
765 547 999 619 pericula
1035 542 1296 599 subiiffem
1324 579 1340 603 ,
1391 535 1815 593 conservandum
1847 537 2042 590 veteris
2067 536 2236 592 officii
2262 544 2417 598 meri-

263 648 265 651 ’
318 641 433 681 tum
459 642 606 681 novo
631 621 929 677 videbatur.

999 617 1018 642 ⁴
1044 615 1137 670 Est
1159 615 1302 669 enim
1326 614 1396 666 ita
1420 621 1788 680 comparatum
1818 647 1834 672 ,

318 699 510 754 neficia
559 697 826 751 subvertas
851 732 868 755 ,
919 688 1014 744 nisi
1044 689 1128 742 illa
1169 681 1545 758 posterioribus
1591 681 1849 736 cumules,

1871 607 1883 632 ⁵
1922 622 1981 662 ut
2004 611 2302 680 antiquiora
2329 614 2422 668 be-

1928 681 2066 735 Nam
2134 684 2424 753 quamlibet

318 782 336 807 ⁶
364 773 515 840 saepe
542 768 790 837 obligati,
831 763 867 818 fi
889 759 1023 836 quid
1050 776 1219 816 unum
1241 773 1437 827 neges,
1476 753 1582 806 hoc
1615 753 1785 808 solum
1822 755 2183 809 meminerunt
2209 794 2224 818 ,
2274 758 2425 827 quod

320 858 574 914 negatum
602 841 693 895 est.
770 837 1018 892 Ducebar
1045 833 1233 895 etiam,
1274 827 1425 901 quod
1452 826 1468 852 ⁷
1495 823 1784 878 decesserat
1815 825 2073 880 Clafficus
2108 865 2123 890 ,
2161 845 2431 885 amotum-

320 933 426 986 que
455 929 566 968 erat
590 952 606 977 ,
660 910 813 984 quod
843 911 898 963 in
925 905 1187 977 ejusmodi
1211 901 1374 956 causis
1400 896 1534 954 solet
1559 893 1662 948 effe
1702 895 2047 952 tristissimum
2075 937 2090 961 ,
2128 903 2431 968 periculum

327 988 615 1043 senatoris.
694 980 966 1038 Videbam
998 995 1133 1050 ergo
1160 969 1176 996 ⁸
1198 968 1544 1030 advocationi
1567 983 1717 1022 meae
1744 983 1855 1021 non
1882 969 2145 1025 minorem
2184 977 2433 1043 gratiam,

344 1199 466 1248 uaestio
490 1227 501 1243 ,
548 1197 608 1236 sed
639 1205 766 1236 tamen
798 1193 958 1246 quaestio.
993 1192 1077 1233 Lib.
1109 1190 1198 1230 VII.
1231 1187 1341 1240 Epist.

360 1252 442 1289 XX.
463 1262 500 1288 n.
531 1262 565 1296 4.
597 1247 733 1298 (Qibus
760 1260 803 1286 ex
822 1244 940 1294 cauffis
960 1256 1041 1283 raro
1057 1243 1175 1292 studeo
1191 1271 1201 1288 ,
1220 1241 1342 1289 studeo

317 1312 454 1342 tamen.
485 1301 567 1339 Lib.
591 1300 654 1338 IX.
677 1299 786 1349 Epist.
810 1296 933 1334 XXV.
954 1308 989 1334 n.
1014 1308 1047 1346 3.
1100 1300 1207 1331 Nunc
1225 1306 1279 1330 me
1291 1307 1344 1331 re-

318 1368 402 1391 rum
424 1355 523 1390 artus
547 1351 694 1389 modice
708 1378 718 1394 ‚
739 1350 804 1399 sed
825 1357 951 1386 tamen
975 1345 1161 1395 distringit.
1186 1347 1225 1384 δε
1247 1344 1342 1383 alibi.

321 1404 471 1443 Deinde
505 1401 643 1439 numeri
675 1402 736 1438 hic
769 1400 849 1437 sunt
881 1406 999 1448 partes
1022 1426 1034 1443 ‚
1071 1397 1132 1434 vel
1162 1397 1342 1434 rationes:

319 1467 393 1505 qua
425 1455 581 1492 notione
613 1450 712 1501 apud
745 1450 916 1489 Tullium
947 1450 1135 1498 legimus:
1183 1459 1345 1485 numeros

320 1505 487 1544 veritatis
509 1503 634 1542 habere
654 1531 665 1548 ,
701 1500 877 1553 expletum
898 1500 970 1549 suis
993 1499 1155 1538 numeris
1186 1508 1231 1538 ω’
1258 1507 1342 1547 par-

319 1556 412 1594 tibus
433 1585 444 1601 ,
478 1556 579 1594 omni
612 1567 756 1592 numero
787 1552 925 1602 elegans
945 1580 957 1597 ,
1007 1552 1046 1589 &
1077 1547 1206 1588 similia
1247 1548 1346 1597 apud

319 1608 469 1645 multos.
497 1608 554 1644 Sic
577 1605 689 1643 Aust.
711 1604 858 1652 Dialog.
881 1602 927 1640 de
951 1603 1058 1640 Orat.
1082 1612 1158 1650 cap.
1181 1599 1345 1637 XXXII.

322 1663 368 1695 Ut
389 1658 538 1708 legitime
555 1655 720 1705 studuisse
733 1684 743 1699 ,
772 1666 813 1692 ut
828 1664 889 1704 per
905 1666 1025 1692 omnes
1045 1652 1257 1702 eloquentiae
1278 1663 1348 1689 nu-

322 1718 447 1748 meros
477 1709 529 1757 affe
552 1737 562 1752 ‚
599 1719 640 1745 ut
669 1707 816 1755 denique
847 1715 1022 1742 oratorem
1044 1703 1152 1741 etiam
1167 1703 1347 1749 fateatur.

324 1760 426 1798 Hinc
438 1760 530 1799 infra
545 1756 826 1805 Lib.IV.Epist.
841 1755 905 1793 XI.
928 1767 964 1792 n.
993 1768 1027 1802 9.
1051 1760 1182 1791 Omnes
1206 1756 1351 1793 numeri

319 1811 476 1862 pudoris.
502 1811 637 1858 Pancg.
661 1819 736 1858 cap.
760 1806 899 1846 LXXI.
923 1805 1032 1844 sialii
1043 1802 1234 1851 eademista
1247 1818 1353 1842 man—

325 1861 459 1911 dasses,
487 1875 603 1900 omnes
625 1860 803 1898 comitatis
825 1868 1002 1896 numeros
1020 1855 1148 1894 abibas.
1186 1856 1355 1894 Similiter

327 1913 486 1952 Ovidius
510 1915 547 1952 in
569 1913 650 1951 Ibin
665 1910 804 1961 sceleris
827 1922 987 1947 numeros
1011 1907 1101 1946 dixit
1124 1936 1135 1953 ,
1171 1918 1239 1956 pro
1270 1919 1355 1945 mo·

326 1964 380 2003 dis
405 1967 444 2003 ὃς
464 1964 631 2014 partibus.
660 1963 817 2001 Conna.
1293 1954 1297 1958 ⁴

382 2028 396 2053 1
429 2017 561 2054 Priores
593 2012 763 2063 nostros.]
804 2013 980 2050 Oratores
1012 2016 1154 2048 veteres
1169 2013 1248 2055 sut
1270 2008 1356 2047 fecit

329 2066 433 2106 Tull.
459 2066 558 2106 Vide
583 2067 666 2104 Lib.
690 2065 717 2102 I.
739 2065 778 2102 in
801 2065 970 2102 Verrem.
1000 2061 1154 2098 Cum.

381 2131 404 2156 2
444 2116 674 2155 Voluntariis.
696 2115 713 2164 ]
753 2116 843 2153 Non
885 2113 1095 2162 rogantibus
1134 2110 1332 2160 hospitibus
1347 2139 1358 2156 ‚

332 2171 463 2221 quibus
486 2178 562 2208 erat
582 2169 675 2206 illata
698 2166 837 2215 injuria.
867 2165 982 2203 IDEM.

388 2233 407 2271 3
441 2221 565 2258 Etiam
590 2214 794 2270 pericula.]
837 2216 936 2253 Cum
973 2215 1217 2253 Senecionem
1242 2209 1360 2249 Massa

333 2273 530 2323 impietatis
552 2282 657 2310 reum
681 2265 885 2318 postuiaffet
899 2295 910 2312 ‚
939 2263 1126 2304 Secundus
1147 2263 1364 2301 advocatio-

336 2325 390 2362 nis
411 2323 588 2373 particeps
602 2351 612 2365 ,
639 2333 687 2358 ne
708 2318 976 2369 praevaricator
997 2315 1204 2354 crederetur
1217 2342 1228 2357 ‚
1256 2315 1365 2351 inter-

338 2376 482 2424 rogavit
504 2372 661 2411 Massam
676 2400 687 2416 ‚
710 2382 771 2408 cur
786 2370 896 2407 etiam
910 2379 986 2405 non
999 2364 1203 2416 postulaffet
1214 2364 1247 2402 se
1260 2377 1365 2403 reum

338 2427 559 2476 impietatis,
585 2424 687 2462 ausus
719 2420 822 2459 malis
853 2419 1079 2470 temporibus
1112 2414 1183 2454 effe
1216 2417 1270 2454 vir
1301 2417 1370 2454 bo-

342 2475 442 2515 nus?
472 2477 590 2514 inm.

391 2540 415 2574 4
445 2526 504 2574 Est
524 2527 618 2564 enim
641 2525 695 2562 ita
715 2519 1001 2572 comparatum]
1031 2518 1186 2556 Modius
1209 2525 1365 2556 conten-

344 2577 396 2616 dit
419 2577 556 2628 (Epist.
583 2576 689 2621 107.)
715 2571 975 2612 restituendum
997 2570 1069 2608 fide
1093 2570 1174 2608 MS.
1198 2568 1369 2607 Neustet-

343 2630 433 2667 teri:
465 2627 522 2676 Fst
553 2627 644 2665 enim
675 2626 726 2663 ita
753 2636 886 2661 natura
918 2631 1186 2671 comparatum,
1214 2632 1286 2660 σε.
1309 2619 1369 2658 sed

344 2680 456 2718 lectio
478 2681 576 2729 prior
599 2677 803 2715 constanter
826 2676 864 2712 in
884 2675 957 2712 Pai.
981 2676 1019 2711 ὅ(
1033 2672 1172 2710 vetuste
1184 2670 1369 2719 irnpreffis.

348 2731 537 2769 Gitona.
573 2728 761 2778 Gryphius
793 2727 905 2763 etiam
938 2723 1080 2763 edidit:
1123 2722 1178 2770 Est
1198 2722 1293 2759 enim
1314 2721 1370 2757 ita

349 2790 473 2818 natura
497 2790 741 2830 comparatum
768 2806 778 2822 ,
814 2778 898 2815 licet
920 2787 966 2813 ne
990 2776 1118 2813 unicus
1147 2773 1298 2823 quidem
1323 2784 1369 2810 ex

351 2830 456 2866 Mss.
489 2831 613 2868 nostris
645 2829 682 2865 τὶ
715 2840 851 2866 natura
874 2826 1055 2875 agnoscat.
1082 2825 1182 2862 Moti
1204 2825 1283 2862 sunt
1306 2824 1374 2863 viri

352 2879 543 2917 doctissimi
566 2881 737 2918 consucta
771 2879 929 2917 formula
954 2906 964 2922 ‚
1002 2888 1115 2927 quam
1150 2875 1259 2914 habes
1292 2874 1373 2912 Lib.

354 2929 404 2968 II.
428 2929 535 2976 tumst.
557 2930 659 2966 XIX.
683 2942 716 2966 n.
742 2944 774 2976 5.
831 2936 934 2966 Porro
956 2929 1009 2966 ita
1031 2935 1158 2965 natura
1182 2937 1374 2974 compara-

352 2988 433 3019 tum
459 2978 505 3017 est
531 3007 541 3021 ,
578 2990 615 3014 ur
637 2992 675 3015 ea
699 2992 785 3027 quae
803 2979 998 3026 scriofimus
1015 3007 1026 3022 ,
1046 2987 1114 3016 cet.
1154 2977 1235 3014 Lib.
1264 2975 1372 3014 VIII.

356 3029 468 3081 Epist.
499 3028 577 3065 ,xK
600 3041 634 3064 n.
673 3041 700 3065 1.
736 3030 832 3074 §Lura
862 3030 916 3066 ita
944 3038 1071 3067 natura
1092 3035 1374 3076 comparatum,

2275 1064 2439 1121 quam

1407 1181 1516 1223 nefic.
1538 1194 1615 1242 cap.
1640 1194 1672 1222 1.
1694 1185 1788 1219 Cum
1808 1180 1862 1220 ita
1885 1187 2012 1218 natura
2035 1187 2288 1230 comparatum
2311 1184 2375 1233 fit,
2399 1201 2442 1229 ue

1410 1235 1520 1273 altius
1542 1234 1693 1274 imuriae
1711 1245 1821 1282 quam
1844 1231 1971 1270 merita
1995 1232 2220 1281 descendant.
2251 1242 2364 1285 atque
2391 1240 2441 1279 ita

1411 1287 1470 1325 alii
1499 1286 1599 1327 haud
1633 1295 1725 1322 raro.
1766 1285 1822 1323 Sic
1845 1295 1938 1328 nos,
1965 1283 2171 1321 iubentibus
2194 1285 2416 1328 membranis

1413 1335 1693 1376 emendauimus
1717 1335 1799 1374 Lib.
1822 1335 1870 1372 V.
1894 1334 2004 1383 Epist.
2029 1333 2130 1371 XIX.
2155 1346 2190 1371 n.
2215 1347 2245 1383 ς.
2275 1335 2334 1384 Est
2344 1318 2442 1378 em'm’

1413 1388 1464 1427 ita
1487 1395 1613 1426 natura
1635 1396 1893 1435 comparatum.
1921 1385 1993 1422 Sed
2014 1385 2125 1423 etiam
2149 1384 2225 1423 fine
2247 1385 2314 1424 isto
2337 1388 2439 1430 addi-

1397 1447 1586 1486 tamento
1607 1439 1742 1487 Paneg.
1765 1449 1843 1487 cap.
1870 1436 2013 1474 XLVI.
2037 1448 2073 1473 n.
2098 1447 2132 1482 7.
2186 1437 2252 1474 sed
2286 1449 2365 1476 cum
2391 1442 2443 1482 ita

1414 1498 1672 1547 comparatum
1695 1488 1737 1528 fit
1752 1517 1763 1533 ,
1789 1499 1831 1527 ur
1855 1489 1896 1526 de
1918 1487 2014 1525 nullo
2036 1488 2155 1544 mitius
2179 1489 2334 1538 principe
2360 1504 2445 1542 que.

1412 1539 1722 1631 νανιζὲζήξοηιιηες
1736 1569 1747 1586 ,
1769 1547 1838 1577 cet.
1866 1539 2082 1589 Utrumque
2093 1537 2166 1586 ipse
2180 1538 2325 1579 Tunius
2336 1553 2442 1582 com-

1413 1604 1485 1692 pr}
1516 1648 1562 1680 Ut
1578 1621 1788 1691 ⁴‘antiquiora
1811 1637 1970 1686 beneficia
1981 1637 2218 1690 subvertas]
2260 1642 2350 1681 Hoc
2371 1644 2445 1692 est,

1410 1693 1514 1744 quod
1535 1694 1594 1738 ille
1626 1692 1724 1742 apud
1756 1692 1928 1731 Plautum
1951 1699 2083 1730 monet
2106 1690 2337 1732 Trinummo
2359 1697 2452 1742 A&

1415 1745 1464 1784 II.
1488 1746 1543 1784 Sc.
1564 1744 1615 1783 II.

1468 1845 1639 1894 Beneficia
1662 1845 1846 1894 benefae‘lis
1867 1844 1948 1885 aliis
1968 1845 2132 1896 pertegito
2153 1859 2194 1885 ne
2207 1847 2408 1899 per-pluant.

1421 1949 1632 1989 Bucimza.

1471 2001 1495 2038 6
1524 2007 1586 2040 Sae
1609 2016 1624 2040 e
1647 2000 1855 2050 obligati...
1880 1999 2159 2049 memineram]
2188 2001 2342 2041 Modius
2361 2005 2448 2045 loco

1425 2052 1545 2091 modo
1593 2052 1668 2090 icto
1681 2063 1726 2090 ex
1744 2051 1964 2090 membranis
1978 2079 1989 2094 ,
2006 2052 2069 2087 uti
2080 2050 2228 2088 testatur
2241 2080 2251 2096 ,
2266 2056 2442 2097 malebat:

1425 2102 1622 2153 quamlibet
1625 2104 1724 2154 saepe
1737 2102 1900 2150 obligatis
1914 2129 1925 2145 ‚
1939 2100 1972 2150 fi
1982 2101 2069 2150 quid
2078 2114 2192 2139 unum
2206 2116 2310 2152 neges.
2325 2107 2445 2148 Nostri

1426 2162 1553 2192 tamen
1577 2153 1752 2192 consensu
1772 2153 1927 2203 obligati.
1956 2152 2004 2190 Et
2026 2150 2052 2188 fi
2071 2153 2107 2190 in
2129 2153 2295 2203 quodam
2319 2157 2448 2198 codice

1429 2204 1591 2254 obligatis
1608 2205 1713 2243 fuerit
1724 2213 1908 2254 repertum
1924 2232 1933 2248 ,
1960 2203 2035 2241 hoc
2046 2204 2104 2241 vel
2117 2216 2162 2241 ex
2186 2204 2316 2243 eadem
2335 2209 2449 2248 littera

1430 2256 1667 2305 subsequente
1680 2256 1843 2294 effictum
1856 2254 1981 2298 est‚vel
1993 2256 2101 2293 etiam
2115 2266 2135 2291 a
2149 2256 2258 2294 sciolo
2270 2258 2448 2306 quodam,

1431 2309 1493 2356 qui
1505 2309 1680 2356 proximo
1692 2306 1808 2345 verbo
1821 2320 1916 2354 neges
1928 2317 2069 2343 nomen
2081 2305 2273 2355 adaptavit.
2302 2309 2354 2346 Ita
2364 2308 2446 2352 sane

1431 2358 1631 2408 peccabant
1651 2358 1750 2408 apud
1773 2358 1972 2396 Lucanum
1993 2356 2075 2394 Lib.
2100 2356 2169 2395 111.
2190 2369 2240 2396 vs.
2263 2359 2344 2408 663.

1763 2494 1766 2495 ⁷
2078 2468 2119 2494 at
2135 2459 2198 2496 illis

1484 2510 1619 2549 Robora'
1638 2524 1716 2550 cum
1739 2511 1860 2550 vetitis
1882 2509 2088 2560 prensarent
2107 2486 2221 2545 artius’
2238 2505 2332 2543 ulnis

1484 2562 1597 2614 Impia
1616 2563 1725 2601 turba
1736 2563 1840 2613 super
1858 2562 1989 2600 medios
2008 2560 2089 2598 ferit
2105 2555 2178 2605 ense
2195 2555 2347 2593 lacertos.

1484 2478 2027 2492 ———·—-—-

1431 2663 1492 2702 ubi
1514 2664 1755 2713 propinabant
1780 2678 1789 2702 ι
1816 2675 1858 2701 at
1877 2663 1932 2702 illi
1954 2690 1966 2707 ‚
2001 2662 2123 2698 contra
2145 2652 2254 2691 fidem
2279 2655 2440 2703 optimo-

1434 2726 1516 2752 rum
1543 2715 1742 2754 Codicum.

1483 2777 1500 2812 7
1533 2769 1724 2814 Decesserat
1755 2764 1930 2813 Classicus.
1953 2759 1970 2809 ]
2007 2757 2114 2794 Forte
2137 2781 2147 2797 ‚
2163 2764 2220 2809 *an
2242 2753 2446 2796 voiumarfa

1436 2824 1558 2856 morte
1591 2818 1769 2855 incertum
1793 2845 1804 2860 ‚
1851 2809 2043 2860 suspefflm
2069 2802 2221 2843 voluisse
2254 2805 2446 2846 infamiam

1437 2868 1540 2906 obitu
1564 2867 1700 2916 fugere.
1731 2866 1763 2902 C
1777 2879 1798 2901 Α
1813 2877 1836 2902 τ
1850 2875 1872 2898 Α
1885 2872 1921 2896 Ν.

1485 2919 1506 2956 8
1535 2915 1782 2956 AdvocatIoni
1814 2907 1952 2956 meaa]
1991 2905 2179 2944 Mediceus
2204 2919 2211 2942 :
2239 2907 2448 2946 advocatio-

1435 2971 1490 3008 nis
1513 2981 1631 3012 meae,
1658 2969 1697 3005 &
1719 2966 1764 3002 de
1784 2961 1907 3000 talibus
1930 2957 2110 2996 Genitivis
2133 2956 2292 2994 diximus
2310 2958 2353 2995 ad
2370 2959 2450 3002 Lib,

1437 3020 1485 3060 11.
1517 3017 1623 3069 Epist.
1655 3015 1683 3053 1.
1716 3025 1749 3050 n.
1771 3011 1803 3047 6.
1827 3009 2015 3048 Felicitatis
2034 3008 2102 3049 eius
2122 3009 2282 3048 cumulus
2299 3011 2451 3052 accessit.

357 3092 400 3121 ut
429 3078 670 3134 proximorum
703 3078 861 3127 incuriofi
884 3107 893 3123 ,
932 3087 996 3117 cet.
1025 3081 1164 3119 Seneca
1189 3078 1217 3116 I.
1239 3077 1286 3118 de
1307 3077 1377 3123 Be-
1440 3070 1568 3114 Oxou.
1588 3061 1811 3106 advotatum·
1831 3071 1921 3099 mea.

2311 3120 2330 3157 ,ι
2360 3110 2458 3159 Jaem.

2485 0 2616 122 Ἥ

2554 111 2579 160 ,4Ὶ
