2616 3686
390 202 436 252 r„
470 197 498 252 1
529 194 570 249 Β
604 195 736 249 ER
802 193 869 248 x.
938 154 1055 246 E‘p
1088 196 1114 245 1
1147 196 1179 248 s
1213 192 1264 246 ‘r
1299 194 1350 247 o
1382 195 1429 246 L
1463 198 1507 248 A
1573 199 1799 254 xxxv.
1832 206 1883 256 ec
1916 208 2161 266 xxxvi
2235 234 2336 289 745

204 284 380 362 parati
402 281 521 336 sunt
543 280 598 333 in
627 293 762 348 opus
782 275 973 331 balinei
997 275 1276 339 conferre,
1315 275 1470 348 quod
1493 277 1695 352 alioqui
1721 285 1775 337 δε
1818 285 2045 358 dignitas
2072 297 2324 364 civitam,

215 363 269 417 δε
299 357 459 416 seculi
480 354 560 409 tui
582 354 725 408 nitor
753 351 1001 424 postulat.

464 498 717 559 XXXV.
789 496 981 557 XXV.
1059 453 1501 556 PL1'N1US
1579 498 2089 576 TRAjnno.

380 650 620 726 Indulget
642 646 968 719 Prusenstbus
985 646 1167 702 balinei
1192 645 1583 719 aedificationem
1605 654 1753 708 certis
1775 652 2148 711 conditionibus.

311 801 347 854 I
360 798 621 873 instruitio
644 800 765 851 novi
793 795 976 851 balinei
999 809 1273 853 oneratura
1303 799 1445 853 vires
1462 800 1786 872 Prusenstum
1819 823 1915 859 non
1939 806 2005 876 est
2022 843 2038 868 ,
2080 802 2329 878 poffumus

306 875 543 935 defiderz'o
573 888 740 929 eorum
769 871 1032 945 indulgere
1054 894 1072 925 :
1127 873 1268 926 modo
1307 891 1364 926 ne
1397 873 1521 946 quid
1554 875 1662 930 ideo
1694 890 1787 933 aut
1823 885 1841 947 ξ
1877 880 2194 936 intr-abnam.-
2236 892 2332 935 aut

204 957 366 1009 minus
386 949 486 1006 illis
502 952 554 1003 in
568 947 815 1023 posterum
829 945 933 1018 fiat
954 947 1028 1000 ad
1046 946 1335 1019 neceffizrias
1359 952 1675 1022 erogationes.

361 1095 636 1155 XXXVI.

714 1094 927 1152 XXVI.
1002 1095 1068 1152 C.
1151 1095 1589 1155 PL1N1us
1666 1096 2165 1170 TRAJANQ

203 1245 428 1319 Consulit
450 1265 517 1300 an
542 1244 885 1318 relinquendos
911 1244 1099 1318 censeat
1122 1242 1437 1318 infuturum
1456 1246 1638 1302 milites
1659 1290 1671 1310 ,
1725 1247 2319 1323 quosfitpernumerffios

420 1323 656 1376 Maximo
685 1320 912 1392 Caefizrz‘s
932 1318 1108 1376 lzberto
1134 1319 1419 1391 dlmzfirat,
1459 1321 1580 1377 dum
1599 1328 1697 1377 iret
1705 1321 2112 1399 frumentatum.

402 1468 628 1522 Aitimus
664 1466 882 1524 libertus
910 1467 963 1521 &
992 1479 1314 1539 procurator
1351 1480 1474 1523 tuus
1499 1511 1511 1531 ‚
1541 1468 1808 1533 Domine,
1849 1477 1867 1500 ²
1889 1484 2101 1544 praeter
2125 1473 2320 1533 decem

405 1540 774 1596 beneficiarios
798 1581 813 1606 ‚
862 1558 1001 1613 quos
1041 1541 1299 1614 adsignari
1338 1561 1366 1596 a
1404 1560 1491 1597 me
1525 1542 1835 1600 Gemellino
1863 1584 1879 1610 ,
1933 1548 2143 1617 optimo
2172 1553 2318 1614 vir0,

192 1616 411 1687 jussisti,
457 1616 548 1670 fibi
572 1632 795 1688 quoque
818 1615 1103 1670 confirmat
1130 1614 1446 1670 neceffarios
1483 1615 1584 1670 effe
1621 1620 1829 1673 milites,

1909 1632 1921 1656 ³
1960 1620 2042 1674 Ex
2078 1622 2153 1676 his
2186 1626 2322 1679 inte-

198 1692 299 1746 rim
316 1727 334 1755 ,
360 1688 492 1746 ficut
514 1693 822 1764 inveneram
845 1692 899 1745 in
921 1689 1214 1745 ministerio
1241 1690 1351 1761 ejus
1366 1727 1383 1755 ,
1407 1691 1793 1763 relinquendos
1818 1693 2142 1758 existimavi,
2171 1714 2325 1767 prae-

193 1891 284 1929 blice
307 1917 320 1935 ,
355 1889 393 1927 ὅτ
424 1888 547 1926 oleum
576 1890 730 1936 gratuito
761 1888 899 1928 datum.
924 1887 1117 1927 CATAN.
1155 1888 1217 1927 De

196 1942 297 1979 vario
319 1939 381 1978 usu
400 1938 530 1987 publici
549 1939 618 1975 olei
646 1941 726 1988 lege
751 1940 943 1990 Cujacium
969 1939 1016 1978 ad
1037 1939 1129 1989 Leg.
1148 1939 1218 1978 VI.

200 2008 242 2030 x.
270 1991 316 2030 de
337 1989 648 2028 Excusationibus.

251 2052 284 2080 1.
309 2038 562 2088 lntribuamr]
597 2039 650 2077 Ita
669 2040 753 2088 legit
772 2038 886 2078 Aldus
908 2067 920 2084 ,
957 2041 996 2078 δε
1019 2039 1118 2079 reete
1141 2041 1219 2089 qui-

196 2091 281 2129 dem
304 2119 315 2136 ‚
344 2101 431 2128 meo
445 2089 582 2140 judicio
605 2101 616 2127 :
644 2090 845 2129 Catanaeus
866 2099 990 2130 tamen
1009 2092 1047 2130 δε
1069 2091 1215 2140 Stepha-

198 2153 285 2187 nus,
313 2140 519 2179 intribuane.
545 2140 788 2179 Intributiones
812 2143 918 2180 etiam
941 2142 977 2179 in
993 2142 1074 2190 jure
1093 2143 1217 2180 nostro

193 2192 297 2242 saepe
314 2192 569 2230 nominantur:
583 2202 676 2240 quae
695 2191 874 2230 usitatiore
891 2193 1071 2230 vocabulo
1091 2192 1219 2231 dicun-

196 2251 254 2281 tur
276 2269 287 2287 ,
325 2241 599 2281 contributiones
617 2268 628 2285 ‚
665 2242 755 2280 item
794 2243 1013 2280 collationes.
1052 2242 1216 2281 videatur

196 2293 370 2341 Leg.Vl.
383 2290 538 2333 §.fin.ff.
557 2290 603 2328 de
624 2292 851 2330 munerib&
864 2293 1217 2341 bonoribLeng.

194 2342 235 2381 ff.
262 2343 306 2380 de
335 2342 519 2381 veteranis.
548 2341 723 2388 Leg.1X.
761 2343 796 2384 §.
818 2342 879 2380 fin.
902 2341 940 2380 ff.
961 2342 1006 2381 de
1032 2344 1216 2382 tributoria

192 2393 349 2432 afflone.
371 2395 408 2431 ὃ(
432 2393 478 2430 L.
497 2402 590 2439 ager.
612 2389 650 2429 ff.
667 2391 712 2429 de
737 2393 782 2429 V.
806 2393 841 2430 S.
871 2394 901 2429 R
916 2403 1040 2431 ιττε
1055 2406 1215 2434 nsuus.

192 2444 439 2494 Intribuamff
469 2441 510 2480 ld
531 2442 580 2479 est
599 2441 862 2480 contribuendo
881 2443 1102 2491 impendant.
1116 2446 1214 2483 Nam

189 2494 398 2539 intritum,
426 2492 655 2530 contribuere
674 2492 733 2531 est.
761 2493 928 2540 Ususque
947 2493 1019 2531 hoc
1040 2495 1152 2533 verbo
1174 2497 1212 2534 δί

190 2544 254 2592 JC
270 2545 307 2582 T
323 2546 358 2581 U
375 2543 396 2582 S
426 2544 516 2592 Leg.
538 2542 600 2580 lX.
630 2543 663 2583 §.
678 2555 708 2580 1.
736 2543 787 2581 D.
806 2542 852 2581 de
869 2543 1041 2581 Tributis.
1065 2545 1112 2583 Et
1128 2546 1213 2585 inde

191 2594 371 2633 intributio
389 2595 485 2644 apud
506 2593 671 2630 eosdem.
695 2593 721 2630 B
736 2606 757 2630 u
775 2603 798 2629 c
813 2605 836 2630 H
855 2605 878 2630 u
892 2604 913 2630 ε
927 2606 966 2630 ιι.
992 2594 1142 2633 Mallem
1161 2597 1214 2634 in-

195 2645 394 2691 tribuatur,
421 2651 566 2694 propter
585 2645 736 2691 sequens
748 2642 828 2692 fiat.
855 2642 924 2681 Sed
941 2643 1027 2692 quid
1048 2644 1121 2689 est,
1150 2647 1215 2684 mi-

198 2703 261 2733 nus
279 2695 344 2734 illis
356 2696 427 2743 fiat
449 2697 498 2733 ad
519 2693 714 2743 neceffarias
734 2693 933 2742 erogationes
951 2703 967 2732 ,θ
992 2704 1038 2732 an
1051 2721 1062 2737 ,
1089 2703 1130 2732 ut
1146 2697 1215 2734 mi·

199 2752 264 2781 nus
284 2746 435 2784 habeant
459 2774 470 2788 .
497 2745 598 2795 quod
622 2743 751 2792 poffint
773 2754 920 2792 erogare
935 2759 946 2781 .·
971 2755 1016 2782 an
1034 2745 1102 2794 fiat
1121 2744 1213 2790 illis,

200 2792 251 2829 est
268 2793 327 2833 fiat
355 2796 400 2834 ab
432 2797 527 2835 illis?
559 2797 679 2832 μορυς
706 2794 794 2832 mihi
824 2794 927 2832 valde
956 2793 1130 2842 suspeetus
1156 2796 1216 2834 est.

203 2839 226 2876 S
239 2852 325 2880 ene
340 2856 391 2883 1=i=
405 2857 473 2885 ER.
511 2845 588 2883 Cur
616 2855 705 2883 vero
733 2844 909 2893 suspectus
928 2846 948 2884 ,Ρ
986 2845 1112 2882 Sensus
1144 2845 1215 2884 est:

204 2891 318 2929 modo
337 2905 384 2931 ne
406 2897 443 2933 in
461 2897 642 2946 posterum
665 2895 847 2933 facultates
867 2906 996 2934 eorum
1010 2895 1217 2934 minuantur

204 2938 249 2977 ad
265 2942 461 2983 necessarias
483 2948 717 2994 erogationes.

255 3001 293 3026 2.
316 2994 452 3030 Praeter
473 2997 583 3033 decem
613 2995 873 3043 beneficiarios]
910 2996 987 3042 Qui
1014 2995 1217 3045 beneficiarii

205 3038 330 3079 milites
350 3040 607 3095 fuerint,supra
625 3046 900 3095 perstrinximus.
927 3045 1081 3085 Videtur
1096 3055 1218 3084 autem

2142 1769 2326 1829 sertim

1285 1889 1323 1926 δε
1346 1887 1413 1927 hac
1436 1890 1474 1927 &
1494 1888 1653 1929 XXXII.
1679 1889 1835 1939 Epistola
1852 1889 1996 1930 suadere
2018 1920 2029 1937 ,
2066 1893 2104 1930 in
2136 1895 2320 1943 exigendis

1284 1938 1514 1988 vectigalibus
1544 1943 1583 1978 ὅ(
1616 1941 1686 1979 aliis
1717 1942 1819 1979 rebus
1847 1942 2022 1981 obeundis
2063 1943 2320 1985 Procuratores

1285 1990 1417 2031 horum
1440 1991 1637 2030 ministerio
1658 1992 1757 2029 usos:
1785 2000 1896 2042 atque
1913 1992 1980 2030 hos
2003 1995 2162 2032 maxime
2178 1996 2219 2033 iis
2236 1997 2318 2036 affi-

1284 2049 1412 2089 gnatos
1432 2039 1534 2080 fuisse
1553 2053 1572 2079 a
1589 2041 1809 2080 Praefidibus
1827 2070 1840 2087 ‚
1877 2042 1979 2092 quod
2003 2070 2015 2088 ,
2052 2056 2136 2082 cum
2156 2049 2316 2086 vacatio-

1286 2102 1374 2129 nem
1405 2091 1578 2130 haberent
1604 2093 1811 2130 militarium
1832 2105 2029 2132 munerum
2052 2122 2064 2139 ‚
2100 2097 2244 2144 optime
2274 2109 2318 2135 o-

1286 2143 1429 2180 mnium
1450 2155 1470 2181 a
1490 2142 1594 2191 fignis
1613 2141 1754 2191 pollent
1773 2142 1889 2182 abeffe
1902 2157 1909 2181 :
1923 2143 2136 2194 videturque
2154 2146 2227 2184 hoc
2246 2149 2317 2187 mi-

1283 2192 1465 2231 nisterium
1489 2204 1574 2230 cum
1595 2195 1716 2242 aliquo
1731 2194 1937 2232 commodo
1949 2193 2050 2233 fuisse
2060 2197 2314 2245 conjuncstum.

1283 2243 1342 2280 Ac
1362 2244 1445 2282 hinc
1468 2243 1710 2282 Tertullianus
1724 2271 1735 2287 ,
1763 2244 2141 2292 opin0r‚benefieiariis
2160 2258 2311 2297 quoque

1282 2293 1512 2343 vestigafium
1532 2305 1655 2332 curam
1676 2295 1796 2332 tribuit
1816 2296 1899 2333 Lib.
1921 2295 1966 2332 de
1986 2296 2070 2343 fuga
2089 2297 2126 2333 in
2148 2297 2312 2345 persecu-

1281 2344 1405 2382 tione:
1434 2355 1545 2393 quem
1566 2346 1691 2383 locum
1713 2347 1855 2383 notavit
1884 2344 2023 2393 Lipsius
2044 2357 2128 2383 cum
2151 2346 2196 2384 de
2216 2347 2314 2387 bene-

1282 2394 1418 2441 ficiariis
1436 2401 1568 2442 ageret.
1593 2394 1686 2432 Sane
1705 2395 1743 2432 &
1764 2395 1963 2444 Caligulam
1988 2406 2051 2444 per
2071 2397 2315 2438 Centuriones

1284 2444 1544 2494 Tribunosque
1573 2445 1824 2484 praetorianos
1858 2444 2053 2484 exercuisse
2091 2447 2278 2497 vectigalia
2301 2477 2314 2495 ,

1284 2494 1477 2534 Suetonius
1500 2495 1626 2533 auctor
1653 2495 1704 2534 est
1732 2496 1807 2545 ejus
1839 2497 1913 2535 vita
1944 2507 2021 2546 cap.
2037 2497 2122 2536 XL.
2152 2498 2215 2537 Bu
2231 2511 2313 2543 cn-¹

1284 2558 1306 2582 N
1319 2557 1342 2582 E
1355 2559 1393 2584 R·

1336 2606 1371 2645 3.
1398 2600 1454 2634 Ex
1476 2595 1530 2634 his
1550 2596 1689 2636 interim
1699 2593 1790 2646 ficut
1809 2596 2052 2648 inveneram]
2082 2599 2208 2637 Locus
2227 2603 2313 2638 mua

1284 2645 1364 2684 tilus
1386 2646 1548 2691 videtur,
1575 2659 1642 2686 nec
1662 2648 1761 2686 enim
1783 2649 1818 2684 τὸ
1839 2647 2072 2697 relinquendos
2094 2676 2104 2693 ‚
2138 2650 2239 2698 quod
2257 2652 2310 2688 se-

1283 2697 1427 2745 quitur,
1456 2697 1586 2743 habet,
1611 2699 1669 2735 cui
1689 2697 1911 2746 respondeat.
1938 2699 2006 2735 Sed
2027 2699 2064 2735 ὅ(
2085 2701 2120 2736 in
2144 2702 2309 2748 sequenti

1284 2747 1428 2794 epistola
1441 2774 1452 2791 ,
1480 2759 1574 2796 quae
1591 2748 1675 2786 huic
1695 2748 1907 2797 respondet,
1927 2749 2143 2786 nominarim
2163 2761 2312 2793 memoq

1281 2805 1403 2834 rantur
1436 2797 1512 2835 duo
1533 2825 1544 2842 ‚
1579 2799 1618 2836 ὃς
1651 2798 1800 2846 quidem
1828 2808 1912 2835 cum
1940 2806 2026 2835 nota
2053 2798 2229 2838 relationis
2265 2802 2312 2841 ad

1285 2846 1383 2884 hunc
1401 2846 1526 2884 locum
1548 2860 1557 2884 :
1591 2848 1760 2894 sufficient
1786 2847 1832 2885 illi
1865 2847 1931 2884 duo
1950 2861 1972 2883 a
1990 2859 2023 2885 te
2043 2849 2130 2887 dati.
2181 2852 2308 2898 Quare

1285 2905 1375 2945 puto
1396 2904 1523 2935 notam
1543 2898 1769 2935 numeralem
1791 2895 1980 2943 excidisse,
2005 2898 2305 2951 scribendumque

1285 2943 1378 2983 effe:
1409 2951 1463 2981 Ex
1484 2946 1536 2983 his
1557 2947 1697 2984 interim
1720 2953 1768 2986 II.
1781 2948 1870 2999 ficut
1881 2948 2095 2988 inveneram.
2124 2951 2144 2986 S
2160 2963 2183 2988 c
2198 2963 2221 2988 H
2235 2964 2254 2988 ε
2267 2966 2307 2990 F-

1284 3008 1303 3032 1²
1319 3008 1338 3033 ε
1352 3008 1390 3033 n.
1416 2996 1619 3044 Gryphius:
1647 3001 1704 3035 Ex
1724 2996 1778 3036 his
1797 2999 1933 3037 etenim
1955 3027 1967 3045 ‚
1985 2998 2077 3049 ficut
2090 3001 2308 3040 inveneram.

1287 3046 1429 3097 Reliqui
1445 3047 1531 3086 nihil
1549 3054 1703 3085 mutant.

1678 3096 1840 3136 Bbbbb
1867 3110 1889 3136 2
2185 3113 2215 3140 1.
2243 3106 2314 3136 Pa·
