2616 3686
208 1242 236 1275 2

279 205 377 268 842
519 186 2205 250 C.PL1N11CAE01L1123ECUN121

701 366 1436 461 CXIX.P1.1N103
1514 388 2018 471 Ta'ajano..

1158 587 1247 645 De
1280 585 1559 645 IselasticiS.

292 787 523 846 Vmores
541 787 595 842 in
615 781 972 840 certaminibus
996 780 1253 854 Iselastz'cis
1282 797 1312 833 a
1343 778 1568 851 Trzy'ano
1590 779 1759 849 fafft'is
1787 777 2021 855 petebant
2051 783 2314 852 praemiat,
2358 783 2431 845 όν

362 867 483 937 quia
523 862 582 916 de
615 873 829 937 tempore
866 856 1202 928 controversia
1236 854 1536 927 vastabatur
1558 894 1574 919 ,
1625 867 1772 928 rogat
1802 861 2150 932 imperatorem
2185 861 2307 931 qm'd
2330 860 2426 929 fa-

361 955 465 993 cere
503 938 693 993 debeat.

429 1139 703 1206 Thletae,
746 1141 1018 1201 Domine,
1061 1154 1152 1200 ea,
1192 1153 1331 1208 quae
1365 1152 1468 1208 pro
1509 1139 1525 1167 ¹
1569 1132 1835 1189 iselasticis
1872 1134 2252 1193 certaminibus
2296 1155 2426 1194 cons·-

433 1216 669 1280 stituisti‚
711 1215 900 1272 deberi
927 1213 1020 1270 fibi
1044 1224 1233 1285 putant
1276 1210 1450 1266 statim
1476 1228 1546 1267 ex
1584 1226 1652 1264 eo
1685 1209 1804 1274 die,
1845 1227 1958 1281 quo
1996 1211 2114 1265 sunt
2157 1216 2427 1270 coronati.

286 1304 306 1325 2
346 1292 495 1347 Nihil
522 1294 666 1347 enim
697 1292 932 1354 referre,
969 1286 1193 1360 quando
1215 1285 1312 1341 fint
1347 1287 1572 1357 patriam
1600 1283 1827 1340 invecti:
1868 1286 1960 1340 sed
1996 1286 2216 1357 quando
2250 1302 2424 1345 certa·

284 1368 433 1422 mine
457 1368 711 1431 vicerint,
749 1383 821 1421 ex
851 1381 964 1437 quo
999 1361 1180 1418 invehi
1215 1359 1432 1432 poffint.
1492 1367 1511 1395 ³
1548 1378 1653 1434 ego
1689 1375 1881 1414 contra
1917 1361 2094 1415 scribo
2137 1363 2422 1419 iselastico-

282 1459 405 1498 rum
445 1443 686 1498 nomine.
721 1446 741 1476 ⁴
776 1443 959 1513 itaque
1005 1454 1200 1493 eorum.
1238 1436 1588 1511 vehementer
1621 1433 1943 1491 addubitem
1969 1479 1986 1505 ‚
2037 1453 2105 1490 an
2139 1434 2198 1491 fit
2235 1440 2424 1510 potius

2355 1515 2417 1570 id-

332 1685 369 1713 ῐ.
393 1674 569 1723 Istlastitis
585 1672 856 1725 certaminibus]
879 1670 989 1713 Dicta
1005 1671 1173 1712 iselastica
1186 1699 1196 1716 ‚
1209 1670 1314 1722 quod

278 1723 436 1777 victores
465 1738 550 1765 cum
580 1737 713 1775 magna
741 1737 879 1776 pompa
911 1726 1075 1763 coronati
1104 1724 1314 1770 introduce-

279 1775 409 1815 bantur
429 1778 582 1827 quisque
599 1779 637 1815 in
656 1778 754 1816 suam
775 1777 924 1825 patriam
939 1803 950 1821 ‚
979 1777 1053 1813 ἀπὸ
1081 1779 1126 1812 τὲ
1154 1776 1313 1812 εἰσελαύ-

279 1843 342 1872 w,
367 1827 403 1866 id
425 1827 476 1866 est
507 1828 667 1866 induco:
695 1828 872 1867 invehor:
902 1827 1003 1876 cujus
1031 1827 1194 1863 futurum
1224 1827 1315 1862 εἷσε·
1348 1872 1350 1877 ,

279 1879 401 1916 λάσιος
429 1889 517 1916 nam
539 1879 698 1917 solebant
724 1878 878 1917 athletae
909 1878 1066 1916 victores
1097 1878 1204 1926 equis>
1228 1875 1313 1914 albis
1346 1886 1348 1897 ³

277 1927 416 1977 ingredi
438 1929 541 1972 'suam
575 1929 757 1968 civitatem
787 1927 934 1979 disJ'ecta
964 1928 1059 1966 muri
1089 1936 1190 1976 parte
1214 1953 1226 1971 ,
1260 1926 1312 1965 se-

278 1979 442 2019 cundum
492 1980 722 2018 Plutarchum
749 2008 764 2026 ,
794 1979 897 2029 quod
944 1977 1184 2029 fignificabat,
1235 1989 1312 2015 non

278 2039 505 2079 magnopere
533 2032 668 2070 civitati
699 2031 746 2069 illi
776 2042 868 2079 opus
897 2027 968 2068 esse
999 2039 1130 2073 muro,
1167 2029 1314 2067 habenti

277 2080 376 2118 viros
391 2108 403 2124 ,
427 2082 489 2130 qui
511 2092 670 2130 pugnare
687 2079 831 2129 poflent
861 2081 899 2117 &
927 2082 1083 2118 vincere.
1109 2079 1201 2116 hanc
1225 2089 1312 2116 con-

278 2129 508 2169 suetudinem
531 2132 763 2181 Tranquillus
782 2133 819 2169 in
849 2132 1000 2168 Nerone
1029 2137 1313 2168 commemorat.

279 2183 299 2219 1
313 2193 336 2218 D
352 2194 371 2219 ε
388 2195 429 2221 M.
455 2187 525 2220 Pro
547 2182 721 2232 Iselasticis
740 2180 1026 2231 certaminibus]
1056 2181 1224 2229 Iselastica
1245 2192 1313 2217 cer-

281 2232 442 2277 tamina,
469 2245 511 2271 ea
540 2234 774 2277 dicebantur,
802 2243 960 2282 quorum
997 2231 1154 2270 victores
1187 2231 1313 2268 trium-

277 2283 472 2331 phantium
503 2283 571 2323 ritu
601 2283 779 2335 quadrigis
807 2283 1072 2321 invehebantur
1103 2282 1140 2318 in
1180 2281 1313 2330 oppida

280 2334 342 2373 sua
362 2334 436 2372 five
456 2336 605 2383 patrias,
632 2344 742 2384 atque
759 2345 946 2378 annonas,
972 2333 1053 2370 five
1077 2332 1246 2377 obsonia,
1277 2340 1314 2370 ut

278 2384 402 2423 noster
421 2386 600 2434 appellat,
626 2395 797 2434 certaque
817 2383 1002 2432 vectigalia
1021 2383 1067 2422 de
1086 2383 1230 2431 publico
1257 2394 1314 2421 ac-

277 2436 469 2484 cipiebant.
519 2438 580 2475 De
599 2437 638 2475 iis
656 2437 856 2475 Turnebus
877 2436 957 2474 Lib.
990 2435 1015 2472 1.
1043 2445 1120 2482 cap.
1146 2433 1248 2470 XlX.
1277 2435 1315 2471 δε

278 2486 364 2525 Lib.
395 2487 537 2527 xxvl.
563 2499 643 2537 cap.
669 2487 718 2525 V.
746 2489 784 2525 ὃ(
806 2488 928 2525 Petrus
946 2485 1059 2523 Faber
1091 2484 1318 2532 Agonistico.

281 2534 550 2577 BucHNEn.
582 2538 682 2577 Vide
711 2539 819 2577 etiam
852 2537 1085 2575 Athenaeum
1121 2536 1201 2573 Lib.
1229 2536 1314 2574 XV.

281 2598 350 2637 cap
389 2589 513 2626 XVII.
538 2590 684 2638 ibique,
709 2597 749 2626 ut
781 2590 820 2626 δε
848 2587 893 2625 ad
924 2587 1093 2635 Spartiani
1114 2586 1315 2623 Adrianum

283 2647 374 2677 extr.
400 2640 658 2678 Casaubonum
679 2669 689 2682 ‚
725 2640 814 2676 item
856 2639 1048 2688 Cujaciurn
1088 2637 1133 2675 ad
1170 2637 1318 2676 NovelL

285 2688 391 2728 LllI.
421 2690 524 2729 Parte
545 2690 612 2728 IV.
639 2691 678 2728 ὃς
699 2689 743 2727 ad
763 2690 815 2727 tit.
832 2690 876 2726 C.
904 2692 1012 2736 Quae
1030 2700 1083 2727 res
1103 2689 1199 2737 pign.
1213 2688 1318 2736 oblig.

282 2739 372 2787 poff.
409 2741 446 2778 in
483 2741 665 2780 Paratitlis.
699 2737 804 2778 Voff.
840 2740 878 2777 &
911 2740 1075 2788 princeps
1113 2738 1224 2776 editio
1250 2750 1317 2787 pro

282 2791 524 2830 certaminibus
538 2820 548 2835 ‚
575 2791 866 2830 cohortaminibus
887 2791 924 2828 ὅ(
941 2801 1007 2839 pro
1016 2790 1140 2837 statim
1154 2789 1317 2836 ,starum

302 2837 319 2851 ⁹
335 2851 370 2878 2.
397 2842 500 2879 Nihil
519 2843 609 2881 enim
627 2841 789 2891 referta]
819 2842 908 2879 Non
931 2839 1192 2890 respiciendum
1221 2850 1314 2878 tem-

282 2899 350 2936 pus
379 2901 455 2937 quo
479 2894 633 2943 quisque
661 2895 697 2931 in
725 2895 875 2942 patriam
904 2893 1005 2930 suam
1024 2891 1229 2933 invehitur,
1258 2890 1316 2929 sed

282 2939 434 2996 quando
471 2942 588 2982 vietor
626 2943 667 2981 fit
695 2944 974 2992 pronunciatus:
1003 2942 1075 2980 hoc
1112 2941 1316 2986 faciebant,

281 2999 366 3036 qula
392 3000 413 3027 e
442 2995 673 3031 certatoribus
700 2994 807 3032 multi
833 2993 958 3042 procul
985 2994 1133 3031 aberant
1161 3003 1180 3030 a
1207 2993 1320 3040 patria

281 3039 369 3086 fua,
390 3038 435 3079 ad
465 3051 574 3091 quam
602 3054 676 3081 non
708 3051 877 3093 poterant
905 3045 1118 3094 pervenire,
1146 3041 1208 3081 nifi
1237 3041 1314 3091 post

1384 1670 1537 1711 multum
1561 1673 1758 1722 temporis,
1786 1671 1826 1709 ὅ(
1844 1682 1906 1721 per
1924 1670 1998 1710 hoc
2015 1671 2161 1712 obsonia
2173 1683 2293 1723 ‚quae
2306 1683 2414 1713 men·—

1383 1724 1477 1761 strua
1499 1723 1694 1769 dabantur,
1720 1724 1901 1762 interdum
1925 1723 2130 1771 perdebant.
2158 1725 2191 1762 C
2205 1737 2256 1762 Ατ
2271 1737 2343 1763 ΑΝ.

1435 1785 1469 1821 3.
1497 1779 1705 1824 Egocontra
1727 1774 1836 1824 scribo
1858 1774 2103 1824 Helasticorum
2120 1775 2291 1826 nomine.]
2322 1776 2420 1815 Hocv

1380 1835 1533 1873 pravum
1563 1826 1624 1864 est.
1653 1827 1753 1864 Nam
1782 1824 1808 1862 fi
1835 1825 1988 1863 nomine
2017 1826 2173 1873 ipsorum
2199 1854 2209 1870 ,
2237 1827 2338 1874 quod
2365 1828 2418 1866 ita*

1380 1876 1494 1914 scribit
1520 1888 1640 1915 contra
1662 1879 1684 1918 ,Ρ
1718 1876 1812 1913 Puto
1840 1876 2035 1914 lectionem
2070 1888 2192 1914 veram
2231 1875 2324 1922 effe,
2361 1891 2427 1928 ego>

1385 1926 1512 1964 cuneta
1526 1927 1650 1977 scribo.
1701 1930 1742 1966 ln
1764 1928 1856 1965 libris
1874 1927 1986 1976 priscis
2013 1926 2080 1964 fuit
2098 1931 2214 1964 toneia
2229 1956 2238 1972 ‚
2269 1940 2314 1966 ex
2336 1941 2421 1978 quo2

1384 1978 1504 2016 fecere
1522 1991 1653 2017 contra.
1705 1979 1879 2016 Ceterum
1915 1978 1938 2015 fi
1969 1989 2056 2015 verav
2082 1979 2141 2016 ista
2175 1979 2414 2026 emendatio,

1382 2028 1498 2067 statim
1522 2031 1600 2078 post
1627 2029 1847 2078 legendum,
1874 2029 1961 2067 sicut
1988 2028 2057 2066 sese
2085 2029 2248 2078 reperisse
2274 2031 2309 2068 in
2335 2033 2421 2080 qui-

1384 2079 1533 2117 busdam
1555 2081 1759 2118 Catanaeus
1777 2081 1848 2123 ait,
1875 2080 1930 2117 ita·
1947 2088 2071 2116 tamen
2085 2107 2095 2122 ,
2122 2089 2163 2118 ut
2181 2081 2424 2127 vehementer,-

1386 2130 1423 2167 &
1445 2138 1549 2167 erunt
1568 2131 1814 2179 integerrima.
1847 2129 1868 2167 S
1882 2142 1904 2167 c
1919 2142 1941 2166 H
1958 2143 1973 2166 r:
1989 2141 2007 2165 ε
2023 2142 2039 2165 r
2052 2141 2074 2166 E
2089 2143 2127 2169 u.
2157 2133 2197 2168 ln
2225 2132 2311 2170 duas
2336 2145 2416 2182 par-

1383 2188 1436 2218 tes
1454 2180 1561 2219 nostri
1578 2181 1655 2220 iibri
1674 2181 1830 2226 abeunt,
1858 2182 1914 2220 alii
1946 2179 2127 2230 Jselastici,
2150 2183 2205 2221 alii
2236 2183 2423 2233 lfilastico1

1383 2244 1475 2270 rum·

1436 2294 1471 2328 4.
1499 2287 1620 2332 Itaque
1640 2295 1757 2320 eorum
1787 2281 2042 2336 vehementem]
2076 2284 2204 2332 Aliqua
2233 2284 2416 2334 exempla·

1385 2334 1436 2371 ria
1456 2333 1611 2371 habent:
1643 2339 1700 2371 Ita
1722 2345 1839 2371 tamea
1853 2361 1864 2378 ‚
1893 2344 1933 2371 ut
1955 2335 2183 2374 vehementer.
2211 2337 2247 2373 &
2267 2335 2413 2384 reliqua.

1384 2383 1437 2420 ID
1452 2395 1474 2420 E
1488 2395 1530 2422 M.
1557 2390 1681 2434 ltaque
1700 2396 1815 2421 eorum
1836 2383 2077 2432 vehementer,
2097 2387 2182 2435 eya]
2213 2387 2242 2422 C
2246 2394 2419 2423 atanaeus

1385 2434 1540 2483 prodidit
1567 2435 1665 2473 aliter
1698 2437 1807 2474 etia-m
1846 2436 1945 2484 legi:
1979 2438 2031 2475 ita
2063 2449 2179 2475 tamen
2206 2446 2245 2473 ut
2277 2434 2420 2474 vehem.-

1386 2497 1512 2523 verum
1544 2497 1620 2523 non
1650 2488 1762 2534 magis
1788 2487 1860 2523 hoc
1889 2488 2069 2536 intelligo,
2096 2498 2205 2534 quam
2226 2485 2330 2527 illud;
2358 2494 2410 2522 ar-

1385 2547 1459 2585 que
1489 2536 1585 2574 haud
1614 2546 1753 2575 temere
1783 2536 1936 2583 suspicor
1964 2539 2080 2586 glollis
2106 2540 2226 2575 locum
2246 2536 2418 2582 inquina-

1387 2595 1465 2625 tum
1482 2614 1493 2630 ,
1520 2588 1757 2636 primitusque
1785 2585 1901 2625 fuiffe:
1934 2601 1989 2636 ego
2011 2599 2151 2632 contra,
2177 2585 2414 2632 iselasticorum

1389 2639 1524 2675 nomine
1544 2638 1762 2676 vehementer
1791 2638 2018 2682 addubitem,
2046 2649 2087 2672 ac
2101 2637 2229 2686 potius,
2256 2646 2328 2673 wc.
2355 2636 2412 2674 vel

1390 2689 1502 2726 simile
1519 2689 1617 2737 quid.
1646 2689 1681 2726 G
1694 2702 1719 2727 R
1735 2702 1757 2725 υ
1777 2701 1798 2724 τ
1814 2701 1885 2726 εκ.
1921 2686 2089 2725 Catanaei
2114 2684 2413 2724 emendationem

1390 2740 1557 2788 expreffis
1575 2740 1696 2777 litteris
1720 2738 1829 2776 refert
1855 2738 2020 2785 Juntina‚
2047 2738 2131 2774 item
2153 2746 2214 2772 ora
2234 2736 2416 2775 Casaubo-

1387 2792 1514 2828 nianae
1535 2791 1573 2827 &
1596 2790 1651 2828 Cl.
1663 2789 1822 2832 Minois,
1834 2790 1988 2837 reliquae
2005 2797 2154 2823 omnes:
2168 2786 2283 2835 itaque
2301 2801 2426 2825 eorum*

1392 2839 1622 2878 vehementer.
1658 2839 1870 2888 Gryphiana
1919 2836 2041 2874 omifit
2090 2836 2294 2885 particulam
2346 2852 2424 2884 an,

1391 2902 1502 2940 quem
1526 2902 1603 2928 non
1625 2901 1716 2938 opus
1734 2889 1808 2931 est,
1834 2896 1875 2925 ut
1892 2888 2093 2933 sequamur.
2118 2887 2186 2924 Lib
2224 2888 2292 2925 VI.
2312 2889 2419 2938 Epist.

1393 2941 1552 2979 XXVll.
1579 2952 1615 2978 n.
1647 2952 1678 2977 1.
1708 2938 1848 2976 Dubito
1870 2964 1881 2984 ,
1921 2947 2009 2976 nun
2043 2936 2133 2975 idem
2160 2937 2225 2976 tibi
2247 2939 2429 2988 suadere„

1392 2992 1484 3042 quod
1505 2989 1616 3036 mihi,
1639 2988 1790 3028 debeam·

2264 3102 2294 3131 x.
2321 3093 2426 3130 Elec.
