2616 3686
228 495 290 549 ¹4
335 480 583 533 cebatur.

325 187 422 253 498

561 186 621 236 C.
690 179 1083 235 PLIN'rt
1149 180 2247 236 CAECI-L11·8EGUN·D1

335 259 451 316 veri
475 257 619 324 dieS,
659 275 797 331 quos
820 259 1227 328 iucundissimae
1252 245 1584 315 remiffiones'
1619 256 1994 340 sequebantur.
2073 261 2486 326 Adhibebamur.

338 406 354 426 δ

334 331 584 407 quotidie
634 349 860 389 coenae.
900 346 1016 388 erat
1060 330 1073 352 ¹
1111 331 1326 389 modica
1355 370 1371 396 ‚
1421 330 1453 384 si
1494 331 1803 402 Principem
1845 334 2112 402 cogitares
2132 352 2151 388 -:
2214 335 2487 397 interdum

402 406 687 482 ἀκροάματα,
726 405 1071 461 audiebamus
1093 444 1108 470 ,
1164 405 1435 461 interdurn
1463 400 1852 473 jucundiffimis
1888 405 2222 462 sermonibus
2254 425 2366 464 nox
2390 411 2491 467 du‚
2558 447 2562 450 ·

659 479 674 505 ³
715 477 943 533 Summo
999 479 1090 533 die
1144 477 1459 533 abeuntibus
1513 475 1664 529 nobis

1708 478 1762 546 (⁴
1796 491 1902 531 tam
1943 477 2169 550 diligens
2207 481 2262 533 in
2301 481 2491 539 Caesa-

340 570 397 608 re
435 551 766 613 humanitas)
806 552 962 606 xenia
1000 552 1118 606 sunt
1157 549 1318 606 missa.
1394 549 1503 603 Sed
1544 548 1676 605 mihi
1715 564 1773 606 ut
1815 551 2043 622 gravitas
2083 553 2492 624 cognitionum,
2547 599 2555 605 .

340 777 433 814 quos
453 764 702 813 Imperatores
724 762 917 800 Honorius
941 762 979 800 &
1014 760 1254 801 Theodosius
1284 763 1377 802 haec

341 816 626 853 constituerunt:
656 813 823 863 Qisquis
846 814 977 851 crimen
998 812 1154 852 intendit
1178 842 1188 859 ,
1215 827 1286 853 non
1308 815 1379 853 im-

336 867 504 915 punitam
529 866 609 912 fore
643 866 784 902 noverit
817 863 1002 902 licentiam
1031 865 1257 910 mentiendi,
1295 879 1374 903 cum

339 917 605 956 calumniantes,
631 916 682 953 ad
721 914 924 953 vindictam
944 917 1060 966 poscat
1077 915 1278 964 similitudo
1291 926 1377 967 Jup-

334 967 439 1016 plicii.
469 967 574 1014 Lege
608 969 721 1006 enim.
743 965 830 1003 X11.
857 966 1061 1005 tabularum
1096 974 1245 1005 cautum
1279 977 1378 1013 erat,

339 1025 381 1055 ut
404 1018 648 1056 calumniator
669 1016 770 1055 idem
789 1025 973 1066 pateretur
989 1017 1093 1067 quod
1117 1029 1198 1056 reus
1213 1046 1224 1062 ,
1252 1017 1278 1055 fi
1292 1031 1382 1056 con-

340 1068 460 1107 vietus
483 1065 582 1106 e-ffet.
637 1068 743 1106 Plura
768 1067 803 1104 ff.
822 1069 932 1106 tertio
950 1070 988 1106 &
1012 1068 1154 1107 Codice
1177 1071 1222 1107 de
1245 1070 1383 1107 calum-

342 1119 558 1158 niatoribus.
585 1117 617 1155 C
632 1131 653 1155 A
671 1132 693 1157 r
710 1131 731 1155 A
746 1130 782 1155 N.
814 1117 871 1157 Vel
884 1120 925 1157 de
937 1118 1118 1157 calumnia
1128 1121 1386 1169 pronuntiatu-

344 1169 479 1220 rum.]
521 1168 720 1207 calumnia
755 1169 840 1207 falsa
871 1169 1051 1208 accusatio
1084 1171 1165 1210 est:
1206 1173 1265 1210 cui
1291 1172 1386 1210 dieta

308 1239 315 1254 ι
340 1230 466 1269 poena
491 1233 499 1258 :
540 1231 655 1270 quam
687 1221 749 1272 qui
781 1220 992 1266 subierant,
1023 1221 1297 1261 calumniatores
1323 1223 1387 1275 de-

342 1281 452 1309 mum
473 1270 673 1309 audiebant
696 1272 1258 1322 contrahebantqueinfamiam.
1285 1272 1385 1312 Vide

347 1322 394 1360 L.
428 1322 595 1361 Athletas
626 1321 696 1360 IV.
732 1323 763 1364 §.
798 1323 1055 1361 Calumniator
1090 1324 1158 1362 IV.
1192 1326 1241 1363 D.
1264 1325 1309 1364 de
1332 1325 1387 1363 his

346 1375 410 1422 qui
442 1382 619 1412 notantur
651 1372 814 1412 infamia.
854 1374 1091 1412 Pronuntiare
1124 1374 1172 1412 est
1196 1376 1290 1414 ferre
1310 1377 1388 1415 sen-

345 1425 502 1462 tentiam
528 1452 540 1468 ,
580 1422 653 1463 sive
686 1424 847 1462 absolvat
880 1436 922 1462 ea
954 1425 1015 1462 seu
1038 1424 1202 1464 damnet.
1258 1427 1389 1477 Itaque

340 1475 577 1523 pronuntiare
617 1474 657 1513 a'e
693 1475 874 1512 calumnia
914 1474 993 1519 est,
1042 1477 1248 1515 calumniae
1287 1478 1388 1518 causa

349 1524 535 1564 damnare.
575 1525 634 1564 Sic
659 1525 741 1563 Lib.
764 1525 833 1563 VI.
861 1527 907 1564 D.
931 1525 978 1564 ad
998 1526 1143 1575 Legem
1167 1527 1300 1574 Juliam
1324 1542 1389 1579 pe-

349 1576 486 1615 culatus
514 1604 524 1622 ,
558 1576 784 1626 pronuntiari
817 1577 988 1617 dicuntur
1031 1579 1082 1617 ad
1118 1578 1277 1627 bestias,
1325 1583 1389 1631 qui

353 1624 585 1666 damnantur.
615 1627 825 1668 Rucuma.

407 1689 423 1715 1
460 1680 608 1717 Modica.
634 1678 648 1728 ]
691 1679 878 1729 Exemplo
910 1682 963 1720 D.
993 1681 1143 1732 Augusti
1167 1711 1176 1727 ‚
1216 1685 1392 1734 quisce-

352 1739 445 1766 nam
467 1731 577 1768 ternis
600 1729 762 1775 ferensis,
793 1739 854 1768 aut
876 1743 962 1768 cum
985 1733 1291 1774 abundantiffime
1302 1735 1393 1775 senis

353 1780 575 1828 praebebat,
608 1789 648 1818 ut
671 1792 752 1818 non
775 1783 892 1819 nimio
914 1781 1083 1832 sumptu,
1111 1788 1158 1823 ita
1172 1784 1315 1823 summa
1330 1798 1392 1824 co-

355 1832 509 1876 mitate,
539 1841 580 1870 ut
613 1833 676 1881 qui
703 1840 866 1870 tacentes
897 1833 958 1870 vel
976 1832 1205 1872 summissum
1232 1836 1394 1875 fabulan-

356 1887 411 1917 tes
432 1881 477 1919 ad
501 1883 718 1920 comitatem
741 1881 917 1922 sermonis
939 1894 1170 1932 provocaret.
1200 1887 1233 1924 C
1247 1899 1267 1924 Α
1285 1901 1307 1926 τ
1324 1902 1343 1926 A
1359 1901 1397 1929 Ν.

357 1930 486 1980 Vulgo
513 1946 521 1971 ε
559 1944 637 1970 erat
671 1933 809 1969 modica
833 1962 843 1980 ,
874 1933 909 1983 si
935 1934 1123 1984 principem
1153 1939 1315 1985 cogites:
1346 1941 1398 1978 At

359 1993 494 2022 ornnes
528 1983 636 2022 MSS.
669 1985 708 2022 &
741 1983 809 2021 Ed.
832 1985 920 2023 Ver.
941 1987 1132 2036 cogitares,
1160 1988 1264 2040 quod
1285 1992 1399 2040 magis

359 2034 400 2071 in
423 2045 500 2072 rem
525 2034 752 2083 praesentem
780 2034 890 2074 ducit.

413 2096 434 2121 2
464 2085 750 2136 Abodiacum]
777 2086 846 2124 Per
869 2088 1164 2129 eontraffionem
1188 2091 1229 2130 fit
1241 2105 1404 2130 acroma-

363 2143 404 2171 Μ
431 2162 441 2179 ,
472 2147 568 2185 quae
601 2135 802 2174 secundum
844 2136 994 2177 Sti-:dim
1032 2142 1070 2177 &
1105 2142 1266 2181 Gellium
1296 2145 1404 2182 inter-

364 2194 483 2234 pretes
510 2214 519 2231 ,
557 2187 638 2225 sunt
670 2186 959 2227 auscultationes.
1009 2190 1245 2231 Antisthenes
1281 2194 1404 2234 dixisse

366 2236 517 2274 traditur
541 2266 551 2281 ,
590 2248 676 2275 cum
712 2237 851 2276 vidiflet
884 2239 1156 2281 adolescentem
1178 2244 1404 2285 luxuriosum

367 2288 613 2327 acromatibus
647 2287 814 2326 deditum
838 2318 848 2334 ,
881 2291 1053 2340 Miserum
1087 2303 1144 2338 te,
1179 2295 1373 2342 adolescens
1395 2328 1405 2343 ‚

368 2338 429 2387 qui
461 2351 648 2388 nunquam
683 2339 811 2386 audisti
845 2341 1033 2389 summum
1073 2355 1215 2383 acroma
1240 2374 1251 2391 ,
1272 2341 1321 2386 'id
1360 2350 1408 2388 est

372 2397 475 2426 tuam
503 2390 664 2428 laudem.
705 2389 805 2428 Facit
827 2391 887 2429 hic
909 2401 1122 2442 opportune
1155 2404 1196 2434 ut
1226 2409 1412 2439 acromata

371 2440 614 2489 intelligamus
633 2440 822 2479 histriones
846 2443 884 2480 δε
907 2445 1057 2483 mimos.
1094 2447 1242 2486 Marcus
1265 2449 1412 2491 Tullius

371 2502 441 2539 pro
463 2492 592 2529 Publio
614 2491 758 2531 Sestio:
791 2492 853 2530 Ille
881 2493 947 2543 ipse
971 2497 1127 2536 maxime
1150 2497 1267 2538 ludius
1292 2530 1302 2546 ,
1343 2517 1413 2541 non

366 2541 484 2589 solum
511 2543 682 2591 spei-'tator
708 2572 718 2589 ‚
748 2544 813 2595 sed
833 2546 931 2582 attor
956 2575 967 2591 ,
993 2556 1038 2585 w·
1059 2561 1242 2589 acroama.
1292 2552 1414 2593 Tran-

376 2593 476 2641 quill.
498 2594 533 2629 in
558 2595 748 2642 Augusto:
778 2601 825 2632 Et
848 2608 914 2633 aut
935 2610 1123 2638 acromata
1155 2611 1201 2640 φ·
1235 2600 1415 2645 histriones

374 2645 483 2681 coenis
503 2643 758 2694 interponebat.
808 2647 1020 2687 Plutarchus
1042 2651 1079 2688 in
1105 2651 1295 2700 symposiis
1313 2667 1416 2695 acro-

377 2703 476 2732 rnata
509 2695 618 2733 refert
656 2696 757 2734 solita
792 2696 1080 2739 esse-introduci
1115 2705 1152 2740 in
1184 2706 1415 2747 convivium.

379 2744 614 2794 Lampridius
645 2747 681 2785 in
717 2749 823 2786 Alex.
857 2751 977 2788 omnia
1009 2763 1195 2792 acromata
1215 2756 1335 2805 populo
1357 2759 1418 2797 do-

381 2797 502 2833 navit.
556 2798 768 2837 Athenaeus
800 2799 906 2838 tradit
942 2801 1174 2842 Antiochum
1218 2817 1343 2856 regem
1382 2811 1419 2849 in

383 2849 561 2901 c'onvivi's
593 2849 858 2887 acroamatibus
888 2851 1039 2900 illusisse.
1078 2854 1266 2895 (ΓΑτΛΝ.
1295 2860 1416 2907 Α’κςο,

384 2909 525 2934 ματα.
550 2897 565 2943 ]
609 2899 697 2937 Hoc
725 2902 896 2940 homines
931 2911 1082 2942 utuntur
1112 2914 1187 2944 tam
1221 2907 1268 2947 de
1293 2910 1419 2959 lepidis

416 2944 605 2981 ubuslam
630 2952 667 2985 &z
691 2951 735 2987 ad
764 2953 992 2999 voluptatem
1022 2957 1162 2995 aurium
1200 2965 1419 3010 comparatis

415 2993 489 3031 'ictis
504 3021 514 3038 ,
536 3006 648 3042 quam
671 3000 716 3034 de
740 3002 778 3036 iis
793 3028 803 3043 ‚
825 3013 842 3037 a
866 3006 995 3050 quibus
1007 3018 1049 3043 ea
1063 3007 1242 3047 dicuntur.
1270 3012 1419 3051 Possunt

387 3052 510 3081 autern
545 3046 634 3082 hacc
668 3050 863 3086 auditiones
899 3053 1030 3100 lepidae
1053 3060 1220 3105 appellari
1245 3061 1306 3100 seu
1320 3063 1419 3110 festi-

2307 624 2319 646 ¹
2359 646 2495 687 cont·

1451 760 1606 800 auditur.
1663 764 1881 804 Catanaeus
1904 773 2007 816 putat
2031 766 2182 812 intelligi
2205 764 2264 803 hic
2286 765 2417 808 debere
2439 769 2497 810 hit

1451 812 1602 850 striones
1615 814 1654 852 δε
1664 816 1811 854 mimos.
1836 818 1909 855 Cui
1921 825 1959 855 ut
1971 816 2135 857 assentiar
2150 816 2285 854 faciunt
2297 819 2389 857 haec
2401 833 2496 871 quae

1451 864 1622 912 proxime
1635 864 1854 912 sequuntur:
1889 869 2076 906 Interdum
2091 866 2348 916 jucttndiffimis
2362 871 2499 919 sermo-³

1455 913 1554 952 nibus
1580 927 1649 951 nox
1673 913 1879 954 ducebatur.
1907 918 1976 957 Sed
1999 921 2126 959 malim
2141 919 2186 956 de
2199 920 2322 957 mimis
2336 928 2501 962 tantum-

1459 964 1576 1002 modo
1601 965 1812 1013 intelligere.
1839 968 2036 1006 STEPHAN.
2064 967 2319 1018 Ἀκξοκμσίτων
2343 975 2499 1015 nomine

1458 1015 1731 1064 adpellabantur
1745 1016 1793 1055 illi
1804 1028 1934 1056 omnes
1948 1045 1959 1062 ,
1971 1020 2034 1068 qui
2048 1019 2153 1058 distis
2160 1027 2223 1057 aut
2235 1024 2381 1062 canticis
2394 1025 2501 1063 volu⁰⁶

1458 1075 1598 1115 ptatem
1626 1067 1769 1105 auribus
1801 1068 1963 1106 facerent
1987 1096 1997 1112 ,
2029 1077 2071 1107 ut
2101 1071 2181 1108 sunt
2205 1070 2361 1118 Musici,
2390 1075 2504 1116 histri-

1461 1130 1572 1162 ones,
1602 1120 1778 1166 aretalogi
1796 1119 2055 1157 acridicularii.
2084 1120 2294 1158 Euenum.
2321 1124 2499 1167 Plura-Io.
2525 1158 2529 1162 .

1463 1169 1602 1207 Savaro
1637 1169 1683 1207 ad
1715 1168 1843 1207 Sidon.
1873 1169 1955 1208 Lib.
1991 1170 2019 1208 I.
2054 1170 2163 1219 Epist.
2186 1170 2232 1207 11.
2254 1182 2332 1220 pag.
2357 1187 2413 1224 19.
2443 1177 2504 1216 In-

1462 1229 1580 1269 terpp.
1605 1220 1765 1258 Sueton:
1782 1221 1880 1270 Aug.
1903 1232 1980 1270 cap.
2008 1220 2188 1259 LXXIV.
2216 1220 2504 1275 CornsNepot:

1465 1271 1576 1309 Attic.
1610 1281 1686 1320 cap.
1717 1271 1823 1309 XIV.
1860 1274 1898 1310 &
1922 1273 2061 1310 Muret.
2085 1272 2169 1310 Lib.
2192 1271 2261 1308 VI.
2285 1273 2373 1312 Var.
2397 1277 2506 1319 Le&
2576 1323 2581 1325 ‚

1466 1332 1543 1372 cap.
1565 1321 1671 1360 XVI.
1703 1322 1898 1361 Mediceus
1919 1332 2046 1361 autern
2073 1323 2212 1361 Latinis
2234 1322 2360 1363 litteris
2371 1326 2504 1378 scripsit

1466 1384 1708 1417 acroamata;
1746 1372 1903 1411 Helmst.
1936 1375 1975 1412 ὃς
2007 1373 2077 1412 Ed.
2109 1374 2197 1412 Vet.
2218 1385 2431 1424 acromata,
2459 1393 2507 1420 ex
2530 1414 2534 1417 ,

1470 1436 1547 1474 quo
1569 1424 1683 1462 Arnz.
1704 1436 1873 1462 aromata
1897 1425 1996 1463 fecit.

1520 1487 1540 1526 3
1569 1481 1711 1513 Summo
1734 1477 1788 1514 die
1810 1475 2022 1514 abeuntibus
2044 1474 2178 1524 nobis.]
2209 1476 2426 1518 Noviffimo
2449 1482 2509 1522 die

1471 1526 1609 1615 ἳόοῃίῑὶίἰ
1631 1526 1896 1566 discedentibus
1919 1527 2024 1566 nobis
2037 1526 2324 1567 &redeuntibus
2337 1529 2510 1574 domum.

1508 1588 1719 1615 uenutn..

1523 1641 1546 1677 4
1572 1631 1697 1677 §Luam
1719 1626 1908 1680 diligens]
1937 1629 2053 1669 Haud
2075 1631 2176 1670 aliter
2196 1631 2272 1669 Pal.
2294 1633 2336 1670 &v
2357 1631 2404 1672 fic
2416 1637 2514 1684 quob*

1474 1691 1548 1729 que
1581 1680 1688 1719 MSS.
1720 1681 1844 1719 Modii
1865 1709 1877 1726 ‚
1926 1689 2144 1732 ceteraeque
2176 1682 2369 1722 Editiones
2409 1687 2512 1728 Vett.

1475 1731 1613 1780 vulgati
1635 1733 1756 1769 enim:
1786 1742 1865 1769 tam
1892 1732 2039 1781 diligens
2059 1733 2097 1770 in
2121 1735 2274 1782 Caesare
2299 1746 2370 1774 ωτ.
2400 1737 2514 1776 Grttt⁴

1479 1795 1568 1820 TER.
1597 1784 1721 1830 Qum
1745 1783 1933 1833 diligens.]
1965 1783 2055 1821 Non
2072 1784 2150 1822 satis
2161 1785 2289 1823 habuit
2303 1786 2512 1838 Trajanus,

1477 1832 1652 1883 accepisse
1674 1836 1831 1873 comiter
1845 1864 1855 1879 ‚
1877 1839 1978 1883 'quos
1999 1836 2037 1873 in
2060 1834 2253 1873 confilium
2289 1847 2511 1887 vocaverat;

1480 1885 1690 1922 muneribus
1713 1898 1867 1936 quoque
1889 1884 2269 1925 discedentesaffecit.
2307 1887 2515 1938 Diligenter

1480 1947 1614 1973 cavens
1628 1964 1639 1981 ,
1667 1947 1714 1974 ne
1732 1949 1874 1985 quam·
1891 1937 2128 1975 humanitatis
2151 1945 2294 1987 partem
2317 1941 2513 1989 neglexisse

1478 1986 1671 2025 videretur.
1699 1988 1812 2025 Xenia
1828 2016 1838 2031 ‚
1866 1988 2077 2027 munuscula
2092 2017 2102 2033 ‚
2126 2000 2221 2036 quae
2243 1990 2440 2038 hospitibus
2453 1993 2514 2033 da—

1476 2039 1615 2076 bantur.
1639 2039 1725 2076 Vet.
1753 2037 1867 2076 Gloff.
1891 2038 2018 2085 ξένιον,
2048 2042 2085 2076 τῦ
2102 2037 2209 2088 >dignit
2234 2038 2268 2074 τὶ
2293 2045 2515 2088 πεμπόμενον

1477 2090 1560 2137 ξένῳ
1596 2088 1784 2138 Hospitale.
1839 2089 2014 2128 Martialis
2048 2090 2095 2130 de
2127 2091 2193 2129 suo
2223 2090 2318 2129 libro

1478 2140 1590 2179 Xenia
1614 2139 1807 2189 inscripsit:
1837 2159 1840 2161 ·
2342 2122 2353 2140 ³
2401 2106 2514 2146 quem

1531 2249 1632 2281 Haec
1670 2243 1746 2282 licet
1773 2242 1968 2295 hospitibus
1990 2252 2053 2295 pro
2081 2257 2224 2284 munere
2251 2246 2402 2294 disticha
2427 2247 2524 2288 mit-'¹

1653 2305 1734 2339 tas,

1581 2344 1617 2383 Si
1660 2346 1727 2402 tibi
1767 2357 1847 2385 tam
1885 2359 1991 2387 rarus
2015 2375 2026 2395 ,
2073 2356 2196 2398 quam]
2221 2349 2313 2389 mihi
2348 2363 2514 2390 nummus

1655 2408 1750 2435 erlts

1483 2498 1698 2538 Rucuma.
1731 2501 1851 2550 Quod
1884 2501 1964 2551 post
1998 2502 2198 2542 Gruterum
2225 2501 2313 2540 Edd.
2345 2494 2506 2555 obsedit:

1483 2549 1636 2588 habetur
1675 2552 1860 2591 etiarn-in
1911 2554 2018 2593 MSS.
2057 2553 2181 2591 nostris
2225 2546 2503 2601 recentioribus,

1484 2612 1621 2650 nempe
1645 2616 1654 2640 ³
1702 2617 1811 2654 quam
1845 2604 1992 2654 diligens
2019 2605 2057 2641 in
2089 2601 2243 2650 Caesare·
2267 2597 2503 2653 humani-tas!-

1484 2653 1521 2689 &
1555 2651 1705 2693 defendi
1735 2663 1881 2703 poterat
1913 2667 1958 2693 ex
1980 2656 2028 2692 iis
2051 2680 2062 2696 ,
2099 2661 2191 2699 quae
2211 2649 2309 2702 supra
2333 2645 2376 2682 de
2401 2648 2506 2685 simili

1484 2702 1546 2740 usu
1579 2715 1717 2743 vocum
1753 2705 1869 2754 qualis
1901 2707 1940 2742 δε
1969 2711 2123 2751 quantus
2154 2691 2333 2752 diximus,
2362 2707 2406 2733 ex
2433 2708 2506 2746 qua

1484 2756 1624 2793 ratione
1647 2758 1685 2794 &
1711 2755 1846 2794 Modio
1868 2754 1998 2801 placuit
2021 2750 2180 2788 Novant.
2203 2746 2310 2794 Epist.
2344 2746 2409 2784 Ll.
2454 2748 2507 2786 At

1483 2806 1735 2844 Veterrimus:
1763 2817 1841 2843 tam
1865 2802 2009 2850 diligens
2029 2799 2065 2836 in
2089 2797 2236 2850 Caesare
2269 2796 2506 2856 humanitas,

1482 2868 1594 2905 quem
1621 2856 1694 2894 sine
1718 2857 1860 2904 piaculo
1873 2852 2030 2889 deserere
2041 2859 2115 2884 non
2131 2845 2316 2895 postumus
2332 2876 2341 2890 ,
2369 2852 2509 2888 etiamst

1484 2908 1580 2945 mille
1611 2907 1761 2945 Palatini
1790 2915 1858 2941 nos
1889 2901 2056 2938 seducere
2086 2898 2232 2936 vellent.
2290 2900 2428 2936 Modus
2450 2901 2508 2939 lo-

1484 2957 1620 3003 quendi
1651 2965 1769 3004 aeque
1804 2953 1971 2999 frequens
2004 2948 2051 2985 cst
2077 2977 2086 2991 ‚
2115 2949 2236 2987 acillo
2257 2950 2355 2987 alter.
2385 2951 2511 2999 Vide,

1486 3008 1510 3044 fi
1539 3007 1638 3043 lubet
1660 3032 1670 3048 ‚
1709 3011 1834 3040 notam
1867 2999 1911 3036 ad
1944 2998 2081 3035 Sallust.
2103 3001 2183 3037 Cat.
2205 3012 2281 3049 cap.
2305 3001 2391 3038 VII.
2416 3013 2450 3038 n.
2475 3015 2511 3053 3,

1486 3064 1581 3092 tanta
1602 3054 1716 3102 cupido
1735 3051 1866 3100 gloriae
1885 3049 2075 3105 incesserat.
2106 3050 2249 3088 Auftor
2276 3051 2377 3100 supra
2401 3053 2511 3102 Epist,

385 3105 479 3134 vae.-
510 3106 630 3149 quum
657 3097 820 3139 Auditio
852 3102 1038 3144 interdum
1075 3117 1231 3157 Yocetur
1252 3112 1289 3155 id
1314 3113 1416 3166 quod
1484 3105 1528 3147 X.
1549 3117 1585 3145 n.
1609 3117 1641 3154 5.
1660 3111 1737 3157 tam
1759 3114 1844 3141 rara
1867 3101 1904 3143 in
1926 3101 2090 3143 armcitiis
2105 3101 2195 3152 fides
2218 3130 2229 3149 ,
2268 3113 2346 3143 tam
2376 3111 2512 3155 parata
2541 3119 2545 3126 ¹

2428 3152 2531 3206 oblif·
2547 3178 2550 3181 ·
