2616 3686
331 222 422 288 15¹8
584 214 1094 270 C.PL1N11
1160 181 2260 264 CAECILII'SECUNDI

318 309 426 361 jam
456 297 570 361 die,
600 300 863 355 occurrit.
940 295 1091 353 Hinc
1116 294 1276 350 turris
1299 289 1550 360 erigitur,
1591 285 1684 342 sub
1708 302 1814 359 qua
1851 291 1864 312 ¹
1892 287 2099 343 diaetae
2135 290 2273 345 duae
2298 329 2313 355 ,
2351 290 2440 344 tri-¹

330 370 500 425 tidem
539 372 592 424 in
628 370 752 444 ipsa.
802 382 1076 442 praeterea
1114 376 1131 395 ²
1164 365 1441 425 coenati0‚
1481 376 1617 432 quae
1650 357 1956 412 latissimum
1983 375 2161 426 mare,
2198 362 2436 435 longissi-

213 447 275 505 ,¹3
333 460 477 496 mum
517 443 662 498 littus
688 482 705 508 ,
758 439 1144 498 amoenissimas
1183 440 1326 492 villas
1361 432 1632 506 prospicit.
1708 430 1879 486 Est&
1904 429 1998 484 alia
2029 434 2217 489 turris:
2253 436 2307 490 in
2337 436 2434 490 hac
2491 464 2503 480 ι

328 515 667 580 cubiculum,
705 517 759 569 in
796 531 908 586 quo
945 513 1020 567 sol
1058 511 1072 538 ³
1103 511 1333 565 nascitur
1358 506 1749 587 conditurque?
1791 502 2034 586 lata-post
2055 506 2072 531 ⁴
2095 504 2353 584 apotheca
2378 506 2436 561 δε

327 598 338 625 ⁵
378 587 650 643 horreum.
688 587 797 642 Sub
836 589 940 642 hoc
978 583 1271 639 triclinium
1295 613 1312 641 ‚
1359 576 1513 651 quod
1549 578 1748 632 turbam
1783 591 1939 630 maris
1972 591 2082 629 non
2129 577 2224 631 nisi
2260 576 2438 648 frago-

320 785 461 832 inquit,
490 783 794 834 sphaeromachias
813 783 1012 832 speffamus
1026 810 1037 826 ,
1056 790 1100 821 θ’
1115 778 1236 830 pilaris
1257 775 1339 826 lusio

321 834 562 874 admittitur..
598 835 646 873 Et
668 835 906 884 Tranquillus
930 834 1047 872 scribit
1079 829 1340 880 Vespasianum

323 883 426 921 fuiss'e
458 884 602 924 solitum
634 888 671 923 in
703 884 948 936 sphaeristerio
981 883 1103 921 fauces
1132 883 1170 920 ὃς
1203 889 1343 918 caetera

323 934 489 972 membra
512 935 726 986 distringere.
753 936 963 974 Pausanias:
995 931 1050 980 Est
1074 962 1084 977 ‚
1121 933 1240 981 inquit
1261 959 1272 975 2
1300 939 1344 968 <7

312 982 439 1029 statua
479 988 630 1036 antiqua
664 986 819 1024 Herculis
843 1016 853 1032 ,
893 986 948 1022 cui
963 984 1173 1034 sacrificant
1186 981 1345 1032 sphaeris

323 1034 384 1082 qui
404 1035 448 1072 ab
471 1036 603 1082 ephebis
626 1039 664 1075 in
687 1037 782 1075 viros
803 1036 1002 1086 transeunt.
1032 1035 1187 1072 CATAN.
1214 1033 1348 1071 Helm-

327 1083 412 1122 stad.
437 1086 713 1136 sphaeristerion.

383 1148 397 1172 1
431 1139 620 1188 Dianae]
651 1140 784 1176 Diaeta
805 1139 908 1176 locus
926 1138 1049 1176 eratin
1061 1148 1138 1187 quo
1149 1147 1213 1186 per
1225 1134 1348 1182 diem,

325 1185 457 1225 versari
487 1186 658 1228 solebant.
685 1201 705 1226 a
734 1189 851 1227 verbo
885 1189 1031 1226 Graeco
1055 1218 1066 1234 ,
1112 1185 1349 1234 ὃιωιτάομωι,

328 1236 432 1285 quod
465 1239 513 1276 cst
544 1240 628 1277 vivo
655 1242 694 1278 &
712 1241 803 1289 dego.
859 1240 944 1277 Sive
962 1238 1185 1277 vocabulum
1209 1237 1349 1277 diaetae

327 1298 350 1324 a
377 1288 455 1333 die,
494 1291 532 1328 &
562 1291 690 1329 edendo
712 1290 870 1329 tracium
899 1290 1064 1328 videatur
1092 1302 1100 1325 :
1125 1287 1228 1338 quod
1249 1289 1287 1326 in
1308 1301 1349 1327 ea

325 1337 377 1376 de
397 1338 454 1376 die
475 1350 704 1380 coenaretur.
758 1342 858 1379 Nam
883 1339 987 1379 fuifl'e
1003 1340 1103 1378 idem
1127 1338 1230 1389 quod
1264 1351 1351 1378 coe-

329 1389 502 1427 naculum
534 1391 712 1440 Ulpianus
747 1390 792 1429 de
824 1390 1113 1430 extraordinariis
1144 1390 1352 1430 criminibus

327 1439 457 1477 innuit.
510 1440 725 1480 Athenaeus
747 1442 885 1479 diaetas
909 1440 1129 1479 tetraclinias
1148 1439 1265 1478 scribit
1297 1441 1352 1479 su-

326 1488 472 1538 scepiffe
490 1492 634 1540 triginta
666 1494 766 1531 viros
788 1522 798 1538 ‚
837 1494 875 1530 δε
908 1500 991 1530 nata
1012 1503 1111 1531 aram
1133 1491 1291 1529 diaetam
1315 1495 1352 1532 in

329 1539 504 1580 Hieronis
525 1545 610 1580 navi
626 1543 741 1582 lectos
761 1541 924 1581 habuisse
955 1543 1179 1592 quindecim.
1219 1542 1268 1580 Et
1302 1544 1353 1583 Si-

329 1590 484 1630 donius:
515 1598 570 1630 Ex
592 1593 740 1632 triclinio
757 1593 803 1641 fit
832 1595 871 1632 in
903 1595 1062 1632 diaetam
1079 1592 1159 1644 five
1185 1595 1354 1633 coenatio-

331 1654 410 1678 nem
441 1642 624 1693 tranfitus.
677 1643 793 1683 Fuisse
824 1652 950 1683 autem
982 1645 1118 1683 diaetas
1155 1644 1355 1694 superiores

333 1693 372 1729 δί
395 1693 585 1732 inferiores
607 1695 761 1734 ostendit
794 1696 968 1734 Scaevola
999 1695 1044 1732 de
1075 1695 1354 1736 donationibus:

334 1743 374 1780 &
403 1744 532 1782 Pollux
565 1743 821 1791 ἐνδιαιτνῖμωτκ
854 1744 1104 1784 delectationis
1131 1745 1232 1783 causa
1266 1757 1355 1785 con-

329 1792 415 1831 strui
441 1796 558 1834 tradit.
611 1795 659 1833 Et
692 1797 784 1846 Imp.
819 1794 1029 1834 Alexander
1050 1795 1088 1833 in
1109 1795 1248 1834 Palatio
1267 1796 1355 1837 stru-

332 1845 386 1881 xit
406 1845 542 1884 diaetas
569 1849 733 1889 ,nomine
766 1848 889 1885 matris
920 1846 1013 1885 suae.
1067 1845 1202 1883 Diaeta
1244 1850 1354 1887 etiarn

332 1895 454 1933 cibum
474 1897 580 1935 unius
601 1897 670 1936 diei
691 1896 878 1947 significari
904 1906 1095 1947 receptum
1116 1895 1165 1934 est
1186 1926 1196 1943 ,
1227 1900 1356 1949 &spe-

332 1946 428 1984 ciem
450 1947 655 1987 medicinae
679 1960 773 1999 quae
800 1948 903 1987 viem
933 1947 1102 1986 medetur
1127 1976 1138 1992 ‚
1165 1948 1355 1988 diaeticam

332 1997 551 2045 appellatam
578 1998 701 2038 Celsus
719 1999 865 2037 testatur
888 2012 897 2036 ι
929 1997 974 2035 de
995 2010 1067 2048 qua
1090 1997 1212 2036 Rufus
1233 2000 1357 2050 Ephe-

333 2045 404 2084 sius
426 2047 557 2097 scripsit
573 2050 680 2088 libros
703 2051 867 2100 quinque
883 2079 892 2095 ,
916 2060 1036 2087 unuin
1069 2049 1114 2088 de
1145 2050 1264 2088 diaeta
1291 2051 1359 2092 sci-

331 2096 418 2135 licet
438 2101 701 2147 navigantium.
756 2101 880 2138 Suidas
900 2100 1038 2137 diaetas
1060 2109 1169 2138 vocat
1199 2102 1360 2150 judicia,

334 2159 429 2197 quae
450 2161 528 2187 non
551 2149 642 2188 fiunt
664 2162 731 2200 pro
753 2150 921 2189 tribunali
947 2164 955 2187 z
995 2151 1112 2200 qualia
1134 2151 1239 2201 saepe
1260 2154 1363 2193 audi-

333 2200 456 2238 vimus
482 2201 593 2239 hodie
612 2200 688 2240 fieri
709 2214 728 2239 a
755 2201 804 2239 ud
829 2202 1038 2239 Germanos
1062 2230 1072 2247 ,
1113 2203 1151 2239 ὅ(
1182 2205 1361 2246 diaetatas

330 2248 471 2298 judices
491 2250 536 2289 ad
559 2252 633 2290 hoc
656 2253 710 2291 ele
752 2264 804 2290 os.
862 2252 962 2290 Nam
983 2249 1133 2288 διαιτέω
1156 2253 1205 2291 est
1220 2254 1360 2302 judico.

335 2300 492 2340 Cum.
522 2303 708 2353 Dianae]
736 2303 808 2341 Pal.
831 2304 869 2341 &
891 2312 965 2341 vet.
988 2301 1153 2351 edd.sub
1175 2317 1244 2353 qua
1259 2317 1358 2346 zetae

333 2351 434 2389 duae.
465 2353 653 2392 Gnuwzn.
685 2355 838 2392 Veteres
862 2356 900 2392 δε
917 2353 1097 2392 Palatinus
1119 2359 1225 2392 Zetae
1247 2357 1359 2403 duae.

335 2401 478 2448 Reete,
500 2416 622 2454 neque
642 2405 748 2444 debet
786 2405 983 2443 immutari.
1040 2404 1139 2444 Vide
1173 2406 1359 2456 Lamprid.

335 2452 484 2503 Heliog.
517 2466 591 2504 cap.
629 2455 747 2494 XXX.
780 2457 818 2494 &
848 2456 896 2494 ibi
930 2454 1073 2494 Salinas.
1127 2455 1175 2492 Et
1197 2456 1244 2494 sic
1267 2459 1360 2498 infra

331 2502 542 2551 legendum.
572 2508 796 2545 Scuerrfin.
826 2506 879 2544 At
893 2505 1116 2545 vetustissimi
1140 2507 1358 2557 Mediceus‚

334 2553 498 2593 Riccard.
549 2557 750 2595 Lindenbr.
800 2559 839 2595 δε
878 2557 1048 2606 Bongars.
1089 2557 1205 2595 dietae
1243 2560 1356 2608 duae,

334 2608 505 2654 quamvis
537 2607 574 2644 in
608 2607 761 2645 Helmst.
789 2608 828 2645 δε
862 2609 976 2645 Arni..
1008 2608 1066 2645 hic
1100 2609 1138 2646 δε
1180 2619 1360 2659 perpetuo

337 2666 438 2694 zotae
463 2657 618 2695 haereat.
647 2657 682 2696 id
712 2657 813 2708 quod
832 2670 875 2696 ex
896 2658 1154 2697 enuntiatione
1179 2662 1218 2697 ὃς
1241 2662 1360 2702 modis

335 2704 509 2746 scribendi
542 2711 724 2756 provenit.
781 2711 837 2747 Sic
871 2710 969 2747 enim
1001 2712 1040 2748 ὃ(
1082 2709 1260 2756 zabulus,
1290 2724 1359 2762 pro

338 2757 487 2810 Diabolo
500 2787 510 2803 ,
523 2759 679 2797 scribitur
693 2788 702 2804 ,
734 2761 864 2797 Zaconi
878 2772 944 2809 pro
959 2761 1111 2798 Diaconi
1123 2789 1133 2804 ,
1163 2762 1280 2800 Zariti
1291 2775 1358 2812 pro

338 2809 476 2844 Diariti
499 2837 509 2852 ‚
549 2811 710 2848 Numica
745 2823 812 2860 pro
848 2811 1022 2848 Numidia
1045 2840 1055 2857 ,
1083 2813 1314 2852 catomidiare
1340 2827 1360 2853 a

339 2858 566 2904 κωτωιιῐξειν.
606 2860 700 2899 Vide
724 2890 734 2905 ‚
775 2873 869 2911 quae
903 2863 1126 2910 collegerunt
1149 2864 1362 2913 interpretes

340 2903 386 2941 ad
412 2905 575 2960 Lactant.
600 2912 644 2948 de
668 2921 774 2947 mort.
796 2913 966 2960 persecut.
989 2924 1064 2962 cap.
1089 2913 1192 2951 XVI.
1223 2921 1360 2953 Novem

334 2955 472 3003 praeliis
495 2957 673 2994 'Labulum
703 2971 780 2995 cum
814 2962 1029 3008 satellitibus
1061 2965 1131 3011 suis
1175 2964 1360 3020 debellasti.

340 3005 494 3043 Bianti.
525 3007 582 3044 Ad
604 3008 748 3045 Pauzlin.
770 3010 933 3046 Petrocc.
959 3013 1037 3048 Lib.
1065 3014 1109 3048 11.
1144 3025 1193 3051 vs.
1227 3017 1286 3063 67.
1319 3019 1358 3055 &

342 3055 533 3094 Munckcr.
567 3057 612 3094 ad
646 3057 807 3106 bulgent.
841 3060 991 3096 Contin.
1027 3062 1126 3109 Virg.
1161 3077 1239 3113 pag.
1277 3079 1355 3114 150.

343 3107 600 3154 Quamobrem
634 3109 815 3158 antiquior
847 3108 1015 3158 scriptura
1049 3112 1168 3150 diaeta
1193 3142 1204 3160 ,
1242 3127 1353 3164 quam

2322 667 2439 707 rem
2499 719 2503 721 Α

1422 773 1554 821 optimi
1578 772 1701 811 Codd.
1722 772 1863 812 servant
1877 800 1888 819 ‚
1915 783 1994 810 non
2017 769 2066 810 est
2087 770 2304 811 deserenda:
2334 772 2443 822 quid-'

1423 823 1513 872 quid
1543 822 1740 862 Briffonius
1763 852 1774 869 ‚
1821 823 2060 873 spanhemius
2091 823 2223 873 aliique
2240 831 2366 861 contra
2391 825 2443 862 di-

1423 881 1516 910 cant.
1546 871 1655 910 Adde
1676 874 1904 912 Catanaeum
1918 873 2010 911 infra
2022 872 2068 910 ad
2089 885 2124 911 n.
2149 885 2206 912 20.
2229 875 2267 911 ὅ(
2291 875 2370 913 Lib.
2395 875 2444 913 V.

1426 922 1535 972 Epist.
1559 922 1626 960 VI.
1654 934 1690 960 n.
1710 935 1767 962 20.
2421 930 2423 932 ’

1474 985 1496 1011 2
1524 973 1733 1024 Comana]
1765 973 1892 1012 Locus
1914 975 2080 1013 eminens
2101 977 2139 1013 &
2163 976 2326 1024 patulus,
2356 978 2445 1028 qua}

1423 1025 1474 1063 les
1507 1024 1643 1073 saepius
1676 1023 1726 1062 est
1754 1025 1880 1064 videre
1909 1024 1946 1061 in
1970 1024 2221 1064 Genuenfium
2245 1028 2355 1072 villis,
2382 1028 2442 1066 ubi

1425 1077 1465 1114 ὃ(
1487 1075 1609 1113 cibum
1630 1077 1779 1125 capiunt
1798 1105 1809 1121 ‚
1837 1076 1876 1113 ὃ(
1894 1075 1991 1113 littus
2011 1086 2053 1112 ac
2071 1087 2172 1114 mare
2191 1078 2421 1127 prospectant
2435 1106 2448 1123 ,

1425 1128 1594 1164 terratias
1626 1128 1740 1174 vulgo
1771 1126 1950 1176 appellant
1973 1139 1982 1163 t
2043 1127 2146 1176 quod
2187 1127 2268 1165 sunt
2309 1131 2447 1178 patenti

1424 1179 1534 1216 coe-lo
1557 1179 1597 1215 ὃ(
1617 1178 1767 1226 planae,
1787 1188 1998 1228 quanquam
2020 1176 2167 1215 summo
2186 1177 2291 1214 instar
2313 1191 2446 1229 acqua-

1426 1235 1486 1266 tae
1515 1237 1641 1267 terrae.
1680 1229 1713 1265 C
1728 1241 1750 1265 A
1765 1241 1788 1265 ϊ
1805 1241 1826 1265 Α
1842 1240 1878 1265 N.
1906 1228 2042 1266 Differt
2063 1238 2151 1275 ergo
2186 1233 2276 1267 Zeta
2301 1230 2339 1268 &
2361 1235 2446 1269 Coe-

1428 1280 1538 1317 natio.
1567 1277 1636 1318 Sed
1658 1289 1752 1328 quae
1772 1278 1820 1316 est
1842 1277 2045 1318 differentia
2068 1275 2083 1313 ?
2122 1277 2226 1328 quod
2245 1279 2336 1318 haec
2360 1280 2447 1320 effet

1428 1331 1545 1369 maior
1569 1357 1580 1375 ,
1615 1329 1672 1367 illa
1696 1330 1819 1367 minor
1842 1343 1850 1366 z
1891 1329 1993 1379 quod
2014 1328 2193 1377 c01¹igitur
2222 1358 2234 1375 ,
2272 1333 2357 1394 quia
2388 1331 2448 1370 hic

1427 1381 1580 1419 coenatio
1611 1392 1686 1418 una
1718 1381 1806 1418 zetis
1832 1382 2032 1430 opponitur
2055 1379 2203 1419 duabus.
2256 1381 2348 1420 baon
2369 1381 2448 1421 satis

1428 1431 1631 1470 commode
1654 1430 1802 1469 Voffius
1824 1432 1862 1469 in
1886 1431 2102 1480 Etymolog.
2156 1437 2246 1469 Zeta
2272 1430 2450 1480 fignificat

1425 1484 1620 1532 aedificium
1641 1495 1681 1519 ac
1697 1491 1840 1531 partem
1862 1483 1985 1520 domus
2009 1510 2019 1527 ,
2058 1494 2146 1532 quae
2167 1480 2363 1519 cubiculum
2383 1481 2451 1518 ha-

1426 1533 1506 1572 beat
1537 1547 1576 1571 ac
1607 1533 1851 1571 coenationem.
1906 1533 2046 1570 Contra
2076 1534 2197 1581 potius
2219 1544 2274 1570 res
2296 1532 2365 1570 sese
2386 1532 2450 1570 ha-

1427 1585 1503 1623 buit
1517 1614 1527 1631 ,
1554 1595 1594 1623 ut
1615 1585 1740 1634 liquet.
1770 1583 1988 1620 Scunrrizn.
2026 1583 2070 1620 In
2093 1583 2269 1621 Mediceo
2290 1584 2382 1621 haec
2402 1583 2452 1622 ita

1427 1637 1618 1685 leguntur:
1648 1634 1800 1672 coenatio
1814 1662 1824 1678 ,
1858 1645 1946 1682 quae
1966 1633 2197 1671 laetiffimum
2217 1646 2315 1671 mare
2335 1662 2346 1678 ,
2374 1633 2397 1671 l.
2426 1633 2453 1673 l.

1427 1700 1462 1725 a.
1487 1687 1597 1724 villas
1625 1683 1791 1735 possidet.
1813 1682 1990 1721 mendose
2012 1682 2086 1722 fine
2109 1682 2231 1722 dubio.
2271 1688 2424 1735 Speciare
2438 1714 2449 1731 ,

1427 1738 1620 1788 adspicere,
1649 1734 1831 1785 despicere,
1859 1733 2038 1786 prospicere
2061 1734 2369 1774 deinanimorum
2382 1735 2451 1774 situ

1428 1790 1553 1838 paffim
1587 1787 1697 1826 obvia
1731 1785 1812 1824 sunt
1836 1814 1847 1831 ,
1884 1794 1925 1823 ut
1956 1786 2016 1824 vel
2049 1797 2094 1824 ex
2129 1786 2279 1824 Caesare
2302 1785 2451 1824 constat.

1429 1841 1541 1890 Supra
1565 1851 1601 1876 n.
1624 1852 1653 1886 ς.
1683 1843 1715 1874 T
1713 1837 1889 1875 riclinium
1909 1835 2010 1887 quasi
2019 1837 2091 1874 tria
2104 1837 2223 1874 maria
2235 1836 2451 1886 prospectat.

1428 1890 1534 1928 Intra.
1557 1902 1592 1927 n.
1615 1901 1675 1927 20.
1709 1887 1968 1926 Heliocaminus
1991 1888 2278 1938 cryptoporticum
2293 1886 2450 1935 fenestra

1426 1941 1604 1991 prospicit.
1625 1949 1735 1989 atque
1756 1939 1804 1975 ita
1827 1939 1963 1987 saepius
1984 1938 2141 1977 Auctor.
2171 1937 2272 1977 Silius
2286 1938 2368 1976 Lib.
2383 1937 2452 1979 111.

1427 2004 1479 2030 vs.
1500 2003 1585 2039 417.
1607 1991 1652 2030 de
1673 1992 1841 2039 Pyrene:

1479 2094 1628 2144 Divisos
1653 2091 1764 2132 Celtis
1785 2089 1858 2128 late
1880 2087 2086 2139 prospectat
2111 2087 2262 2141 Hiberos.

1430 2197 1568 2236 Seneca
1589 2192 1773 2236 Phoeniff.
1792 2202 1843 2230 vs.
1866 2191 1926 2232 68.

1486 2299 1554 2336 Hic
1576 2298 1656 2336 alta
1680 2310 1787 2348 rupes
1811 2296 1925 2335 arduo
1940 2297 2058 2347 surgit
2079 2296 2153 2346 iugo
2242 2344 2247 2350 ἱ

1486 2350 1696 2400 spectatque
1718 2349 1817 2400 longe
1834 2349 1941 2400 spatia
1955 2348 2100 2398 subieffli
2121 2345 2243 2386 maris.

1437 2452 1494 2490 Sic
1515 2462 1606 2489 mox
1628 2464 1665 2490 n.
1691 2464 1745 2503 13.
1764 2453 1878 2491 videt.
2245 2477 2250 2479 -

1485 2515 1503 2552 3
1536 2504 1706 2554 Nascitur
1736 2505 1975 2555 conditurque.
2003 2501 2020 2552 ]
2059 2503 2184 2541 Altera
2215 2494 2360 2552 fenestra
2389 2491 2445 2528 O*

1435 2555 1588 2591 rienrem
1605 2583 1616 2599 ‚
1643 2555 1751 2593 altera
1776 2555 2024 2594 Occidentem
2045 2551 2155 2589 solem
2179 2547 2338 2600 admittit.
2368 2542 2441 2577 Lu-

1436 2605 1558 2642 cianus
1579 2605 1737 2643 domum
1762 2606 2001 2643 commendat
2035 2612 2127 2657 quae
2159 2593 2357 2655 Ratentrbus
2392 2590 2446 2629 fe-

1436 2656 1557 2694 nestris
1577 2656 1691 2695 solem
1717 2656 1962 2694 Occidentem
1987 2657 2124 2697 excipit.
2153 2648 2302 2682 ciii-m.
2362 2695 2368 2701 ⁶

1485 2720 1508 2753 4
1537 2706 1761 2756 Apoll-vem]
1794 2707 1893 2744 Cella
1918 2701 2061 2741 vinaria.
2097 2696 2194 2734 Nam
2218 2704 2385 2742 quamvis
2406 2706 2447 2730 a-

1431 2757 1574 2807 potheca
1597 2758 1703 2808 poffit
1726 2755 1796 2795 effe
1817 2757 1918 2793 locus
1934 2780 1944 2795 ,
1969 2759 2045 2800 quo
2066 2757 2120 2783 res
2136 2744 2328 2782 servandae
2339 2756 2448 2802 repo-

1435 2817 1572 2847 nuntur
1590 2807 1667 2847 ano*
1688 2811 1745 2843 τοῦ
1765 2806 1988 2844 &wallemont
2003 2825 2013 2841 ,
2040 2808 2059 2833 a
2087 2795 2277 2844 reponendo
2311 2795 2424 2832 dictu<
2441 2809 2448 2830 :

1436 2868 1563 2897 tamen
1593 2872 1661 2910 pro
1696 2856 1782 2894 cella
1814 2852 1947 2893 vinaria
1979 2848 2089 2895 accipi
2124 2847 2211 2884 solet
2245 2846 2449 2884 aridioribus

1436 2911 1552 2949 Plinio
1576 2908 1759 2947 avunculo
1795 2905 1834 2941 &
1865 2898 2082 2937 Columella.
2121 2898 2177 2935 Sic
2202 2898 2238 2934 ὃ(
2264 2897 2452 2945 Ulpianus.

1439 2962 1590 2996 CATAN.
1621 2955 1790 2993 Testatur
1812 2954 1850 2988 ὃ(
1873 2951 1945 2987 hoc
1967 2948 2108 2987 Salmas.
2132 2950 2169 2987 in
2182 2947 2262 2985 Acl.
2280 2949 2453 2996 Spartian.

1436 3009 1525 3046 Adr.
1547 3009 1623 3054 cap.
1648 3004 1710 3040 XI.

1483 3069 1501 3105 ς
1532 3051 1743 3100 Horreum]
1785 3052 2003 3089 Granni-ium
2038 3052 2083 3089 ab
2106 3050 2232 3087 hordeo
2251 3079 2260 3091 ,
2289 3050 2389 3099 quod
2413 3052 2450 3090 in

1431 3119 1478 3146 co
1500 3106 1727 3150 servabatur,
1756 3103 1906 3153 quidam
1928 3101 2067 3141 dictum
2091 3110 2290 3140 autumant.
2331 3101 2453 3139 Debet

2331 3161 2455 3191 autem

2518 0 2616 139 ᾗ

2578 124 2605 198 3.
