2616 3686
263 218 371 269 622
515 187 2190 262 C.PLINIICAECILIISECUNDI
2570 0 2616 254 Ἶ

281 304 465 363 reptus
502 287 615 350 est,
670 283 873 358 petiit?
933 278 1102 355 Quod
1139 277 1225 333 vel
1276 275 1510 332 maxime
1544 275 1559 299 ¹
1598 268 1848 328 dolorem
1895 267 2079 332 menni
2122 270 2421 331 exulcerat?

241 374 305 416 6‘
325 363 695 422 Obversantur
721 356 844 413 caffi
871 358 1040 411 oculis
1063 353 1273 409 labores
1301 389 1318 415 ‚
1377 349 1431 403 &
1469 343 1831 402 infructuosae
1854 364 2038 420 preces
2066 387 2083 414 ‚
2125 350 2178 404 &
2209 349 2419 414 honor,

288 458 452 515 quem
494 436 691 493 meruit
725 439 744 467 ³
778 445 1006 487 tantum.
1083 426 1252 483 Redit
1286 425 1467 481 animo
1499 421 1586 476 ille
1628 422 1764 476 latus
1795 422 2012 488 clavus,
2057 425 2111 480 in
2145 423 2426 496 penatibus

289 518 420 572 meis
441 514 706 584 sumptus:
745 507 977 562 ‘redeunt
1001 504 1085 559 i-lla
1111 504 1279 574 prima
1305 538 1322 563 ‚
1365 500 1452 553 illa
1474 493 1741 569 postrema
1761 494 2001 569 suffragia
2025 515 2142 552 mea
2163 536 2180 562 ‚
2215 499 2289 552 illi
2312 499 2421 554 ser-

244 605 479 654 7mones
500 627 515 651 ‚
564 587 684 640 illae
716 581 1154 636 consultationes,
1237 572 1469 629 Afficior
1514 575 1533 605 ⁴
1567 570 1926 626 adolescentia
1959 569 2116 643 ipfius
2141 609 2158 635 ,
2208 569 2420 628 afficior

292 674 308 736 ‚⁵
332 659 784 721 neceffitudinum
810 653 947 710 casu.
1025 650 1155 707 Erat
1181 650 1252 705 illi
1278 647 1489 720 grandis
1513 658 1640 700 natu
1669 663 1888 719 parem,
1930 657 2042 700 erat
2065 662 2236 709 uxor,
2256 657 2424 718 quarn

290 751 416 794 ante
439 752 641 791 annum
667 730 933 801 virginem
961 737 1271 798 acceperat:
1315 736 1428 776 erat
1456 720 1560 774 filia
1577 757 1593 783 ,
1617 737 1781 792 quam
1806 721 1967 792 paulo
1988 734 2113 775 ante
2133 719 2424 776 sustulerat.
2570 759 2579 790 -,

245 827 273 877 8
294 814 411 885 Tot
436 812 456 840 '⁶
478 811 619 883 spes,
639 819 722 862 tot
744 803 938 877 gaudia
964 802 1076 856 dies
1101 817 1239 855 unus
1267 798 1320 852 in
1348 793 1564 850 adversa
1585 797 1871 850 convertit.
1913 794 2097 850 Modo
2125 793 2426 866 designatus
2500 796 2503 799 ’
2570 795 2578 814 ”

2205 868 2425 936 aediliS,
2572 874 2575 887 ’

289 1012 380 1051 hora
403 1038 413 1055 ,
451 1020 522 1060 qua
540 1006 686 1046 Tribuni
701 1002 807 1056 plebis
826 1019 837 1041 .·
876 1003 914 1040 &
942 1012 989 1039 ne
1009 1000 1085 1050 quis
1107 996 1155 1038 e'is
1173 1003 1322 1036 noceret
1385 990 1599 1050 Casaubono
1612 1020 1624 1038 ,
1651 1002 1693 1033 <9⁸
1717 992 1821 1030 honor
1834 1020 1844 1037 ‚
1871 1002 1971 1042 quem
1991 990 2117 1031 meruit
2139 1003 2296 1032 tantum.
2322 995 2424 1034 Redit

289 1058 463 1102 concess‘o
485 1059 587 1097 simili
608 1057 792 1106 privilegio
808 1053 932 1104 ‚quale
945 1050 1119 1090 Tribunis
1139 1049 1325 1087 sancitum.
1384 1055 1499 1082 ammo
1523 1072 1534 1090 ,
1570 1044 1687 1082 oratio
1719 1043 1901 1082 bellissime
1933 1043 2149 1091 processerit.
2185 1045 2220 1082 G
2234 1057 2255 1082 a
2269 1055 2332 1082 υτ
2347 1057 2369 1083 n
2384 1059 2424 1085 rt.

287 1113 382 1152 Duo
402 1118 504 1151 erant
529 1109 711 1147 Aedilium
743 1105 886 1144 ordines
909 1116 918 1141 :
956 1114 1049 1140 unus
1080 1102 1118 1139 in
1140 1111 1219 1149 quo
1236 1099 1323 1137 sellis
1385 1100 1418 1131 Τ
1416 1106 1544 1134 antam
1566 1098 1673 1144 nom]
1704 1094 1746 1132 In
1766 1093 1978 1142 explicanda
1997 1094 2065 1132 hac
2087 1093 2245 1133 leiiione
2265 1095 2351 1134 nihil
2369 1096 2427 1134 ef-

289 1163 467 1203 curulibus
488 1163 525 1201 in
546 1159 702 1198 dicendo
719 1158 801 1206 jure
821 1157 1011 1193 utebantur
1033 1166 1042 1191 ε
1069 1151 1127 1189 hic
1146 1150 1325 1199 magistra·
1386 1145 1459 1184 ficit
1483 1145 1683 1184 Catanaeus
1700 1173 1711 1190 ,
1738 1145 1777 1182 &
1799 1146 1964 1193 negativa
1987 1143 2115 1183 reffius
2136 1144 2241 1184 abest.
2291 1145 2365 1184 Sed
2382 1147 2422 1184 τὶ

293 1223 351 1254 tus
371 1213 484 1261 major
517 1210 696 1249 Aedilitas
729 1206 911 1246 dicebatur
936 1232 947 1250 ,
987 1201 1165 1243 secundus
1201 1207 1325 1238 autem
1386 1205 1530 1234 tamum
1552 1207 1636 1234 cum
1668 1195 1908 1245 praecedente
1940 1194 2094 1243 periodo
2124 1194 2425 1235 connectendum

287 1266 460 1316 plebeius.
512 1263 695 1299 Curabant
725 1258 853 1297 urbem
876 1286 887 1302 ‚
923 1264 1108 1293 annonam
1142 1254 1180 1290 ὅ(
1199 1251 1326 1296 ludos,
1387 1247 1458 1291 est,
1484 1248 1523 1303 .&
1543 1247 1579 1285 in
1601 1258 1647 1285 eo
1668 1245 1747 1284 finis
1765 1245 1983 1286 statuendus.
2034 1248 2108 1284 Ita:
2137 1257 2180 1285 e?
2199 1244 2305 1284 honor
2325 1259 2427 1297 quem

287 1317 505 1368 potestatem
527 1310 720 1351 coercendi
737 1309 887 1359 popinas
911 1307 947 1344 δι
972 1314 1087 1343 novas
1111 1302 1324 1351 superstitio·
1386 1304 1513 1336 meruit
1533 1308 1687 1336 tamum.
1714 1297 1816 1335 Redit
1835 1297 1975 1342 animo,
2004 1307 2076 1335 σε.
2111 1297 2171 1334 Sic
2193 1296 2426 1338 Casaubonus

291 1380 378 1413 nes,
406 1363 646 1414 exigendique
669 1360 862 1399 munditias
891 1358 928 1395 in
953 1356 1041 1394 locis
1067 1353 1212 1402 publicis
1236 1380 1246 1398 ,
1285 1353 1324 1390 &
1386 1347 1533 1387 restituit
1548 1362 1560 1391 ;
1616 1349 1654 1386 ὅ(
1694 1348 1742 1385 ita
1770 1347 1955 1386 belliffime
1987 1348 2190 1385 orationem
2224 1348 2424 1396 procedere

290 1419 419 1456 utilem
451 1420 489 1453 ὅτ
519 1414 691 1452 salubrem
721 1416 1003 1458 temperaturam
1025 1405 1202 1443 habebant
1225 1430 1235 1448 ,
1279 1414 1327 1442 ne
1388 1397 1563 1442 statuebat
1592 1398 1766 1436 Gruterus
1816 1397 1951 1436 Meruie
1977 1407 2126 1436 tantum
2147 1425 2158 1441 ,
2193 1398 2279 1436 ideo
2312 1399 2426 1446 dixit,

288 1469 369 1519 quis
391 1458 524 1516 a'quam
544 1464 722 1513 publicam
746 1462 959 1509 inquinaret.
1014 1456 1146 1493 Aleam
1170 1461 1327 1504 praeter·
1388 1448 1490 1499 quod
1517 1448 1721 1497 defignatus
1753 1455 1894 1485 tantum
1930 1447 2050 1485 aedilis
2086 1446 2174 1485 ess‘et
2195 1473 2207 1492 ,
2251 1449 2424 1489 nondum

292 1530 406 1569 quam
426 1519 463 1555 in
495 1513 732 1552 Saturnalibus
752 1511 934 1549 vetabant.
985 1505 1101 1544 Diem
1124 1505 1241 1544 dicere
1261 1516 1329 1554 po·
1386 1500 1565 1538 aedilitate
1586 1500 1657 1548 ipsa
1681 1499 1825 1536 funditis
1848 1510 1858 1534 ι
1897 1497 1995 1536 unde
2012 1508 2103 1534 mox
2123 1498 2296 1536 intactum
2318 1499 2423 1538 hono-

290 1577 410 1607 terant
429 1568 490 1610 iis,
503 1567 566 1614 qui
585 1565 660 1614 plus
681 1573 792 1612 quam
812 1562 891 1609 lege
902 1558 1046 1596 finitum
1060 1564 1134 1594 erat
1154 1556 1226 1604 agri
1246 1556 1318 1604 pos
1388 1563 1461 1588 rem
1482 1559 1585 1605 νοω]
1609 1564 1620 1589 ;
1648 1547 1750 1600 quod
1768 1545 1938 1585 nondum
1964 1575 1975 1592 ‚
2003 1554 2043 1584 ut
2065 1547 2221 1586 diximus
2243 1576 2256 1594 ,
2282 1548 2424 1591 obiisset

293 1620 460 1659 fiderent,
487 1616 587 1655 Dicit
609 1613 747 1654 Aediles
764 1610 961 1651 secundum
983 1609 1189 1645 Varronem
1203 1605 1327 1656 ‚quod
1390 1600 1464 1638 five
1491 1596 1652 1649 gefflffet.
1690 1599 1828 1637 Buca
1842 1611 1865 1635 u
1880 1609 1900 1636 ε
1914 1612 1950 1637 a.
2002 1598 2094 1636 Non
2123 1597 2357 1638 dubitandum
2379 1601 2428 1641 de

292 1672 392 1709 aedes
408 1670 515 1708 sacras
535 1669 572 1705 ὅ(
597 1668 746 1715 privatas
775 1667 1023 1712 procurarent.
1068 1660 1120 1696 At
1143 1656 1246 1695 Festo
1265 1668 1328 1694 au·
1391 1650 1650 1690 emendatione
1666 1649 1869 1687 Casauboni
1889 1677 1899 1693 ‚
1926 1659 2035 1698 quam
2055 1646 2221 1687 adfirmat
2240 1650 2322 1689 MS.
2340 1652 2427 1698 Me·-¹

296 1722 398 1760 &ore
413 1748 423 1765 ,
450 1717 550 1768 quod
570 1717 678 1754 facilis
697 1714 742 1752 ad
762 1725 826 1751 eos
846 1711 939 1761 plebi
957 1710 1070 1748 aditus
1089 1706 1187 1747 effet.
1224 1707 1325 1746 Con·
1392 1702 1524 1741 diceus.
1549 1701 1705 1750 Vulgata
1722 1700 1830 1738 leetio
1850 1700 1888 1738 &
1907 1698 2082 1737 distinctio
2102 1712 2111 1736 :
2153 1698 2258 1736 honor
2282 1728 2294 1746 ‚
2320 1715 2422 1752 qum,

295 1774 398 1812 venit
417 1781 501 1807 cum
532 1769 700 1804 Varrone
727 1762 996 1814 jurisconsultus
1014 1761 1051 1797 in
1067 1759 1262 1807 prooemio
1292 1757 1329 1796 ff.
1392 1753 1528 1791 meruit.
1553 1750 1722 1790 Tantum
1745 1762 1823 1789 non
1844 1750 1934 1789 redit
1952 1750 2090 1795 animo,
2115 1751 2427 1798 cet.nullumxsen-

297 1825 337 1862 &
357 1821 461 1861 tradit
483 1847 494 1865 ,
529 1817 697 1857 aedilibus
725 1814 870 1865 plebem
895 1813 1021 1850 omnia
1044 1809 1127 1847 scite
1147 1809 1206 1847 sua
1227 1808 1329 1847 detu-
1392 1804 1468 1842 sum
1492 1801 1612 1840 habet.
2426 1795 2427 1798 ’

292 1871 377 1914 Effer
407 1872 602 1909 CATAN·
1441 1868 1475 1898 4-
1504 1851 1785 1902 Adolescemia.]
1827 1850 1943 1906 Quod
1979 1858 2098 1900 raptus
2129 1852 2237 1890 fuerit
2268 1853 2305 1890 in
2345 1853 2422 1903 ipso

350 1938 382 1963 1⁴
411 1921 571 1959 Dolorem
591 1930 704 1957 meum
723 1913 939 1964 exulcerat]
982 1911 1174 1960 Perperam
1194 1908 1330 1949 Aldus:
1360 1895 1363 1969 ξ
1392 1904 1480 1942 flore
1501 1904 1634 1941 aetatis.
1684 1903 1801 1951 Magis
1825 1903 1923 1941 enim
1941 1902 2140 1941 dolendum
2161 1902 2205 1941 de
2227 1911 2347 1941 morte
2362 1905 2426 1952 ju·

295 1976 444 2013 dolorem
482 1983 595 2009 meum
632 1969 778 2006 vicerat.
816 1966 895 2003 Lib.
915 1966 945 2002 1.
982 1962 1089 2012 Epist.
1109 1961 1194 2000 XII.
1231 1972 1268 1998 n.
1300 1972 1332 1998 1.
1361 1970 1363 2006 Ι
1393 1965 1529 1993 venum
1547 1964 1657 2002 quam
1677 1952 1816 1991 senum.
1871 1954 1968 1992 Nam
1997 1955 2041 1990 ab
2070 1953 2214 1992 illorum
2248 1954 2343 1992 bona
2363 1955 2419 1993 in-

294 2023 435 2073 Deceffit
460 2021 625 2060 Corellius
646 2019 756 2062 Rufus
777 2045 787 2062 ,
825 2027 868 2056 ω’
897 2014 1035 2065 quidem
1047 2013 1166 2062 sponte
1190 2039 1200 2055 ,
1239 2011 1330 2062 quod
1393 2006 1476 2045 dole
1493 2003 1663 2053 speranda
1680 2003 1759 2059 sunt
1782 2004 2015 2043 diuturniora.
2039 2004 2073 2042 C
2086 2016 2106 2040 Α
2121 2016 2182 2043 TA
2197 2017 2235 2041 Ν.

296 2077 464 2116 dolorem
486 2083 598 2110 meum
619 2070 807 2108 exulcerat.
834 2066 928 2104 Infra
942 2061 1330 2111 Lib.Vlll.Epist.1X.
1446 2070 1479 2106 ς.
1518 2054 1840 2104 Neceffitudmum.]
1879 2055 2016 2092 Gellius
2053 2054 2135 2092 Lib.
2163 2054 2250 2092 XII.
2284 2053 2418 2094 deridet

293 2140 332 2167 n.
351 2140 385 2165 2.
413 2125 477 2162 Sed
497 2123 580 2173 quid
597 2120 763 2159 dolorem
783 2129 883 2155 tuum
901 2111 1096 2154 exulcero?
1391 2107 1649 2154 grammaticos
1668 2133 1681 2150 ‚
1710 2107 1779 2154 vqui
1798 2104 2095 2143 necessitudinem
2115 2105 2153 2142 &
2175 2106 2416 2145 neceffitatem

348 2189 383 2215 2.
411 2173 653 2222 obversantur
672 2169 784 2208 oculis
803 2167 883 2205 caffi
902 2164 1074 2215 labam]
1112 2162 1325 2202 Mediceus:
1391 2158 1483 2196 inter
1505 2156 1539 2194 se
1561 2154 1702 2194 differre
1724 2163 1872 2204 putant,
1895 2155 1997 2205 quod
2018 2155 2182 2203 neceffitas
2201 2156 2418 2204 fitvisquae-

297 2217 541 2274 obversantes)-
564 2222 644 2260 caffi
667 2221 763 2259 oculi
795 2217 934 2255 labores.
986 2216 1087 2252 Oculi
1115 2223 1327 2263 corruptum
1391 2209 1487 2256 piam
1509 2217 1675 2255 premens
1696 2207 1734 2244 ὅ(
1754 2217 1887 2255 cogens
1917 2224 1925 2243 .—
1965 2206 2161 2257 neceffltudo
2181 2215 2302 2246 autem
2325 2204 2419 2242 dica-

297 2281 346 2320 est
360 2307 371 2324 ,
398 2286 433 2315 at
450 2275 521 2324 ipse
542 2271 675 2323 pofitus
699 2269 893 2307 verborum
912 2267 1003 2304 mite
1023 2267 1149 2315 placet.
1390 2267 1446 2296 tur
1461 2261 1519 2309 J'us
1544 2257 1729 2306 quoddam
1753 2258 1791 2294 ὅ(
1810 2257 1994 2295 vinculum
2003 2256 2185 2305 religiosae
2195 2253 2415 2307 conjunctio·

351 2341 385 2378 3,
411 2333 566 2364 Tantum
586 2321 692 2372 nom]
732 2320 874 2358 Dicitur
904 2316 1000 2365 apud
1029 2316 1197 2365 probatos
1221 2315 1327 2353 etiam
1392 2311 1457 2348 nis.
1511 2308 1580 2363 Sed
1600 2308 1689 2346 haec
1708 2308 1794 2347 nihil
1812 2306 1954 2345 differre
1976 2315 2098 2356 putat,
2123 2306 2212 2346 ficut
2231 2302 2412 2346 suavitudo

296 2380 397 2420 modo
416 2391 482 2416 non
504 2375 548 2413 ad
570 2375 797 2411 Graecorum
820 2368 1065 2408 imitationem
1088 2395 1099 2412 ,
1126 2366 1189 2417 qui
1208 2364 1331 2404 dicunt
1394 2361 1433 2398 δί
1453 2359 1624 2404 suavltas‚
1650 2357 1850 2397 sanctitudo
1873 2359 1912 2395 δε
1926 2357 2098 2398 sanctitas.
2122 2357 2177 2396 In
2191 2368 2265 2395 ΒΜ.

296 2431 471 2480 μονονεχί.
499 2425 688 2466 Tibullus:
1457 2412 1490 2448 6.
1528 2409 1638 2459 Spes.]
1678 2407 1990 2458 Suscipiendorum
2033 2409 2236 2447 liberorum.
2270 2404 2286 2443 1
2297 2416 2320 2441 ι)
2333 2415 2355 2442 ε
2368 2415 2412 2444 u.

1396 2460 1466 2499 Sed
1496 2470 1559 2500 cur
1586 2460 1739 2509 praecise
1766 2460 1812 2498 de
1838 2459 1951 2498 liberis
1976 2457 2140 2497 tollendis
2167 2462 2240 2503 Spes
2267 2454 2411 2502 intelligi

348 2531 445 2579 Jam
468 2528 584 2567 modo
605 2536 682 2564 non
694 2522 824 2574 poffum
842 2531 1017 2559 contentus
1038 2519 1158 2558 vivere
1171 2527 1298 2568 parvo.
1393 2511 1552 2551 debent?
1581 2510 1748 2560 Respexit
1768 2510 1812 2549 ad
1823 2510 1898 2561 spes
1918 2508 2137 2558 grandaevae
2159 2505 2300 2549 matris,
2320 2515 2414 2542 uxo-

1395 2563 1439 2601 ris
1462 2565 1500 2602 &
1523 2563 1619 2603 filiae
1640 2589 1651 2606 ,
1679 2573 1775 2612 quae
1796 2571 1927 2599 omnes
1948 2570 1969 2596 a
1986 2559 2055 2596 vita
2075 2557 2171 2594 Aviti
2190 2556 2283 2601 bona
2301 2555 2415 2593 multa

1391 2615 1529 2663 sperare
1548 2620 1726 2664 poterant.
1777 2611 2011 2650 Membranae
2027 2620 2040 2645 ·:
2076 2606 2144 2644 dies
2171 2617 2259 2642 unus
2288 2605 2324 2641 in
2344 2605 2411 2643 ad-

298 2685 418 2725 modo
434 2694 511 2723 non
537 2681 666 2717 vivum
687 2675 800 2713 labore
818 2673 1006 2721 industriae
1017 2672 1102 2722 suae
1122 2670 1332 2720 comprehen-
1391 2665 1490 2704 versa
1508 2662 1677 2702 convertit
1697 2691 1708 2708 ,
1743 2663 1781 2700 δε
1814 2656 2125 2712 permutari-‘haec'
2142 2655 2314 2693 vocabula
2335 2654 2410 2694 five

301 2739 409 2775 derat.
462 2734 509 2773 Et
526 2731 675 2769 Fabius:
710 2726 803 2764 ouis
821 2726 911 2763 enim
934 2736 1001 2761 non
1023 2723 1064 2760 de
1080 2721 1191 2772 justo,
1227 2733 1332 2772 aequo
1393 2729 1413 2754 a
1435 2715 1719 2757 correctoribuS,
1747 2711 1820 2749 five
1840 2711 1884 2747 ab
1903 2707 2043 2762 librariis
2055 2705 2208 2762 vidimus
2227 2704 2271 2743 ad
2283 2704 2415 2746 Sallust.

302 2800 342 2823 ac
362 2788 442 2824 bono
463 2814 474 2830 ,
503 2781 621 2821 modo
642 2764 783 2816 ῃοῃῖν·
803 2775 862 2813 vir
877 2773 1030 2825 pessimus
1054 2801 1063 2817 ‚
1092 2772 1268 2822 loquitur,
1295 2771 1331 2809 id
1390 2767 1474 2827 Jug.
1493 2777 1576 2823 cap.
1597 2762 1732 2803 XXXI.
1757 2773 1794 2799 n.
1816 2770 1874 2805 24.
1908 2758 1945 2793 ὅ(
1967 2754 2054 2793 alibi.
2087 2754 2251 2812 Plerique
2283 2757 2412 2796 favent

301 2836 376 2880 est,
405 2837 491 2873 fere.
517 2833 549 2871 C
565 2844 584 2869 A
600 2841 708 2872 ratu.
743 2828 860 2876 {Qem
879 2825 1017 2864 meruit.
1043 2828 1198 2861 Tantum
1221 2822 1328 2872 nore]
1393 2835 1440 2864 τῳ
1461 2817 1601 2866 diversa
1624 2843 1635 2859 ,
1670 2811 1770 2860 quod
1807 2809 1850 2847 ab
1880 2805 2027 2854 ingenio
2059 2804 2280 2844 librariorum
2304 2808 2418 2857 magis

296 2634 462 2673 Valerius
482 2644 491 2669 ι
528 2630 642 2669 Pistor
671 2638 795 2674 equum
816 2623 859 2660 ab
881 2621 1118 2661 exercitatione
1137 2620 1331 2658 venientem

300 2885 422 2923 Scribe
440 2913 450 2929 ,
486 2895 583 2933 quem
615 2879 742 2918 meruit
762 2888 918 2915 tantum.
944 2875 1044 2913 Redit
1064 2887 1124 2911 an.
1161 2873 1257 2910 Mox
1276 2872 1331 2910 in·
1359 2629 1367 2921 l
1393 2875 1578 2914 remotum
1600 2863 1816 2918 existimant:
1845 2858 1882 2895 &
1904 2855 1953 2893 est
1971 2884 1980 2900 ‚
1996 2854 2064 2911 ‘ubi
2079 2857 2215 2912 merito
2233 2857 2417 2904 favemus,

301 2936 440 2974 tatium
458 2934 641 2970 honorem
664 2935 783 2966 vocat.
819 2927 884 2964 CA
898 2939 912 2965 s
926 2939 947 2963 Α
961 2941 982 2964 υ
1000 2939 1032 2964 Β.
1079 2930 1235 2963 Tantum
1263 2935 1329 2960 non
1393 2926 1434 2956 ut
1455 2917 1576 2956 videas
1599 2926 1643 2952 ex
1673 2919 1765 2969 notis
1789 2907 1835 2945 ad
1866 2907 2004 2944 Lucam
2041 2905 2122 2943 Lib.
2144 2906 2199 2964 11.⁸
2216 2918 2266 2944 vs.
2286 2919 2347 2957 43.
2375 2910 2416 2947 &

303 2985 403 3035 σα]
445 2983 495 3020 lta
514 2981 661 3029 quidem
683 2989 766 3014 cum
797 2978 962 3024 negativa
993 2976 1114 3014 Editio
1136 2974 1325 3017 Catanaei;
1395 2979 1447 3005 vs·
1463 2968 1551 3012 467·
1579 2963 1710 3002 NesC¹0
1731 2967 1852 2997 tamen
1876 2983 1887 3000 2
1926 2966 2035 3005 quam
2054 2956 2314 3014 belle'drcatur:
2340 2960 2417 3008 spes

303 3047 415 3086 quarn
438 3032 547 3081 ipsam
568 3038 694 3067 tamen
713 3025 858 3064 exclusit
886 3026 997 3063 Aldus
1019 3054 1029 3069 ,
1065 3027 1213 3074 eiusque
1239 3021 1327 3061 asse·
1394 3018 1432 3055 in
1454 3015 1587 3054 diversa
1617 3019 1807 3049 convertere
1827 3036 1836 3052 ‚
1860 3017 2097 3064 ‚quamquain
2124 3007 2182 3045 luc
2208 3009 2276 3047 illic
2305 3008 2419 3049 fimile

1396 3065 1526 3118 aliquid
1546 3064 1750 3114 reperiatur.
1775 3058 1917 3107 Melius,
1929 3057 2010 3098 sane
2032 3056 2171 3098 videtur
2186 3060 2226 3099 in
2245 3060 2393 3109 adversa
2407 3088 2420 3105 ‚

274 3140 276 3142 Υ
298 3088 399 3143 elag,
425 3083 541 3140 forsan
557 3080 662 3131 bene.
714 3076 814 3131 ljlarn
830 3074 912 3130 iane
931 3073 956 3112 si
976 3074 1226 3126 distinguamus
1238 3084 1322 3114 cum
2344 3121 2421 3161 quo
