2616 3686
530 182 899 254 ⁴L-'IBE'R
965 185 1042 236 V...
1098 182 1672 239 EPISTOLA
1738 189 1885 240 XIX.
2193 200 2289 262 '385⁵

153 259 172 286 ⁸
204 267 462 321 decenter
494 258 686 316 etiam=
735 257 904 312 utitur
945 254 1001 309 &
1034 266 1050 285 ²
1087 256 1286 310 cithara
1323 258 1495 327 perite
1528 294 1544 319 ,
1581 258 1744 320 ultra,
1785 268 1799 294 ³
1823 274 1982 329 quam
2007 268 2279 320 comoedo

150 337 354 394 neceffe
400 335 491 391 est.
565 333 715 389 Idem
748 342 856 384 tam
888 328 1184 384 commode
1219 330 1486 384 orationes
1515 363 1530 389 ‚
1571 328 1624 382 &
1652 330 1888 384 historias
1916 370 1932 394 ,
1971 333 2026 386 &
2049 338 2277 391 carmina

146 411 274 480 legit
301 449 316 473 ,
366 423 425 464 ut
468 409 574 463 hoc
616 405 788 472 solum
822 399 1065 459 didicisse
1102 400 1362 457 videatur.
1441 401 1596 455 Haec
1644 400 1761 454 tibi.
1793 401 1978 457 sedulo
2024 408 2276 475 exposui,
2355 409 2358 414 “

143 498 254 555 quo
290 482 455 552 magis
479 481 633 536 scires
647 492 669 542 ,·
700 491 858 549 quam
884 474 1050 539 multa
1082 491 1217 529 unus
1246 475 1405 537 mihi,
1443 474 1495 528 δε
1525 490 1689 544 quam.
1716 474 1952 545 jucunda
1988 478 2276 534 ministeria

142 555 438 627 praestaret.
515 553 531 578 ⁴
571 546 799 606 Accedit
833 547 992 617 longa
1024 546 1131 616 jam
1169 549 1355 602 caritas
1394 546 1625 602 hominis
1653 585 1667 609 ‚
1728 564 1888 618 quam
1913 548 2017 620 ipsa
2044 551 2274 620 pericula

143 639 424 683 auxerunt.
498 631 512 658 ⁵
549 622 640 678 Est
677 621 820 675 enirn
848 618 919 673 ita
948 633 1128 674 natura
1155 634 1556 689 comparatum,
1596 634 1650 673 ut
1678 619 1807 673 nihil
1835 637 2003 693 aeque
2029 640 2268 679 amorem

145 702 331 755 incitet
365 699 416 753 δε
454 694 748 756 accendat,
790 709 956 763 quam
994 693 1211 748 carendi
1253 707 1422 748 metus
1450 731 1464 755 ‚
1509 708 1671 763 quern
1710 708 1814 763 ego
1859 710 1960 763 pro
1989 694 2092 749 hoe
2116 701 2136 724 ⁶
2159 714 2270 752 non

146 772 301 827 semel
339 770 525 842 patior.
557 809 564 814 .
601 767 738 821 Nam
765 777 887 819 ante
912 765 1113 836 aliquot
1141 783 1304 820 annos
1324 803 1339 828 ‚
1378 766 1507 819 dum
1534 767 1740 818 intente
1765 763 2128 840 instanterque
2143 785 2269 841 pro-
2347 811 2350 815 .

143 845 382 905 nunciat,
418 841 721 912 sanguinem
751 839 966 907 rejecit,
1007 852 1166 910 atque
1192 838 1263 892 ob
1289 838 1393 891 hoc
1417 842 1433 869 ⁷
1459 839 1512 891 in
1543 837 1855 906 Aegyptum
1880 839 2108 895 mifl'us·a
2151 860 2266 909 me,

140 915 252 988 post
284 916 493 986 longam
529 910 1024 984 peregrinationem
1068 910 1414 968 confirmatus
1440 908 1599 965 rediit
1626 926 1810 979 nuper.
1889 911 2107 967 Deinde
2130 914 2265 971 dum

2168 1005 2268 1058 per

186 1126 207 1167 '1
235 1132 405 1167 Decenter
425 1127 558 1166 etiam:
587 1127 705 1165 utitur
726 1128 770 1167 eff
792 1126 942 1166 cithara.
967 1125 984 1175 ]
1024 1127 1081 1165 Sic
1101 1125 1155 1165 di-
1223 1132 1282 1164 tae
1305 1153 1314 1170 ‚
1366 1132 1494 1163 contra
1541 1124 1757 1175 scriptorum
1808 1121 2053 1162 voluntatem.
2102 1123 2261 1164 Helmst.

134 1179 398 1228 stinguendum.
424 1179 540 1218 Aldus
558 1181 597 1218 ὃς
618 1179 804 1228 Gryphius
827 1178 906 1228 post
928 1179 1085 1216 decenter
1098 1179 1153 1216 in·
1227 1177 1340 1214 Arnz.
1360 1177 1397 1214 ὃς
1421 1176 1487 1214 Ed.
1510 1175 1596 1214 Vet.
1646 1176 1698 1223 Est
1722 1174 1813 1213 enim
1838 1182 1962 1211 natura
1988 1183 2232 1223 comparatum
2245 1192 2259 1221 ;

132 1238 378 1280 terpungunt,
398 1232 619 1281 leguntque:
648 1229 770 1267 Etiam
793 1230 908 1268 utitur
930 1231 967 1268 ὃς
989 1228 1154 1274 cithara,
1226 1228 1402 1276 Optimus
1435 1239 1521 1264 cum
1553 1228 1734 1265 Voffiano
1759 1241 1767 1264 ε
1819 1223 1877 1271 Est
1909 1225 2002 1262 enim
2034 1227 2082 1263 ita
2118 1237 2258 1262 natura

131 1281 192 1319 ubi
221 1282 330 1319 etiam
363 1293 407 1321 (7
439 1281 586 1320 defendi
617 1281 769 1331 quidem
803 1289 948 1330 poterat
968 1282 1030 1325 iis,
1060 1290 1155 1329 quae
1223 1288 1492 1328 comparatum,
1520 1277 1622 1328 quod
1657 1277 1843 1317 revocavi.
1880 1274 2054 1313 Formula
2076 1275 2137 1314 ista
2159 1276 2253 1315 sem-

129 1330 228 1381 supra
251 1332 295 1370 de
317 1344 360 1372 (9¹
380 1333 489 1370 etiam
514 1361 524 1377 ‚
561 1342 605 1372 (9⁶
626 1344 757 1381 quoque
781 1331 985 1370 coniunctis
1003 1331 1156 1368 adnota-
1227 1341 1291 1378 per
1325 1329 1400 1367 fere
1432 1327 1472 1366 τὶ
1496 1330 1549 1366 ita
1571 1329 1787 1367 adiunctum
1815 1326 1925 1364 habet
1951 1326 2049 1376 apud
2070 1326 2248 1367 Nostrum

130 1383 273 1426 VImus3
302 1383 361 1421 sed
383 1383 472 1420 istud
494 1384 538 1420 ab
558 1384 728 1421 hocloco
741 1383 900 1420 alienum
911 1382 968 1419 est.
991 1382 1154 1420 Voffian.
1226 1381 1263 1417 &
1295 1380 1384 1418 alios
1408 1408 1418 1424 ,
1456 1380 1559 1429 quod
1583 1379 1738 1417 ostendit
1761 1385 1848 1416 nota
1871 1377 1916 1414 ad
1940 1379 2020 1416 Lib.
2046 1377 2112 1415 111.
2138 1377 2248 1427 Epist.

132 1432 260 1470 Oxon.
283 1432 437 1471 Helmst.
459 1434 572 1470 Arnz.
598 1434 637 1470 ὃς
659 1431 727 1470 Ed.
749 1433 836 1469 Vet.
889 1433 1012 1470 Etiam
1036 1434 1155 1470 utitur
1226 1429 1291 1466 IV.
1323 1442 1358 1468 n.
1390 1431 1430 1473 6.
1471 1430 1531 1476 Est
1562 1433 1656 1467 enim
1681 1432 1730 1467 ita
1752 1437 1994 1476 comparatum
2011 1457 2022 1472 ‚
2048 1439 2090 1464 ut
2111 1436 2179 1465 cet.
2201 1429 2252 1478 ibi

131 1482 271 1523 cithara
286 1513 295 1529 ‚
325 1484 412 1521 nihil
431 1484 570 1520 melius.
1225 1479 1320 1518 vide.
1347 1480 1547 1519 Terentius
1570 1480 1708 1519 Heaut.
1733 1479 1818 1517 Aet.
1842 1478 1909 1515 III.
1933 1481 1989 1517 Sc.
2012 1479 2042 1517 Ι.
2064 1489 2116 1518 vs.
2140 1491 2202 1528 97,

179 1546 201 1572 2
232 1533 398 1571 Cithara.
423 1533 437 1582 ]
468 1533 577 1570 Dicta
600 1536 702 1575 παρὰ
727 1533 764 1568 eb
795 1532 971 1567 κινεῖν-θαι
987 1532 1088 1581 quod
1103 1533 1156 1570 fa-

131 1586 198 1624 cile
218 1595 435 1628 moveatur,
462 1592 545 1628 aut,
574 1583 675 1631 quod
698 1581 881 1619 auditores
914 1583 950 1619 in
985 1594 1153 1621 amorem
1200 1597 1202 1600 ’

132 1644 295 1674 moveat.
345 1636 488 1674 Servius
522 1633 739 1671 testudinem
759 1631 893 1670 dietam
918 1634 1041 1671 credit.
1096 1633 1154 1672 Est

133 1696 258 1725 autem
284 1687 507 1723 vocabulum
531 1685 715 1721 Graecum
731 1711 741 1728 ,
774 1683 811 1720 ὃς
832 1694 900 1731 pro
924 1683 1032 1731 Iyraa
1047 1685 1154 1722 Suida

130 1739 396 1787 interpretatur.
425 1736 508 1775 Vid.
533 1736 570 1773 ἃ
594 1734 771 1783 Apulejus
791 1734 828 1771 in
851 1733 1013 1772 secundo
1040 1734 1153 1774 Flori-

131 1787 275 1826 dorum.
304 1790 459 1827 Canu.

181 1851 201 1887 3
231 1842 352 1886 {luam
379 1840 531 1877 comoedo
553 1835 671 1885 necesse
691 1835 745 1882 est.
770 1835 785 1886 ]
816 1837 915 1874 Nam
939 1837 1032 1874 inter
1053 1839 1154 1876 aetus

130 1891 407 1927 comoediarum
444 1888 703 1927 concinebatur
726 1915 735 1931 ‚
784 1887 885 1937 quod
918 1887 1093 1927 Horatius
1115 1890 1152 1928 in

133 1946 207 1976 arte
230 1941 403 1989 praecipit
419 1967 429 1984 ,
456 1948 496 1976 ut
517 1947 724 1989 opportune
748 1936 830 1976 fiat:

1278 1590 1334 1622 Ita
1358 1592 1613 1634 comparatum
1634 1581 1692 1632 effe
1715 1592 1842 1622 natura
1866 1582 2036 1620 omnium.

1226 1686 1287 1724 ubi
1323 1686 1407 1724 vide
1441 1684 1635 1722 Faernum.
1675 1684 1915 1732 Quinctilian.
1966 1683 2133 1721 Declam.
2172 1683 2261 1727 XV.

1226 1739 1337 1784 princ.
1373 1735 1452 1785 Etfi
1473 1763 1483 1780 ‚
1520 1736 1645 1772 iudices
1665 1764 1674 1780 ‚
1704 1736 1751 1772 ita
1784 1748 1806 1770 a
1842 1745 1977 1771 natura
2009 1744 2256 1784 comparatum

1224 1786 1268 1832 est
1288 1817 1298 1833 ,
1328 1801 1367 1824 ne
1383 1786 1433 1836 sit
1459 1793 1526 1825 cet.
1548 1787 1610 1824 ubi
1632 1784 1792 1824 similiter
1816 1796 1910 1823 unus
1935 1784 2031 1824 Cod.
2055 1786 2108 1824 ita
2131 1789 2257 1839 neglef

1227 1839 1288 1876 xit.
1319 1839 1474 1876 Confi-2.

1275 1889 1298 1925 6
1329 1895 1411 1926 Non
1425 1889 1534 1939 semel
1555 1888 1712 1939 patior]
1753 1887 1858 1929 Voff.
1895 1890 1932 1926 δε
1970 1887 2170 1928 Helmstad.
2199 1893 2256 1929 in-v

1226 1948 1331 1988 epte:
1359 1955 1428 1978 non
1441 1940 1664 1990 semelfacio.
1682 1942 1760 1980 Lib.
1786 1941 1832 1978 ΙΙ.
1854 1939 1962 1988 Epist.
1989 1939 2053 1976 IX.
2067 1951 2102 1976 n.
2118 1941 2253 1981 1.solh'-

1225 1991 1426 2032 citudinem
1446 1991 1546 2042 quasi
1558 2001 1619 2041 pro
1638 2006 1692 2030 me
1715 1993 1826 2030 altero
1849 1992 1974 2039 patior,
2248 1989 2255 1993 ’

1276 2056 1293 2091 7
1326 2051 1367 2082 In
1404 2042 1642 2094 Aegyptum]
1682 2045 1753 2083 Ubi
1799 2041 1969 2081 Zosimus
2008 2049 2113 2079 natus
2153 2052 2253 2085 erat:

1223 2093 1310 2133 ideo
1333 2097 1585 2134 remittebatur
1606 2097 1642 2132 in
1664 2098 1816 2145 patriam
1842 2123 1852 2138 ,
1896 2095 1933 2132 ὃ(
1957 2093 2003 2131 ad
2023 2093 2104 2130 suos
2123 2123 2133 2138 ‚
2165 2106 2252 2135 cum

1222 2147 1468 2185 valetudinarii
1501 2156 1672 2184 curentur
1705 2148 1911 2184 mutatione
1944 2146 2032 2183 aeris
2057 2172 2068 2187 ‚
2094 2146 2252 2192 praeser-

1221 2198 1288 2234 tim
1319 2198 1343 2236 fi
1378 2197 1636 2236 transferantur
1657 2198 1694 2235 in
1718 2195 2022 2234 consuetudinem
2045 2197 2171 2241 prioris
2196 2198 2251 2244 vi-j

1221 2247 1318 2294 etus,
1350 2251 1387 2287 &
1413 2249 1516 2287 coeli.
1570 2249 1626 2285 Sic
1660 2250 1758 2285 enim
1791 2246 2021 2284 restituuntur
2044 2245 2156 2281 veluti
2181 2257 2250 2283 nu-

1218 2299 1295 2337 trici
1326 2312 1367 2337 ac
1402 2300 1550 2347 parenti.
1604 2298 1783 2346 Alioquin
1808 2296 2014 2343 Aegyptius
2038 2304 2098 2330 aer
2121 2297 2247 2342 purior

1219 2350 1257 2386 δε
1291 2352 1411 2387 minus
1443 2349 1606 2399 pesissens
1631 2361 1638 2384 :
1678 2347 1762 2384 inde
1791 2346 2023 2382 multitudine
2046 2344 2247 2386 hominum

1218 2398 1293 2436 fere
1327 2409 1462 2437 ceteras
1493 2400 1588 2435 orbis
1617 2407 1733 2445 partes
1765 2397 1952 2445 superavit.
1974 2395 2143 2433 auctores
2166 2396 2248 2435 sunt

1216 2448 1408 2486 Diodorus
1442 2452 1480 2487 &
1510 2447 1697 2496 josephus.
1735 2448 1929 2485 caran.
1968 2452 2010 2482 In
2044 2453 2244 2496 Aegyptum

184 2039 279 2076 Tibia
308 2055 375 2079 non
403 2053 443 2079 ut
471 2053 564 2079 nunc
589 2040 758 2078 oricalcho
777 2042 929 2091 junna,
959 2043 1128 2094 tubaeque

182 2093 339 2146 Aejnula
360 2122 368 2138 ,
398 2093 463 2142 sed
493 2093 604 2129 tenuis
622 2090 836 2142 fimplexque
848 2095 1029 2140 foramine
1044 2105 1153 2146 pauco

183 2144 353 2191 aspirare
367 2172 376 2189 ‚
402 2154 446 2182 er
467 2142 572 2192 adeffe
595 2143 706 2181 choris
729 2155 807 2182 erat
826 2144 938 2183 utilis.
964 2166 1026 2177 —

131 2242 359 2290 Diomedes,
384 2247 609 2285 Pantomimi
631 2248 669 2285 ὃς
693 2247 914 2293 Choraules,
943 2249 981 2287 in
995 2258 1152 2287 comoe-

134 2292 190 2331 dia
223 2300 399 2335 canc-bant
423 2300 515 2335 inter
537 2297 677 2335 actores
700 2299 978 2337 comoediarum
1008 2311 1075 2348 pro
1100 2300 1151 2337 fa-

131 2346 284 2383 cultate:
315 2350 351 2385 ὅ(
372 2357 446 2386 arte
467 2350 626 2397 potiores
643 2349 884 2396 principatum
916 2348 976 2388 fibi
1014 2349 1150 2390 artificii

131 2395 384 2436 vendicabant.
413 2400 559 2448 Insuper
580 2400 733 2448 legimus
755 2398 925 2437 Flaccum
947 2399 1148 2439 modulaffe

130 2446 222 2484 tibiis
255 2448 494 2489 'l'crentIanas
517 2448 739 2487 comoedias.
778 2449 893 2488 IDEM.
932 2449 1145 2488 For-mulam

129 2497 378 2538 illustravimus
401 2502 444 2539 ad
466 2514 506 2539 ea
531 2501 643 2548 Crispi
677 2500 755 2537 Cat.
789 2512 864 2549 cap.
899 2501 1020 2538 XXV.
1049 2512 1084 2537 n.
1111 2513 1144 2539 2.

123 2547 258 2599 saltare
280 2550 472 2598 elegantius
486 2583 494 2597 ,
522 2565 629 2601 qnam
654 2549 770 2598 necesse
788 2551 831 2596 est
851 2550 984 2597 probae.
1025 2551 1146 2590 Habes

131 2599 298 2638 eamdem
323 2603 453 2639 iterum
480 2605 559 2640 Lib.
582 2601 670 2639 VII.
693 2601 801 2649 Epist.
824 2602 966 2640 XXlV.
987 2613 1022 2639 n.
1041 2615 1074 2648 4.
1097 2605 1147 2649 ef-

125 2649 259 2698 fufius,
287 2664 398 2701 quam
445 2654 589 2702 principi
626 2653 782 2698 feminae
831 2653 1008 2689 convenit.
1048 2653 1144 2690 Mox

132 2699 281 2739 Helmst.
303 2705 340 2741 &
368 2703 471 2741 Voss'.
492 2704 664 2741 commode
688 2706 725 2740 ἅ
748 2705 920 2741 orationes
944 2732 954 2746 ,
982 2715 1146 2751 quomo-

132 2748 182 2788 do
203 2753 396 2803 Gryphius.
426 2754 596 2792 Dissentit
619 2754 810 2793 Mediceus
834 2757 871 2792 &
895 2754 961 2791 Ed.
982 2755 1066 2792 Vct.

180 2805 365 2850 4Accedit
408 2806 481 2844 huc
525 2805 627 2855 longa
661 2806 734 2841 iam
771 2819 799 2842 c.
836 2804 897 2850 h.l
930 2804 1144 2850 Medic-eus,

134 2852 260 2892 Oxon.
280 2855 382 2895 Voff.
399 2857 552 2895 Helmst.
578 2859 688 2894 Arnz.
711 2858 747 2894 &
770 2857 835 2894 Ed.
857 2856 944 2894 Vet.
976 2857 1145 2903 ignorant

133 2903 219 2942 illud
249 2904 314 2942 huc
336 2935 346 2953 ‚
369 2920 438 2946 nec
465 2907 688 2947 desiderabat
716 2907 812 2943 hanc
844 2909 1142 2954 interpolantium

130 2952 330 2994 libertatern
360 2959 554 2998 Secundus.
594 2958 693 2996 Infra
719 2957 800 2994 Lib.
820 2958 929 2994 VIII.
953 2957 1058 3004 Epist.
1083 2959 1143 2995 ult.

131 3006 221 3060 ¹¹·..8·
248 3005 429 3055 Accedit,
455 3013 546 3062 quod
578 3010 643 3048 tibi
673 3020 849 3049 certamen
881 3008 924 3054 est
957 3019 1079 3045 tecum.
1108 3010 1146 3046 &

134 3056 206 3096 alus
224 3055 310 3095 locis
330 3069 440 3107 quam
455 3063 626 3112 plurimis,
689 3089 694 3094 .

183 3118 203 3156 ς
233 3105 292 3151 Est
313 3107 402 3146 enim
424 3123 444 3149 a
466 3123 599 3168 natura
623 3111 912 3164 comparatum]
941 3112 1000 3152 Sic
1023 3112 1149 3160 vulga-

1214 2500 1330 2546 miffas
1353 2514 1373 2535 a
1398 2514 1462 2537 me.
1489 2499 1502 2548 ]
1534 2499 1631 2536 Nam
1656 2500 1747 2536 inter
1770 2499 1974 2536 curationes
1996 2496 2179 2545 phtliiseos
2204 2500 2244 2537 &

1213 2553 1398 2598 navigatio
1438 2551 1640 2599 ponebatur
1664 2563 1671 2586 :
1720 2549 2014 2597 probabuntque
2052 2549 2241 2594 maxime,

1213 2604 1306 2649 quae
1340 2604 1375 2638 in
1418 2603 1630 2649 Aegyptum
1673 2600 1921 2638 institueretur.
1963 2600 2077 2636 Corn.
2117 2599 2242 2638 Celsus

1214 2652 1294 2689 Lib.
1327 2652 1390 2689 llI.
1433 2663 1510 2700 cap.
1557 2651 1676 2688 XXII.
1720 2663 1798 2700 quo
1838 2651 1884 2688 de
1922 2650 2004 2688 tabe
2045 2650 2238 2698 praecipit:

1211 2702 1243 2738 si
1267 2703 1376 2746 mali,
1406 2704 1547 2751 inquit,
1570 2701 1647 2752 plus
1668 2701 1736 2748 est,
1764 2712 1807 2740 ω’
1829 2715 1915 2739 vcra
1937 2699 2052 2745 φθίσις
2075 2699 2119 2743 eft
2144 2727 2154 2742 ,
2181 2701 2240 2737 in-

1212 2764 1263 2790 ter
1285 2753 1388 2790 initia
1417 2754 1571 2803 protinus
1595 2765 1765 2790 occurrere
1786 2752 2006 2799 neceffarium
2027 2749 2071 2796 est
2092 2778 2103 2794 ‚
2132 2763 2241 2801 neque

1211 2805 1305 2840 enim
1319 2805 1430 2850 facile
1451 2804 1477 2840 1'5
1510 2803 1649 2840 morbus
1683 2816 1759 2840 cum
1790 2802 2076 2845 inveteraverit,
2103 2802 2238 2840 evinci-

1211 2865 1280 2891 tur.
1336 2860 1426 2904 Opus
1448 2854 1492 2900 est
1516 2883 1525 2898 ‚
1546 2853 1579 2903 si
1601 2855 1693 2891 vires
1713 2854 1901 2901 patiuntur
1921 2882 1930 2896 ‚
1958 2854 2060 2899 longa
2083 2852 2240 2900 naviga-

1212 2905 1300 2942 tione
1324 2934 1332 2948 ‚
1361 2906 1438 2942 coeli
1470 2906 1666 2942 mutatione
1694 2904 1741 2953 fic
1773 2933 1783 2948 ,
1810 2915 1849 2940 ut
1872 2902 2006 2952 denfius
2030 2930 2040 2946 ‚
2067 2915 2175 2951 quam
2198 2904 2238 2940 id

1210 2956 1276 3001 est,
1305 2969 1345 2993 ex
1369 2970 1433 3006 quo
1456 2957 1601 3003 discedit
1622 2968 1719 3002 aeger
1734 2984 1743 2999 ‚
1767 2964 1922 3003 petatur.
1949 2953 2087 3002 ideoque
2109 2952 2240 3001 apttffi'-

1213 3020 1265 3044 me
1292 3007 1562 3045 Alexandream
1584 3019 1626 3043 ex
1653 3005 1759 3042 Italia
1781 3005 1863 3042 itur.
1902 3004 1934 3041 Si
1956 3004 1993 3040 id
2013 3003 2238 3042 imbecillitas

1214 3071 1281 3095 non
1305 3057 1393 3107 sinit
1417 3088 1427 3104 ‚
1465 3071 1558 3096 nave
1594 3068 1715 3094 tamen
1740 3069 1808 3093 non
1829 3055 1924 3103 longe
1943 3053 2066 3103 gestari
2088 3067 2237 3092 commo-

1211 3110 1383 3159 diffimum
1405 3109 1461 3161 est.
1499 3110 1532 3148 si
1552 3108 1819 3198 {migrationem
1840 3106 1964 3156 aliqua
1985 3119 2038 3146 res
2051 3104 2240 3189 pulliqrefcfz

1574 3160 1583 3169 “
1611 3169 1629 3197 c
1657 3170 1677 3198 c
2123 3163 2169 3203 ,ες
2188 3165 2245 3203 ¹-.
