2616 3686
479 177 858 231 -LIRER
951 176 1672 231 HLEPISTOLA
1740 180 1779 226 1.
2171 189 2256 252 183

143 276 207 322 ut
233 259 527 331 voluptates
550 254 768 324 quoque
806 249 987 305 studiis
1022 249 1359 303 condiantur.
1409 244 1422 263 ¹
1447 249 1632 329 Sumit
1667 249 1862 317 aliquid
1887 249 1973 329 ‘de
2008 251 2164 305 noste
2203 260 2257 310 ὅ(

150 332 355 391 aestate.
394 325 642 380 'Nemini
698 325 804 378 hoc
857 322 1077 391 longum
1117 319 1222 382 est,
1264 332 1406 372 tanta
1443 330 1702 374 comitate
1742 335 2050 373 convivmm
2089 324 2249 378 trahi-

153 419 287 463 tun·
325 398 458 454 Inde
497 397 571 453 illi
608 395 725 467 post
760 394 1043 466 septimum
1082 390 1138 446 ἃ
1171 389 1615 463 septuagesimum
1648 404 1846 444 annum
1885 391 2091 444 aurium
2117 409 2249 448 ocu·
2303 416 2359 451 ιο
2392 441 2397 445 χ

199 625 274 654 ‘-
304 622 386 654 Ecce
407 614 504 653 inter
516 610 634 663 pocula
652 617 832 660 quaerunt

202 666 407 707 Romulidae
419 663 537 714 saturi
557 660 643 712 quid
663 661 724 699 dia
741 662 908 710 po‘e'mata
928 670 1089 699 narrent.

155 771 189 808 C
203 781 224 806 Α
239 782 263 806 ·r
276 780 298 805 A
312 778 349 803 u.
375 764 572 802 Catanaeus
593 761 745 809 explicat
761 787 772 804 ‚
790 759 1043 797 comoediarum
1065 763 1159 799 affo—

155 819 260 857 ribus.
310 816 363 854 Ita
383 814 586 863 sequeretur
609 810 823 848 comoedias
844 808 951 857 egiffe
971 811 1008 848 in
1031 822 1159 851 coena.

157 866 272 917 Quod
292 875 395 913 aegre
416 862 505 900 mihi
526 860 756 910 persuadetur
782 888 794 904 ‚
834 859 1039 908 praesertim
1061 863 1159 911 apud

153 919 220 957 hos
239 916 453 962 frugaliores.
505 911 629 949 Potius
650 911 789 959 accipio
813 910 858 947 dc
884 911 922 948 iis
947 938 957 954 ‚
995 913 1058 960 qui
1093 925 1157 951 co-

153 965 312 1005 moedias
330 965 453 1010 legunt
476 969 538 998 aut
562 961 710 998 recitant
733 972 778 998 ex
801 962 992 999 memoria.
1043 962 1155 1002 Unde

149 1017 189 1055 fil
213 1026 271 1053 ra:
296 1012 437 1061 audtffcs
459 1012 654 1049 comoedum
670 1039 681 1055 ‚
707 1010 764 1048 vel
784 1009 942 1047 lectorem
966 1037 976 1053 ‚
1012 1011 1072 1048 vel
1101 1013 1155 1061 ly-

149 1028 250 1113 tisim
271 1062 350 1101 Lib.
374 1063 400 1099 1.
424 1060 531 1111 Epist.
552 1060 636 1098 XV.
665 1061 699 1098 Si
712 1060 906 1098 comoedia
922 1058 1129 1101 fuiffetac‘ta
1144 1093 1155 1109 ,

149 1113 318 1153 debuiffet
340 1113 458 1162 potius
480 1111 599 1149 dicere
620 1110 757 1159 vidisses
781 1121 857 1148 non
880 1110 1026 1158 audiffes
1049 1140 1060 1155 ‚
1089 1125 1157 1153 nec

147 1164 340 1202 comoedum
355 1191 366 1206 ,
391 1163 475 1212 quia
497 1172 590 1198 unus
612 1161 704 1198 solus
716 1171 820 1208 agere
834 1160 1067 1198 comoediam
1082 1175 1159 1203 non

146 1213 261 1264 potest
275 1241 286 1258 ,
311 1212 371 1250 sed
392 1211 571 1250 comoedos.
623 1210 705 1248 Nec
725 1210 822 1249 aliud
848 1211 964 1248 voluit
993 1211 1131 1251 Perfius
1146 1244 1157 1260 ,

146 1263 246 1302 ouius
266 1263 373 1300 verba
396 1274 441 1299 ex
465 1263 534 1301 Sat.
556 1260 585 1297 Ι.
608 1261 811 1298 Catanaeus
834 1259 990 1298 adducit.
1029 1261 1159 1312 Itaque

129 1312 244 1362 'reste
266 1311 498 1350 casaubonus
518 1312 589 1350 ibi:
617 1315 706 1348 Erat
729 1310 833 1348 moris
847 1339 857 1354 ‚
885 1321 925 1348 ut
946 1311 982 1349 in
993 1312 1156 1360 miffimm

145 1361 367 1406 intervallis,
393 1373 458 1399 aut
478 1361 618 1400 remotis
639 1360 763 1410 menfis
785 1387 796 1403 ‚
823 1361 952 1410 aliquis
982 1364 1158 1400 conviva-

145 1425 226 1451 rum
247 1412 304 1449 vel
327 1413 524 1450 memoriter
547 1440 557 1455 ,
584 1410 641 1447 vel
672 1412 711 1447 de
732 1412 853 1460 scripto
886 1413 976 1453 dbia-iv
1012 1412 1158 1451 alicuius

140 1471 257 1513 poetae
279 1463 450 1500 recitaret.
487 1460 603 1509 Quod
625 1461 683 1498 ille
705 1462 953 1498 communiter
976 1461 1020 1498 de
1043 1466 1159 1510 poetis

144 1520 273 1556 notat,
299 1512 336 1549 id
357 1514 416 1549 hic
439 1511 594 1548 seorsum
619 1509 666 1546 est
689 1510 960 1556 intelligendum
1002 1511 1046 1548 dc
1086 1513 1162 1550 Co-

146 1563 250 1600 micis
266 1588 277 1604 ‚
303 1561 404 1610 quoi.
425 1560 496 1608 ipse
519 1559 564 1596 de
586 1560 752 1596 convivis
766 1585 781 1601 ,
802 1558 838 1595 id
859 1559 918 1595 hic
940 1559 985 1597 de
997 1562 1166 1607 peculiari

149 1612 274 1660 aliquo
297 1621 342 1647 ex
368 1609 599 1648 familiaribus
618 1607 664 1644 ad
684 1609 758 1644 hoc
780 1608 970 1654 negotium
995 1609 1165 1649 adhibito.

151 1661 269 1699 Aliter
300 1660 426 1696 locum
458 1657 569 1696 nostri
600 1657 738 1705 accepit
769 1658 807 1694 &
837 1658 1025 1704 Pignorius
1050 1687 1060 1703 ,
1106 1661 1165 1700 sed

152 1721 241 1748 eum
264 1721 343 1746 non
362 1707 524 1746 attendo.
552 1708 767 1745 Seuerou.
806 1706 875 1743 Sed
898 1708 1162 1749 attendendum

152 1769 228 1798 erat
261 1759 308 1796 ad
340 1768 480 1796 veteres
521 1756 687 1794 auctores
709 1784 719 1800 ,
747 1767 790 1794 ex
814 1758 940 1806 quibus
962 1758 999 1794 id
1020 1759 1164 1800 abunde

152 1809 324 1852 constat3
365 1810 531 1858 quamvis
563 1809 686 1844 locum
716 1804 823 1844 Perfii
854 1807 949 1845 male
980 1808 1052 1844 huc
1074 1812 1164 1850 trahi

156 1860 332 1897 censeam.
386 1857 611 1897 Docendum
648 1858 754 1894 etiam
791 1863 864 1894 crat
889 1859 1085 1894 comoedum
1115 1861 1167 1899 di..

160 1909 261 1946 &um
281 1906 351 1946 esse
376 1935 388 1950 ‚
422 1908 611 1945 auctorem
634 1905 908 1944 comoediarum
934 1935 944 1951 ‚
972 1909 1030 1946 vel
1050 1909 1166 1948 lecto-

159 1969 262 1999 rem:
294 1959 401 1994 Latio
425 1959 521 1995 enim
544 1957 687 1996 comoedi
707 1964 847 1994 tantum
872 1959 948 1995 noti
971 1958 1050 1996 sunt
1075 1988 1085 2004 ,
1127 1971 1168 2000 ut

159 2006 363 2043 fabularum
395 2006 533 2044 actores
553 2035 564 2051 ,
599 2014 661 2043 aut
692 2014 861 2044 canentes
883 2008 921 2045 &
951 2017 1097 2057 agentes
1118 2012 1165 2050 ad

161 2054 396 2094 instrumenta
417 2055 549 2095 mufica
571 2085 582 2101 ‚
618 2064 679 2093 aut
703 2057 891 2095 recitantes
913 2069 999 2096 curn
1023 2060 1141 2099 modis
1156 2090 1168 2108 ,

162 2106 462 2145 convenientibus
483 2120 492 2143 z
529 2106 629 2156 quod
652 2105 875 2155 postremum
901 2107 926 2144 fi
949 2109 1169 2150 consideras-

161 2154 212 2193 set
226 2185 235 2199 ‚
263 2164 403 2204 poterat
428 2155 520 2195 forte
540 2168 668 2194 verum
691 2156 818 2194 dicere.
845 2158 961 2196 Porro
983 2170 1097 2208 quam
1110 2161 1170 2199 fri-

164 2206 247 2252 gide
270 2206 354 2244 illud
376 2205 421 2245 de
440 2206 524 2244 loco
547 2218 591 2244 ex
616 2207 697 2244 Lib.
719 2207 746 2244 I.
768 2207 878 2256 Epist.
911 2208 994 2245 XV.
1028 2211 1171 2259 audiffes

165 2257 384 2300 comoedum,
411 2256 507 2307 quasi
529 2258 673 2295 comoedi
693 2269 770 2294 non
791 2258 986 2295 audiantur
1000 2287 1010 2303 ‚
1038 2260 1098 2298 scd
1115 2263 1173 2299 vi-

165 2306 329 2343 deantur.
385 2307 437 2345 Ita
467 2314 591 2345 tamen
625 2311 662 2346 ὅ(
695 2307 774 2344 Lib.
795 2307 845 2344 V.
868 2307 975 2357 Epist.
999 2309 1064 2347 III.
1088 2322 1120 2346 n.
1143 2324 1175 2349 2.

158 2355 256 2401 sario
278 2369 319 2395 ⁶:9¹
339 2357 523 2394 comoedias
544 2385 555 2400 ,
589 2368 633 2395 ey
649 2358 754 2393 audio
769 2385 778 2399 ‚
806 2365 846 2393 tlt
869 2370 913 2395 ex
939 2359 1043 2397 Libb.
1067 2361 1177 2398 vett.

170 2405 218 2442 ibi
240 2406 436 2454 legendum
457 2407 516 2444 est.
567 2407 645 2444 lain
667 2407 775 2445 Marii
798 2416 916 2446 aetate
940 2409 1176 2455 elegantiores

171 2453 365 2500 histrionem
399 2457 537 2494 alebant
561 2485 572 2500 ‚
608 2465 648 2494 ut
680 2456 779 2494 vides
812 2458 906 2505 apud
935 2458 1065 2494 Sallust.
1105 2459 1178 2508 lug.

169 2515 247 2553 cap.
272 2506 463 2543 LXXXV.
489 2520 520 2543 n.
545 2519 601 2553 30.
629 2506 753 2543 Immo
776 2507 901 2543 Livius
917 2508 993 2544 Lib.
1007 2508 1182 2548 XXXIX.

172 2565 249 2603 cap.
272 2556 338 2591 VI.
363 2557 407 2593 de
428 2558 653 2604 temporibus
677 2555 822 2594 Asiatici
840 2557 920 2595 belli
943 2571 951 2594 ι
981 2563 1069 2594 Tum
1087 2559 1179 2607 psal-

175 2605 264 2645 triae
277 2633 287 2648 ‚
307 2606 634 2656 samburifirmeque
657 2620 697 2646 ca·
715 2606 919 2643 convivalia
933 2606 1112 2646 ludionum
1125 2610 1183 2646 ob-

177 2651 382 2692 leetamema
404 2658 531 2693 asliita
555 2659 676 2705 epulis.
729 2658 829 2704 l'iget
853 2657 1002 2695 Sueton.
1034 2659 1183 2707 August.

180 2711 253 2790 iffi..
287 2706 460 2744 LXXIV.
493 2708 654 2756 aliosque
683 2709 790 2745 toties
817 2708 860 2744 ab
891 2708 964 2746 aliis
987 2709 1183 2758 productos

241 2757 381 2794 cribeie.
435 2758 467 2795 Si
500 2760 673 2795 comoedus
704 2758 752 2795 est
784 2757 921 2795 Le&or
943 2769 1026 2795 com
1109 2762 1114 2767 “
1139 2773 1184 2805 e,

187 2808 247 2856 tur
264 2813 402 2843 rantum
424 2808 633 2845 conwelias
646 2836 655 2852 ‚
683 2819 758 2845 non
771 2809 835 2845 alia
849 2817 1019 2856 poemata
1030 2759 1184 2898 Ψ.)

192 2855 248 2886 tui
267 2851 361 2893 bono
384 2860 532 2894 comoedo
555 2859 667 2896 recle-r
690 2860 728 2896 &
750 2858 960 2907 anagnostes
991 2859 1095 2898 adiici
1138 2860 1183 2897 r?

223 2900 332 2939 uer‘mt
350 2905 427 2944 sane
451 2909 485 2945 ὃ(
510 2909 573 2946 alia
594 2917 797 2946 acroamata
813 2938 822 2952 ‚
850 2917 888 2946 ut
914 2916 1010 2958 patet
1032 2922 1076 2948 ex
1091 2911 1184 2959 Nep.

233 2948 304 2984 ttic-
328 2961 400 3002 cap.
430 2955 532 2995 XIV.
585 2965 693 2996 Nemo
725 2962 761 2994 in
793 2960 860 2996 eius
896 2960 1058 2997 convivio
1085 2960 1187 2998 aliud
1219 2967 1220 2972 ’

194 3002 354 3037 ²CYO²ma
372 3004 502 3044 audivit
523 3036 534 3051 ,

570 3022 676 3059 quam
697 3009 928 3058 anagnosten.
981 3011 1031 3047 At
1065 3012 1186 3050 inulti-
1217 3015 1221 3061 ξ

190 3041 284 3082 tudo
304 3053 560 3096 comoedorum
578 3061 817 3110 requirebatur
848 3059 893 3099 ad
922 3061 1100 3110 agendam
1133 3062 1186 3101 fa·
1217 3068 1221 3120 ᾗ

1216 3121 1220 3135 Ι

2175 464 2255 518 lo-

1234 605 1359 645 bulam
1374 636 1385 654 ,
1412 607 1532 659 inquit
1562 607 1618 645 vir
1649 605 1778 644 doctus
1801 602 1817 640 ?
1859 599 1949 641 Hoc
1970 603 2096 643 falsum
2121 605 2170 644 est
2195 634 2205 651 ‚
2233 608 2259 645 fi

1237 657 1472 697 moderatum
1495 659 1721 707 privatorum
1744 655 1851 693 usum
1870 654 2004 702 spectas
2031 683 2041 699 ,
2082 655 2145 694 ubi
2168 668 2262 696 unus

1236 709 1348 746 etiam
1367 709 1413 747 ad
1435 716 1636 746 concentus
1658 705 1816 745 musicos
1838 704 1982 752 agendo
2006 733 2016 748 ‚
2047 706 2087 742 &
2110 708 2263 744 recitan-

1239 756 1290 794 do
1304 785 1315 802 ‚
1342 766 1383 796 ut
1405 761 1452 798 ita
1476 757 1594 796 dicam
1609 786 1619 802 ‚
1647 756 1855 798 modulate,
1882 754 2112 792 comoedum
2133 757 2263 806 imple-

1240 806 1326 852 bat;
1349 808 1432 848 licet
1464 808 1800 846 Trimalchionibus
1835 807 1873 843 ὃς
1906 805 2025 851 plures
2047 805 2186 853 praesto
2212 808 2264 846 es-

1236 855 1342 904 sent,
1370 858 1473 910 quod
1496 870 1540 896 ex
1565 860 1691 897 Senec.
1724 855 1832 907 Epist.
1865 853 2080 892 LXXXIV.
2112 856 2263 906 quidam

1238 910 1393 955 probare
1424 910 1600 947 nituntur.
1655 908 1729 945 Hic
1759 915 1856 945 certe
1880 904 2005 950 vides,
2032 907 2262 945 comoedum

1237 961 1284 1000 ad
1308 959 1428 1007 studia
1463 961 1502 997 &
1537 959 1783 997 eruditionem
1817 956 1997 1005 pertinere
2022 983 2033 999 ,
2063 956 2100 992 &
2125 956 2207 993 Lib.
2237 957 2263 996 Ι.

1239 1010 1349 1060 Epist.
1372 1009 1457 1046 XV.
1479 1009 1615 1048 lascivis
1638 1008 1832 1046 Gaditanis
1855 1007 2031 1043 obiicitur.
2054 1004 2148 1043 adde
2171 1007 2264 1044 infra

1239 1063 1321 1100 Lib.
1346 1060 1416 1098 VI.
1436 1059 1547 1109 Epist.
1579 1058 1719 1096 XXXI.
1753 1070 1788 1094 n.
1825 1068 1878 1105 13.
1913 1057 1951 1092 &
1985 1055 2264 1102 descriptionem

1239 1109 1416 1150 comoedi
1438 1111 1518 1148 Lib.
1541 1110 1587 1145 V.
1611 1108 1721 1158 Epist.
1745 1107 1844 1144 XIX.
1869 1117 1901 1143 n.
1947 1116 1980 1154 3.
2010 1105 2070 1142 ubi
2103 1116 2266 1153 pronun-

1238 1163 1346 1200 ciario
1371 1161 1446 1198 eius
1467 1160 1632 1198 maxime
1655 1156 1948 1196 commendatur.
1987 1154 2159 1204 Apertius
2183 1157 2266 1194 Lib.

1242 1213 1306 1250 IX.
1330 1210 1440 1260 Epist.
1457 1209 1583 1248 XVII.
1605 1221 1641 1246 n.
1661 1221 1694 1258 3.
1717 1209 1779 1246 ubi
1801 1207 1846 1245 de
1869 1215 2009 1242 coena:
2037 1206 2159 1253 Qum
2171 1205 2265 1243 mul-

1242 1263 1298 1308 ti,
1327 1275 1405 1300 cum
1427 1260 1544 1299 lector
1559 1288 1569 1304 ‚
1595 1270 1660 1296 aut
1681 1258 1814 1307 lyristes
1847 1285 1857 1302 ‚
1892 1266 1958 1293 aut
1982 1255 2189 1292 comoedus
2211 1256 2269 1292 in-

1244 1313 1370 1350 duetus
1401 1311 1446 1358 est
1469 1338 1480 1355 ,
1520 1310 1645 1347 calceos
1677 1310 1821 1360 poscunt
1844 1314 1911 1344 cet.
1952 1305 2048 1342 adeo
2073 1304 2269 1344 delicatulis

1247 1362 1422 1400 comoedi
1443 1359 1547 1398 invisi
1570 1368 1682 1397 erant.
1709 1358 1804 1396 Eod.
1827 1355 1934 1406 Epist.
1958 1354 2137 1392 XXXVI.
2170 1367 2205 1392 n.
2236 1368 2271 1402 4.

1251 1411 1425 1449 Coenanti
1447 1409 1558 1453 mihi,
1578 1409 1612 1458 st
1633 1422 1711 1447 cum
1735 1422 1842 1445 uxore
1863 1435 1875 1451 ,
1911 1406 1969 1442 vel
1994 1406 2115 1454 paucis
2136 1433 2146 1450 ,
2185 1405 2274 1443 liber

1251 1461 1376 1509 legitur
1391 1477 1401 1497 .·
1425 1460 1497 1509 post
1518 1471 1656 1496 coenam
1678 1458 1878 1499 comoedi,
1903 1465 1967 1492 aut
1992 1453 2136 1502 lyristes.
2162 1454 2271 1503 Epist.

1248 1513 1331 1548 XL.
1360 1522 1394 1546 n.
1419 1522 1451 1546 z.
1490 1516 1568 1547 Non
1600 1509 1673 1544 iam
1708 1505 1923 1549 comoedo,
1959 1504 2017 1540 vel
2043 1502 2184 1551 lyristae
2199 1505 2271 1553 post

1248 1572 1388 1597 coenam
1413 1559 1514 1596 locus.
1566 1558 1738 1595 Poteram
1764 1557 1865 1604 plura
1890 1568 1898 1591 ε
1925 1553 1985 1591 sed
2007 1555 2081 1591 iam
2105 1554 2196 1592 haec
2217 1556 2273 1593 in-

1254 1611 1555 1659 terpretationem
1579 1606 1751 1646 Schefferi
1767 1634 1778 1650 ‚
1805 1617 1876 1655 qua
1898 1603 1980 1641 falsa
1998 1631 2009 1647 ,
2035 1603 2271 1652 subvertunt,

1255 1670 1328 1709 qua
1349 1670 1434 1696 vera
1448 1687 1459 1702 ‚
1485 1659 1611 1696 clarius
1634 1663 1837 1703 exponunt.
1865 1655 2022 1692 Come.

1301 1721 1318 1746 1
1349 1706 1504 1756 Sumit]
1536 1708 1665 1744 Coena
1690 1713 1846 1753 occupat
1869 1705 2030 1754 aliquam
2053 1703 2171 1742 notus
2193 1715 2274 1753 par-

1247 1767 1327 1797 tem
1350 1758 1459 1796 etiam
1491 1759 1531 1795 in
1563 1756 1704 1794 aestate.
1758 1756 1857 1793 Nam
1891 1756 1928 1792 in
1949 1754 2074 1792 hieme
2096 1765 2175 1792 non
2198 1765 2274 1793 erat

1248 1809 1383 1847 mirum
1409 1836 1419 1853 ,
1457 1819 1544 1845 cum
1575 1806 1655 1855 post
1686 1817 1826 1843 nonam
1860 1806 2044 1854 inciperet.
2098 1805 2172 1843 Hic
2189 1806 2274 1854 jure

1252 1859 1378 1908 quaeri
1394 1856 1512 1908 posset
1525 1886 1535 1903 ‚
1562 1868 1609 1894 an
1627 1867 1759 1894 ornnes
1778 1857 1919 1906 antiqui
1940 1855 2051 1892 semel
2072 1862 2214 1893 tantum
2235 1858 2273 1895 in

1251 1909 1308 1946 die
1343 1908 1465 1946 cibum
1487 1937 1498 1953 ‚
1545 1918 1658 1958 quam
1680 1918 1838 1945 coenam
1862 1906 1984 1944 dixere
2010 1933 2021 1949 ,
2058 1906 2274 1943 sumerent?

1248 1960 1337 1998 Satis
1359 1959 1498 1996 constat
1520 1959 1722 1996 multorum
1754 1956 1965 1994 testimonio
2002 1957 2108 1994 circa·
2127 1958 2273 1995 secundi

1251 2009 1365 2047 secula
1385 2010 1505 2047 cibum
1528 2009 1640 2046 semel
1663 2009 1741 2057 capi
1763 2007 1807 2044 ab
1831 2006 2003 2044 omnibus
2028 2005 2103 2044 fere
2115 2005 2273 2046 solitum.

1252 2059 1366 2098 Unde
1385 2060 1539 2108 legimus
1560 2059 1597 2096 in
1620 2068 1819 2097 coenarum
1840 2057 1970 2094 luxum
1995 2084 2005 2101 ‚
2035 2068 2111 2093 non
2135 2059 2274 2104 prandii

1252 2110 1350 2158 leges
1370 2111 1626 2159 promulgatas.
1677 2108 1834 2145 Veteres
1855 2107 1907 2158 bis
1928 2109 1965 2144 in
1987 2106 2046 2145 die
2069 2106 2192 2143 cibum
2216 2119 2275 2146 ce-

1255 2159 1342 2208 pisse
1365 2160 1537 2198 Secundus
1559 2171 1637 2198 non
1659 2158 1779 2197 multo
1802 2157 1881 2206 post
1902 2156 2058 2194 ostendit
2072 2185 2082 2200 ,
2109 2167 2276 2195 avuncu-

1251 2210 1331 2247 lum
1353 2210 1459 2248 suum
1484 2209 1637 2248 scribens
1659 2206 1882 2246 consuevisse
1905 2208 2026 2244 cibum
2050 2205 2204 2244 interdiu
2223 2208 2276 2245 le-

1251 2271 1339 2299 vem
1364 2262 1403 2298 &
1427 2259 1571 2298 facilem
1595 2268 1761 2297 veterum
1787 2268 1894 2294 more
1915 2257 2079 2298 sumere,
2108 2266 2199 2291 mox
2211 2257 2276 2294 ha-

1255 2308 1327 2347 bita
1347 2309 1670 2358 ejusdemcoenae
1691 2308 1906 2349 mentione,
1933 2303 2165 2354 Tranquillus
2188 2304 2277 2344 affe-

1254 2359 1297 2395 rit
1321 2359 1525 2406 Augustum
1552 2359 1695 2396 solitum
1718 2355 1963 2393 meridianum
1977 2356 2098 2392 cibum
2112 2355 2275 2395 sumere:

1251 2407 1312 2444 sed
1333 2420 1489 2445 coenam
1513 2407 1616 2446 fuiss'e
1639 2406 1881 2444 meridianum
1905 2406 2023 2442 cibum
2047 2405 2290 2443 traditPom-

1253 2457 1368 2505 pejus.
1396 2458 1623 2503 Lampridius
1659 2458 1834 2494 Severum
1866 2455 2134 2504 Imperatorem
2161 2455 2276 2494 scribit

1258 2505 1435 2554 egressum
1467 2507 1608 2545 balneas
1641 2507 1798 2543 multum
1829 2505 1928 2543 laetis
1952 2507 1990 2543 ὃ(
2013 2506 2111 2554 panis
2134 2503 2275 2545 sumere

1258 2556 1426 2594 solitum:
1455 2559 1494 2594 ὅ(
1514 2569 1586 2594 ova
1600 2585 1610 2600 ‚
1638 2555 1769 2594 deinde
1790 2556 1947 2593 mulsum
1972 2584 1983 2600 ‚
2010 2563 2121 2604 atque
2142 2555 2197 2592 his
2220 2567 2274 2593 rc-

1261 2606 1401 2644 fectum
1433 2606 1631 2656 aliquando
1663 2606 1708 2644 ad
1742 2606 1888 2655 prandia
1923 2605 2049 2649 ivffle,
2076 2605 2275 2653 aliquando

1258 2657 1380 2694 cibum
1403 2657 1515 2706 tuque
1534 2657 1580 2694 ad
1601 2668 1757 2695 coenam
1770 2654 1944 2694 distuliffc.
1973 2657 2165 2693 Vitellium
2181 2684 2191 2699 ‚
2218 2658 2274 2693 in-

1255 2706 1356 2754 super
1375 2707 1602 2756 Tranquillus
1623 2715 1806 2746 memorat
1829 2707 1949 2757 epulas
1971 2705 2144 2743 trifariam
2179 2705 2272 2743 sem-

1255 2768 1318 2804 per
1343 2786 1352 2801 ,
1380 2757 1634 2806 quadrifariam
1668 2757 1851 2794 interdum
1885 2755 2067 2805 dispertire
2098 2755 2242 2793 solitum
2260 2785 2271 2801 ,

1257 2807 1293 2843 in
1315 2808 1498 2855 jentacula
1514 2835 1524 2852 ‚
1549 2810 1587 2846 ὃ(
1611 2807 1756 2856 prandia
1770 2836 1780 2852 ,
1809 2809 1993 2845 &coenas
2007 2834 2016 2850 ‚
2045 2803 2274 2844 &comessa-

1257 2858 1388 2896 tiones.
1442 2859 1476 2896 Si
1498 2869 1588 2896 vero
1610 2867 1707 2896 tanta
1730 2857 1893 2895 sumendi
1918 2857 1985 2894 cibi
2008 2857 2161 2893 varietas
2185 2855 2276 2893 olim

1263 2907 1350 2945 fuit:
1380 2911 1515 2947 mirum
1538 2920 1615 2946 non
1639 2907 1686 2946 est
1709 2919 1793 2944 cum
1814 2907 1927 2946 bodie
1949 2917 2101 2955 quoque
2113 2906 2276 2954 plerique

1261 2957 1369 2996 scinci
1392 2967 1534 2997 tantum
1551 2987 1560 3002 ‚
1587 2959 1731 3007 plurimi
1754 2958 1806 2994 bis
1829 2986 1840 3002 ‚
1867 2956 2031 2994 nonnulli
2057 2957 2095 2994 ὃ(
2117 2964 2170 2993 ter
2191 2967 2281 3004 qua-

1260 3015 1315 3045 ter
1337 3010 1372 3046 in
1398 3010 1455 3048 die
1475 3009 1512 3047 id
1535 3009 1677 3048 faciant.
1708 3009 1863 3046 Cum.
1904 3007 2081 3045 Horatius
2106 3019 2113 3042 :
2139 3014 2278 3055 partem

1251 3059 1362 3108 solido
1384 3061 1517 3100 demere
1539 3060 1581 3100 de
1603 3060 1667 3100 die.
1696 3059 1850 3098 Bima.
1894 3058 2027 3108 Apu'us
2047 3056 2175 3095 auctor
2200 3056 2280 3140 [IX]
