2616 3686
275 220 278 223 ·
332 211 424 256 162

572 204 633 254 C.
698 198 1090 253 PLINII
1157 193 1661 250 CAECBLH
1724 193 2251 248 SECUNDI

332 274 487 332 Hinc
527 267 541 288 ⁸
576 271 1015 344 cryptoporticus
1054 269 1071 288 ²
1107 286 1278 343 prope
1315 266 1511 340 publici
1550 264 1727 336 operis
1769 266 2094 322 extenditur.
2171 265 2457 341 Utrinque

330 344 621 408 fenestrae,
656 361 687 396 a
722 345 855 399 mari
893 343 1102 414 plures,
1136 343 1203 397 ab
1241 343 1402 396 horto
1441 338 1703 409 singulae,
1741 335 1761 375 Ξ
1790 334 1883 389 sed
1906 339 2119 394 alternis
2146 345 2458 411 pauciores„

333 419 458 479 Hae
483 456 501 484 ,
562 431 689 472 cum
724 418 938 473 serenus
976 415 1091 471 dies
1127 418 1146 443 ⁴
1185 415 1241 469 &
1280 416 1536 469 immotus
1575 427 1664 465 aer
1689 446 1706 473 ‚
1761 424 1992 463 omnes:
2029 425 2156 466 cum
2192 413 2317 469 hinc
2355 418 2442 472 vel

380 612 398 640 1
427 598 746 652 Cryptoporticus]
1265 650 1270 655 ι

333 652 477 701 »ζόη-τω
501 655 601 690 enim
621 649 806 689 abscondo
827 651 867 688 δε
889 655 1028 699 crypta
1057 649 1161 688 locus
1191 649 1355 705 abditus,

335 706 376 742 &
407 710 683 741 concameratus
707 729 718 745 ‚
756 711 869 750 quam
902 711 970 749 pro
1002 709 1254 750 cryptoporticu
1275 709 1358 736 reor

332 752 549 793 Vitruvium
582 749 735 802 posuisse
759 763 769 788 ι
810 756 853 787 ln
881 749 1025 789 aedibus
1046 778 1057 795 ,
1084 751 1133 789 ait
1157 779 1168 795 ‚
1195 759 1359 800 cryptae,

332 804 457 842 homa
473 832 484 850 ‚
509 802 701 852 apothecae.
755 800 941 848 juvenalis
961 813 1033 852 pro
1054 801 1279 840 subterranea
1303 811 1360 837 ca-

334 867 447 893 verna
480 854 657 891 fornicata
681 879 692 896 ,
719 851 757 890 id
779 852 828 890 est
851 879 863 898 ,
889 852 1038 897 cloaca,
1063 851 1258 901 usurpavit.
1286 852 1363 889 CA-

338 917 429 944 ·mu.
459 902 601 942 Confer
624 903 664 941 Is.
689 901 837 942 Casaub.
859 905 897 942 in
921 904 1092 953 Spartian.
1120 901 1270 941 Adrian.
1283 913 1361 952 cap.

335 955 382 994 X.
405 956 444 993 &
465 953 559 993 infra
583 954 665 993 Lib.
682 953 736 1010 Υ.
758 954 828 1003 Ep.
841 953 919 1011 ‚VL
939 966 974 992 n.
998 966 1057 1001 27.
1174 1004 1180 1011 .

336 1003 1078 1101 t.ossess'slzffsshgzfiizr‘zgaiani&
1090 1002 1204 1092 ³143?
1213 1013 1364 1103 5352:

330 1108 483 1157 porticus
496 1135 506 1152 ‚
528 1114 628 1155 prope
634 1104 760 1157 publici
769 1107 874 1155 operis
888 1133 898 1151 ,
925 1108 1143 1145 extenditur.
1173 1106 1363 1143 Gau-112⁸..

337 1157 456 1204 Instar
479 1168 558 1195 non
581 1155 628 1194 est
650 1159 688 1196 in
710 1156 886 1195 Mediceo
910 1183 921 1200 ‚
949 1157 1114 1196 Riccard.
1139 1157 1268 1195 Oxon.
1298 1167 1364 1193 ne-

337 1220 410 1257 que
444 1210 481 1247 in
514 1207 641 1246 ceteris
672 1207 908 1253 melioribus,
939 1209 978 1246 &
999 1208 1148 1247 summo
1166 1209 1244 1246 iure
1267 1205 1365 1244 dele-

338 1267 407 1296 tur.
435 1260 586 1298 Sueton.
616 1257 950 1308 Iul.cap.XLVII.
979 1263 1365 1305 Gemmas‚toreuma-

339 1320 379 1346 ta
401 1337 411 1351 ‚
431 1308 536 1359 signa
565 1338 575 1355 ‚
611 1308 755 1346 tabulas
779 1311 898 1358 operis
917 1312 1058 1361 antiqui
1074 1311 1208 1359 semper
1228 1308 1364 1346 animo-

332 1357 456 1409 fiffime
477 1361 693 1409 comparaffe.
746 1359 902 1398 Nerone
925 1373 1003 1410 cap.
1026 1361 1093 1399 IX.
1116 1369 1207 1399 extr.
1237 1359 1303 1397 Ubi
1322 1369 1366 1398 ω’

334 1420 478 1498 licinum
501 1409 913 1508 (ippcrliggsungufffissigrbi
936 1412 1035 1499 dfecit.
1087 1411 1250 1469 Velleius
1285 1410 1367 1470 Lib.

382 1472 452 1497 .ca
481 1490 488 1497 .
641 1489 650 1498 .
736 1472 757 1496 a
783 1473 836 1499 ms
915 1476 933 1499 0
962 1475 1023 1499 um
1049 1489 1060 1507 ,
1097 1474 1172 1500 rem
1195 1474 1368 1507 immanis

340 1474 484 1560 operui),
509 1519 651 1561 ceperat.
704 1510 860 1549 Iustinus
881 1512 1036 1551 Praefat.
1058 1524 1109 1562 pr.
1134 1513 1281 1562 Prorsus
1296 1527 1369 1552 rem

335 1563 469 1610 magni
499 1573 544 1603 (ε’
574 1560 689 1600 animi
710 1589 722 1608 ‚
749 1571 794 1600 ω’
816 1564 936 1612 operis
958 1564 1134 1612 adgreſjus
1148 1589 1159 1609 ,
1185 1564 1248 1602 ubi
1269 1564 1369 1614 plura

337 1611 361 1649 l.
385 1610 440 1650 Fr.
463 1613 689 1652 Gronovius.
742 1612 949 1653 Anastafius
971 1614 1139 1653 Biblioth.
1162 1615 1201 1653 in
1235 1616 1371 1656 Leone

339 1661 410 1701 IV.
448 1664 549 1701 Beati
570 1665 667 1702 Petri
688 1662 843 1710 Apostoli
862 1664 1046 1703 oraculum
1068 1666 1182 1704 mirae
1213 1666 1370 1714 pulchri-

341 1710 476 1759 tudinis
498 1713 699 1765 summique
722 1714 864 1752 decoris
883 1714 1089 1762 construxit.
1110 1718 1150 1754 in
1183 1717 1368 1765 Gregorio

340 1763 411 1802 IV.
465 1765 558 1803 Fecit
585 1765 623 1802 in
652 1763 872 1816 patriarchio
906 1765 1137 1814 Lateranenfi
1172 1767 1370 1807 triclinium

338 1815 466 1902 purae}
480 1816 750 1904 nssagnitssidimss'
804 1815 942 1863 Quales
966 1817 1134 1856 Genitivi
1157 1816 1372 1908 ftrequdeintis-

361 1877 371 1902 i
461 1876 510 1903 un
546 1877 567 1903 a
667 1877 691 1904 0
748 1877 854 1904 mum
904 1878 993 1905 uem
1022 1878 1069 1905 ue
1140 1879 1166 1906 u
1214 1880 1251 1907 vi

344 1877 535 1956 affinem.
555 1878 637 1958 Εἷῗ).
658 1879 849 1956 nifram.
870 1879 978 1966 {pist
995 1880 1104 1956 {xii
1126 1931 1160 1957 n.
1186 1932 1218 1968 ς.
1239 1882 1373 1964 sarili?

349 1967 431 2011 Cat.
465 1978 540 2017 cap.
574 1967 641 2005 LI.
673 1979 711 2006 n.
741 1979 801 2017 23.
833 1966 975 2007 Lucan.
997 1968 1081 2007 Lib.
1102 1970 1151 2008 V.
1174 1981 1225 2009 vs.
1251 1983 1306 2019 52.
1333 1975 1374 2012 &

346 2017 430 2056 Lib.
453 2017 523 2062 VI.
546 2029 596 2057 vs.
621 2019 705 2068 508.
757 2018 846 2056 Alio
870 2019 965 2058 Casu
988 2021 1194 2069 Spartianus
1207 2021 1374 2063 Adriano

347 2079 427 2117 cap.
459 2068 545 2107 XII.
597 2075 664 2108 Per
694 2069 786 2107 idem
817 2078 951 2119 tempus
969 2071 1007 2108 in
1026 2070 1192 2110 honorem
1215 2072 1375 2114 Plotinae

348 2117 532 2168 basilicam
543 2121 637 2168 apud
651 2119 870 2169 Nemausum
881 2131 995 2169 opere
1007 2122 1158 2160 mirabili
1172 2122 1348 2167 exstruxit
1362 2154 1373 2170 ‚

349 2171 391 2207 ὃ(
405 2197 415 2214 ,
443 2171 506 2219 qui
527 2169 692 2209 nostrum
714 2170 890 2219 respexit,
919 2170 1088 2210 Sidonius
1112 2172 1192 2213 Lib.
1207 2173 1253 2211 ΙΙ.
1268 2173 1376 2223 Epist.

351 2217 400 2260 II.
456 2221 545 2258 Hinc
558 2221 758 2270 frigidaria
779 2219 962 2258 dilatatur
984 2249 995 2266 ‚
1032 2235 1120 2271 quae
1147 2223 1290 2272 piscinas
1311 2237 1378 2274 pu-

352 2269 452 2308 blicis
474 2272 643 2321 operibus
664 2271 883 2317 exstrueus,
910 2284 981 2311 non
1001 2272 1224 2323 impudenter
1256 2288 1379 2315 aemu-

353 2319 501 2359 laretur.
529 2322 696 2361 Come..

409 2383 428 2422 3
469 2377 520 2409 Et
551 2373 660 2412 altius
687 2371 904 2423 pauciorem]
956 2372 1028 2412 Sed
1059 2374 1096 2412 in
1130 2376 1379 2418 eminentiore

357 2431 458 2472 parte
478 2422 558 2461 sunt
579 2425 768 2473 pauciores
783 2452 793 2468 ‚
821 2434 933 2472 quam
955 2424 992 2462 in
1014 2423 1197 2464 inferiore.
1226 2428 1380 2478 Legitur

357 2475 469 2512 etiam
496 2487 504 2511 ε
532 2476 596 2512 Sed
622 2474 771 2513 alternis
786 2475 962 2524 pauciores
986 2492 997 2512 .·
1027 2482 1067 2512 ut
1088 2474 1130 2513 sit
1151 2476 1265 2517 sensus
1288 2507 1298 2524 ,
1336 2481 1381 2518 ab

359 2523 471 2562 horto
493 2524 602 2562 habet
621 2527 809 2574 pauciores
833 2523 1000 2563 fenestras
1033 2525 1188 2566 dimidio
1220 2541 1333 2579 quain
1361 2543 1381 2568 a

360 2577 460 2615 mari.
514 2575 635 2614 Potest
659 2578 768 2614 etiam
790 2575 861 2623 legi
883 2574 1030 2614 alterius
1053 2605 1064 2622 ‚
1091 2586 1132 2615 ut
1153 2580 1260 2619 multi
1282 2581 1384 2620 codi-

361 2635 421 2663 ces
442 2625 576 2664 habent
593 2654 603 2669 ,
632 2627 668 2663 in
692 2626 853 2664 eundem
877 2625 1042 2672 sensum,
1069 2628 1199 2668 scilicet
1225 2629 1384 2670 fenestris

362 2676 507 2715 alterius
536 2677 652 2724 partis.
692 2677 760 2714 CA
776 2688 885 2714 TAN.
939 2677 1141 2718 Helmstad.
1175 2679 1302 2720 Oxon.
1347 2684 1387 2721 ὃς

367 2727 479 2765 Arnz.
510 2737 554 2766 (θ’
585 2726 734 2764 alterius
761 2727 968 2776 pauciorem
999 2729 1163 2769 Riccard.
1188 2731 1386 2772 Lindenbr.

368 2776 533 2825 Bongars.
561 2776 664 2815 Voss,
696 2788 740 2817 ⁶:9⁰
766 2777 912 2815 alternis
938 2780 1143 2828 pauciores;
1174 2781 1387 2822 Mediceus:

363 2825 425 2870 sed
444 2827 592 2864 alternis
615 2829 799 2877 pauciores.
850 2829 1063 2869 Perizonius
1087 2832 1317 2880 corrigebat,
1344 2846 1389 2874 θ’

371 2874 494 2913 alteris
519 2879 705 2924 pauciores.
758 2879 837 2928 Ipse
878 2879 1176 2929 praestantiffimo
1211 2884 1390 2924 Mediceo

372 2922 554 2961 adhaereo
568 2954 577 2967 ,
604 2939 717 2975 quem
735 2956 745 2972 ,
769 2929 871 2977 quod
892 2929 939 2967 ad
960 2942 1096 2972 vocem
1117 2933 1269 2972 alternis
1292 2962 1303 2978 ‚
1331 2947 1389 2975 ce-

371 2975 438 3014 teri
475 2974 644 3013 meliores
675 2976 830 3015 firmant.
886 2979 1052 3018 Alternis
1082 2992 1207 3021 autem
1240 2996 1318 3022 non
1348 2996 1390 3025 ut

365 3023 606 3074 ⁴(titanae-us,
631 3023 689 3062 sed
711 3027 758 3062 ita
779 3030 909 3074 capio,
936 3038 976 3066 ut
995 3032 1087 3068 infra
1114 3035 1194 3072 Lib.
1218 3034 1265 3072 V.
1280 3036 1388 3084 Epist.

375 3073 446 3112 vl.
469 3086 504 3111 n.
527 3085 582 3124 35.
636 3074 794 3115 Alternis
816 3076 1155 3130 metulaesurgum,
1183 3085 1324 3126 alternis
1336 3085 1390 3124 ja-

2285 489 2444 544 >inde

788 599 946 637 Occulta
978 600 1017 638 δε
1046 598 1162 637 latens
1183 599 1355 647 porticus.
1409 595 1514 652 serta
1529 597 1620 646 sunt
1645 603 1761 644 poma.
1813 594 1924 645 Epist.
1956 595 2103 636 XVIII.
2140 609 2175 637 n.
2208 601 2243 639 z.
2294 607 2364 654 Ego
2398 613 2441 648 m

1418 647 1530 695 Tuscis
1551 658 1596 686 (9·
1614 658 1724 683 venor
1743 656 1788 685 ω’
1801 645 1920 693 studeo
1933 675 1944 691 ‚
1970 660 2059 697 quae
2073 648 2255 688 interdum
2276 653 2417 698 alternis
2430 688 2444 705 ,

1415 696 1603 734 interdum.
1623 695 1734 746 stmul
1751 697 1857 744 facio.
1911 698 2038 736 Senec.
2071 699 2155 738 Nat.
2191 702 2339 751 Quaest.
2362 705 2446 748 Lib,

1422 747 1449 784 Ι.
1472 757 1553 796 cap.
1574 745 1645 785 III.
1697 754 1789 785 Haec
1814 749 2057 797 inaequalitas
2077 751 2220 790 alternis
2243 753 2353 791 lucem
2367 771 2448 795 um·

1425 795 1594 848 [aramque
1618 797 1797 848 permiscet
1821 826 1832 843 ,
1869 810 1913 838 (9·
1932 801 2097 850 exprimit
2117 801 2221 839 illam
2243 805 2462 847 mirabilem.>

1425 860 1528 884 arcus
1550 849 1780 886 varietatem.
1806 848 1917 898 Epist.
1938 850 2079 890 XCVI,
2130 854 2245 892 ceteri
2279 856 2448 898 decidunt

1428 897 1570 946 subinde
1589 908 1633 937 (ς’
1652 906 1888 947 reponuntur,
1917 901 2061 940 &inter
2072 903 2187 952 omiffa
2200 906 2357 955 adpetita
2383 923 2449 957 ue,

1428 948 1573 987 alternis
1577 946 1820 998 fluffluantur.
1843 950 1909 999 qui
1926 951 1976 988 ita
1997 952 2143 1002 saepius.
2169 955 2290 994 Varro
2315 957 2348 994 11
2375 988 2382 996 .
2405 960 2452 999 de

1431 998 1477 1036 R.
1499 999 1546 1038 R.
1568 1010 1644 1048 cap.
1668 997 1774 1036 XVI.
1827 1003 1957 1038 Omnes
1980 1012 2022 1039 ut
2042 1003 2081 1039 in
2106 1005 2263 1043 exercitu
2290 1010 2452 1055 vivunt,

1432 1061 1539 1099 atque
1561 1050 1704 1087 alternis
1726 1049 1910 1087 dormiunt
1931 1078 1943 1096 ,
1978 1063 2023 1091 ω’
2044 1062 2123 1102 opus
2138 1057 2285 1102 faciunt
2303 1061 2453 1109 pariter.

1432 1101 1596 1149 Priapeia
1620 1098 1745 1138 Carm.
1768 1099 1852 1138 LIl.

1487 1201 1650 1240 Alternis
1672 1201 1822 1241 ineundo
1843 1212 1890 1243 θ’
1906 1203 2074 1243 exeundo.

1438 1301 1530 1341 Ciris
1552 1312 1603 1341 vs.
1626 1314 1708 1354 351.

1489 1407 1605 1455 Qem
1641 1406 1801 1457 pavidae
1844 1408 1988 1448 alternis
2036 1411 2208 1460 fugitant
2263 1416 2486 1469 optantque&
2540 1419 2551 1424 ”
2613 1394 2616 1418 ³

1888 1461 2040 1509 puellae.

1442 1556 1553 1596 Adde
1588 1558 1645 1596 Cl.
1677 1559 1886 1599 Bentleium
1919 1561 1965 1599 ad
1996 1564 2129 1603 Horat.
2161 1566 2250 1604 Lib.
2278 1568 2325 1606 Η.
2355 1567 2467 1618 Epist:

1444 1607 1491 1646 II.
1529 1620 1582 1647 vs.
1609 1610 1688 1656 176.
1709 1611 1772 1649 ubi
1794 1621 1840 1648 ex
1861 1610 2009 1650 alterius
2031 1615 2116 1653 fecit
2135 1615 2295 1657 alternis.
2352 1603 2483 1670 Supm'

1445 1658 1598 1698 eaedem
1621 1662 1841 1700 veterrimae
1862 1663 2100 1703 membranae
2121 1680 2131 1704 ;
2168 1668 2350 1721 Utrimque
2368 1673 2470 1718 fene-

1435 1708 1533 1758 strae
1551 1712 1643 1750 mari
1661 1711 1780 1760 plures
1804 1740 1816 1757 ‚
1853 1714 1898 1752 ab
1920 1712 2020 1752 horto
2038 1715 2209 1766 fingulae.
2245 1721 2373 1760 Nobili
2394 1723 2489 1762 elem

1443 1762 1589 1810 gantia,
1616 1761 1676 1800 sed
1699 1763 1946 1812 quain-hodie
1967 1766 2132 1816 plerique
2153 1770 2345 1817 ignorant,
2371 1776 2409 1813 in
2426 1775 2469 1813 li·-

1443 1811 1512 1850 bris
1535 1819 1626 1850 vett.
1649 1815 1759 1852 etiam
1779 1813 1884 1864 saepe
1906 1824 2146 1868 corruperunt
2168 1820 2309 1862 indocti
2328 1823 2474 1865 librarii.

1442 1862 1504 1901 Est
1527 1871 1651 1902 autem
1672 1865 1840 1913 Zeugma
1861 1861 2062 1907 Particulae
2082 1869 2128 1906 ab
2144 1898 2155 1916 ‚
2180 1871 2264 1910 licet
2295 1873 2354 1912 illa
2384 1857 2492 1916 ulti·⁹

1443 1924 1510 1952 mo
1542 1914 1630 1952 loco
1659 1915 1776 1966 posita
1809 1916 1863 1956 fit.
1916 1918 1974 1956 Sic
2000 1920 2138 1958 iterum
2161 1923 2323 1971 optimus
2345 1925 2482 1966 Medi«-

1443 1975 1528 2003 ceus
1555 1965 1641 2005 Lib.
1675 1967 1762 2005 VII.
1785 1967 1894 2017 Epist.
1917 1969 1947 2006 Ι.
1968 1980 2005 2006 n.
2027 1972 2061 2007 6.
2113 1976 2238 2021 Atque
2255 1974 2309 2030 ita
2322 1976 2384 2025 spe
2406 1975 2470 2015 ba-

1445 2013 1530 2055 linei
1548 2016 1683 2066 placide
1702 2016 1893 2069 leniterque
1913 2019 2051 2070 dimiffa
2074 2047 2086 2066 ‚
2111 2021 2364 2063 abstinentiam
2387 2040 2485 2065 run>

1435 2067 1525 2116 sus,
1553 2080 1623 2105 non
1638 2068 1737 2117 secus
1758 2081 1798 2105 ac
1813 2070 1914 2107 modo
1936 2068 1982 2107 ad
2002 2071 2189 2110 balineum
2211 2074 2374 2114 animum
2386 2076 2470 2115 vul-

1447 2127 1592 2167 tumque
1613 2118 1790 2168 composui.
1817 2119 1902 2159 Alia
1923 2119 2136 2170 collegimus
2158 2124 2204 2164 ad
2225 2126 2369 2167 Lucani
2389 2128 2484 2178 Libe-
2506 2127 2513 2132 ”

1449 2166 1499 2205 11.
1522 2178 1573 2206 vs.
1596 2169 1655 2217 85.

1495 2289 1567 2302 —.
1617 2290 1690 2303 -·
1740 2290 1804 2302 --
1857 2286 1927 2312 non
1948 2273 2008 2314 ille
2030 2275 2172 2317 favore:

1493 2322 1686 2368 Numinis,
1712 2323 1844 2374 ingenti
1855 2326 2022 2376 superum
2034 2331 2211 2376 protec’ius
2230 2329 2276 2368 ab
2290 2329 2358 2370 ira:

1459 2423 1617 2462 Come.
1972 2442 1976 2448 ·

1500 2487 1523 2521 4
1552 2480 1598 2512 Et
1620 2475 1789 2516 immotus
1805 2507 1815 2523 ,
1842 2480 1998 2531 omnes.]
2031 2483 2088 2521 Sic
2100 2483 2161 2521 vul
2187 2476 2391 2520 cedebant,
2417 2484 2461 2528 ur

1452 2525 1621 2566 immotus
1648 2529 1695 2568 ad
1727 2528 1838 2568 diem
1858 2534 2064 2580 pertineret.
2097 2494 2196 2572 Belfe
2213 2529 2374 2565 imus
2387 2524 2458 2563 dies

1453 2575 1581 2614 dicitur
1619 2577 1757 2618 Tacito
1780 2580 1805 2618 Ι.
1829 2581 1918 2620 Hist.
1943 2594 2018 2632 cap.
2040 2576 2248 2620 LXXXVI.
2283 2579 2462 2630 ‘Statuam

1454 2628 1548 2664 Divi
1571 2627 1653 2667 Iulii
1674 2629 1801 2669 sereno
1825 2633 1863 2670 δε
1885 2634 2045 2670 immoto
2067 2630 2123 2666 die
2144 2625 2189 2662 ab
2212 2624 2392 2660 Occidente
2423 2638 2461 2661 m

1453 2678 1634 2718 Orientem
1649 2684 1861 2731 conuerfhm.
1886 2683 2017 2721 Plinius
2035 2681 2082 2717 ita
2098 2687 2179 2713 -non
2197 2672 2329 2723 scripsit
2353 2703 2362 2718 ,
2389 2675 2463 2714 hoc
2505 2706 2508 2708 v

1455 2739 1522 2777 pro
1545 2739 1646 2768 certo
1667 2733 1762 2771 scio:
1793 2733 1982 2771 Mediocris
2003 2743 2012 2767 :
2039 2738 2114 2764 cum
2126 2726 2268 2783 fermus
2289 2725 2358 2762 dtes
2382 2735 2462 2781 ,ρ’

1453 2781 1529 2818 iam
1551 2788 1675 2820 motus
1695 2793 1780 2828 aer,
1806 2795 1929 2819 omnes.
1981 2776 2092 2814 Unde
2113 2776 2254 2824 reposui
2280 2787 2288 2812 :
2324 2787 2368 2815 ο·
2395 2789 2483 2832 sin-.

1454 2842 1572 2870 motus
1601 2846 1661 2870 aar
1685 2860 1696 2876 ,
1731 2841 1774 2870 ut
1803 2832 1860 2870 ille
1880 2830 1967 2868 solet
1986 2824 2057 2865 effe
2079 2854 2097 2872 ,
2129 2836 2215 2864 cum
2239 2829 2337 2865 venti
2361 2838 2466 2877 qtuc·;

1457 2881 1568 2922 scunt.
1595 2884 1766 2921 Lucanus
1789 2881 1869 2919 Lib.
1893 2878 1958 2916 VI.
1981 2888 2032 2915 vs.
2058 2889 2138 2925 ιω.

1502 2985 1544 3017 A
1563 2991 1616 3017 ter
1636 2993 1654 3016 0
1669 2978 1806 3027 pelam
1819 3006 1829 3023 ,
1859 2978 2040 3028 pulsusque
2067 2978 2299 3030 Aquilonibus
2320 2979 2392 3018 aer.

1502 3033 1559 3065 At
1581 3030 1606 3064 li
1628 3042 1666 3065 er
1685 3038 1799 3064 terrae
1815 3029 1971 3079 spatiosis
1994 3030 2134 3068 collibus
2156 3029 2257 3075 bostis

1503 3078 1602 3118 Aere
1627 3088 1695 3116 non
1719 3079 1821 3127 pigro
1835 3107 1846 3125 ,
1872 3092 1931 3119 nec
1952 3080 2125 3124 inertibus
2147 3082 2294 3130 angitur
2312 3080 2432 3171 unssi‘si
2449 3086 2453 3089 ’

2405 3140 2491 3171 ane:
