2616 3686
237 191 302 243 96
453 179 2126 240 C.PL1N110AECIL118ECUNDI

241 263 299 317 &
324 263 474 319 stanti
497 262 610 333 ipso
634 261 879 333 pondere
902 265 1101 337 elapsus
1128 265 1215 320 est.
1289 257 1308 281 ⁶
1333 263 1504 321 Hunc
1554 262 1685 318 dum
1731 263 2079 336 consequitur
2120 258 2358 340 colligit-

241 351 384 406 que,
431 352 523 403 per
562 335 577 352 ²
620 336 770 389 laeve
805 335 859 390 δε
896 337 1163 392 lubricum
1203 339 1570 407 pavimentum
1599 334 1815 390 fallente
1854 337 2078 408 vestigio
2115 341 2353 404 cecidit,

243 423 547 477 coxamque
584 407 751 478 fregit
778 446 794 471 ,
854 426 991 480 quae
1031 425 1216 478 parum
1256 422 1378 479 apte
1416 410 1676 463 collocata
1702 445 1718 470 ,
1767 407 1782 433 ³
1827 406 2119 464 reluctante
2146 425 2358 478 aetate,

246 479 381 532 male
419 479 569 532 coiit.
652 478 966 549 Hujusviri
999 482 1016 506 ⁴
1055 480 1336 550 exsequiae
1372 498 1625 550 magnum
1666 493 2047 533 ornamentum
2089 483 2366 554 principi,

247 565 502 620 magnum
535 550 744 613 secul0,
787 566 1039 619 magnum
1054 552 1214 604 etiarn
1244 551 1256 576 ⁵
1286 550 1409 616 foro
1434 552 1487 605 &
1520 552 1697 607 rostris
1725 551 2035 605 attulerunt.
2079 549 2352 610 Laudatus

248 621 326 676 est
359 640 388 675 a
425 623 652 676 consule
693 623 954 676 Cornelio
991 621 1215 676 Tacito,
1290 623 1426 676 Nam
1477 623 1565 677 hic
1599 623 1874 693 supremus
1921 622 2188 677 felicitatis
2243 626 2354 694 ejus

167 739 174 747 .
246 688 538 749 ‚⁶cumulus
565 692 814 755 acceffit,
846 693 1088 747 laudator
1115 692 1592 765 eloquentiffimuS.
1641 698 1709 748 Et
1739 695 1824 747 ille
1862 693 2090 766 quidem
2115 704 2130 730 ⁷
2168 697 2356 765 plenus

247 767 393 821 annis
421 768 583 828 abiit,
621 767 807 836 plenus
837 765 1161 838 honoribu5‚
1201 767 1298 822 illis
1329 769 1489 820 etiam
1515 782 1650 838 quos
1675 765 1964 821 recusavit:
2008 765 2359 822 nobistamcn

2192 856 2357 912 quae-

250 973 418 1012 tudinem
439 974 541 1019 libri,
569 975 698 1026 quibus
721 974 875 1015 ostendit
907 978 945 1015 in
978 978 1094 1027 majus
1125 979 1287 1016 luxatam
1307 975 1439 1023 dumi,
1467 973 1570 1024 quod
1592 976 1631 1013 in
1680 976 1686 982 '
1727 976 2058 1022 concionarentur,
2087 978 2355 1017 &Cornelium

250 1025 343 1064 iuius
365 1036 511 1063 coxam.
540 1028 572 1064 C
588 1040 609 1063 Α
625 1041 647 1065 Τ
665 1039 685 1063 Α
700 1039 737 1063 Ν.
1307 1037 1312 1101 Ι
1334 1029 1512 1065 Severum
1536 1037 1604 1075 pro
1627 1037 1646 1063 e
1713 1027 1837 1072 *ntia
1859 1025 2024 1074 posuisse.
2069 1027 2189 1074 Rostra
2205 1055 2215 1071 .
2241 1029 2359 1079 inquit

308 1088 323 1114 1
356 1075 470 1114 Hunc
508 1078 595 1114 dum
633 1077 867 1126 consequitur
902 1076 1134 1129 colligitque]
1180 1074 1288 1117 MSS.
1333 1079 1487 1122 Livius,
1513 1089 1555 1114 ex
1580 1075 1735 1114 navibus
1758 1075 1957 1113 Antiatum
1983 1104 1993 1120 ,
2019 1089 2060 1113 ex
2095 1078 2217 1127 quibus
2264 1093 2363 1129 ugge-

251 1125 417 1165 Riccard.
443 1130 481 1165 ὃς
503 1125 607 1165 Voss.
637 1133 730 1165 Haec
752 1129 838 1165 dum
854 1128 1039 1179 sequitum
1068 1109 1309 1178 Bongar11&'
1325 1128 1422 1176 stum
1444 1128 1483 1165 in
1498 1128 1579 1175 foro
1601 1128 1803 1164 extruiffum
1826 1127 1999 1163 adornari
2003 1126 2162 1181 placuit,
2188 1142 2225 1165 ro
2256 1143 2365 1180 raque

255 1177 465 1225 Gryphius:
496 1185 597 1215 Hunc
620 1180 707 1216 dum
723 1179 893 1230 sequitur.
948 1180 1017 1218 Sed
1039 1180 1192 1230 consequi
1215 1182 1288 1218 ele·
1335 1180 1373 1217 id
1387 1177 1556 1228 templum
1572 1176 1787 1227 appellatum
1801 1205 1811 1222 ,
1839 1177 1887 1213 ad
1908 1177 2101 1215 Comitium
2121 1187 2219 1228 prope
2234 1180 2363 1228 juncta

280 1235 381 1265 anter
406 1227 559 1274 dicitur,
587 1231 649 1279 qui
674 1230 848 1268 eumdem
885 1242 969 1268 cum
1004 1230 1167 1280 fugiente
1198 1232 1309 1279 libro
1335 1229 1472 1274 curiae,
1493 1229 1558 1278 sed
1583 1226 1695 1278 postea
1729 1227 1793 1265 loco
1826 1238 1934 1264 mota.
1986 1227 2073 1265 Vid.
2109 1231 2146 1268 &
2171 1229 2226 1266 M.
2249 1230 2298 1267 T.
2325 1233 2365 1269 in

271 1288 381 1314 ocum
405 1280 494 1327 petit
519 1307 529 1324 ,
568 1282 631 1329 qui
651 1280 783 1318 librum
807 1281 1011 1329 prolapsum
1046 1283 1175 1329 repetit
1200 1310 1210 1326 ,
1249 1284 1309 1319 ut'
1331 1280 1524 1318 Vatinium
1539 1307 1550 1323 ,
1578 1281 1616 1317 &
1638 1289 1706 1328 pro
1730 1279 1858 1327 Dejot.
1882 1279 1920 1316 &
1943 1279 1980 1316 in
1994 1278 2164 1326 Legibus.
2193 1282 2288 1318 Suet.
2300 1282 2363 1327 Ju-

258 1327 358 1377 apud
379 1329 549 1368 Plautum
573 1330 668 1368 Rud.
692 1331 777 1368 Act.
802 1330 828 1368 I.
853 1332 907 1369 Sc.
932 1332 959 1369 Ι.
985 1343 1035 1370 vs.
1059 1343 1113 1378 24.
1332 1342 1416 1368 ven.
1454 1331 1522 1367 CA
1537 1343 1560 1368 T
1576 1343 1597 1366 A
1612 1341 1649 1367 N.
1686 1329 1850 1366 Vossian.
1865 1329 1945 1375 foro
1968 1328 2158 1379 rostrisque.
2210 1331 2361 1370 Publico

1338 1380 1467 1419 funere
1502 1380 1584 1419 elati
1615 1391 1684 1429 pro
1716 1378 1832 1417 rostris
1852 1378 2111 1423 laudabantur,
2140 1392 2262 1429 neque
2285 1390 2363 1420 tam

311 1429 594 1480 Consequamur
612 1432 730 1481 gradu
753 1441 900 1470 vocem.
1332 1430 1439 1470 dubie
1461 1443 1539 1470 rem
1573 1439 1709 1469 certam
1742 1440 1951 1479 proponere
1975 1428 2126 1468 debebat
2149 1431 2365 1471 Catanaeus.

1335 1479 1485 1530 Infignis
1508 1480 1556 1520 est
1577 1483 1679 1520 locus
1701 1480 1847 1529 Polybii
1870 1480 1949 1517 Lib.
1973 1479 2042 1517 Vl.
2076 1490 2152 1528 cap.
2185 1481 2250 1519 Ll.
2279 1483 2364 1521 LII.

260 1531 426 1568 Voffian.
448 1531 639 1582 colligitque
660 1532 808 1570 omittit.
967 1549 969 1551 ·
1336 1533 1400 1582 qui
1441 1533 1512 1581 legi
1552 1540 1722 1570 meretur.
1774 1529 1884 1567 Adde
1918 1530 2057 1567 Lucan.
2091 1531 2171 1569 Lib.
2204 1533 2268 1569 IX.
2313 1545 2366 1573 vs.

312 1593 332 1618 2
364 1582 516 1632 Laeva]
567 1583 832 1621 Lithostratum
858 1611 869 1629 ,
908 1586 948 1623 ὃς
983 1585 1069 1624 ideo
1089 1585 1312 1630 lubricum,
1337 1594 1419 1632 215.
1442 1584 1523 1620 216.
1578 1582 1768 1625 Laudare,
1797 1580 2005 1624 Laudator,
2034 1582 2072 1618 &
2096 1583 2272 1620 Laudatio
2294 1584 2364 1621 sol-

259 1633 482 1680 laevigatum
497 1662 508 1678 ,
534 1635 702 1684 politum.
732 1635 764 1671 C
778 1648 800 1671 A
817 1648 838 1672 T
854 1648 875 1671 A
890 1647 927 1672 N.
1337 1633 1472 1672 lemnia
1497 1645 1538 1672 ea
1560 1633 1598 1671 in
1620 1643 1658 1671 re
1681 1631 1793 1670 verba
1814 1628 1904 1667 sunt.
1932 1629 2032 1668 Vide
2053 1630 2176 1669 Davis.
2207 1631 2254 1671 ad
2287 1634 2366 1673 Cic.

315 1695 334 1733 3
366 1683 570 1722 Relufi‘ante
602 1682 758 1732 aetate.]
799 1686 897 1731 Quia
930 1685 1105 1724 diffici‘ius
1138 1686 1236 1724 senes
1257 1688 1293 1724 in
1341 1685 1368 1723 1.
1391 1683 1676 1733 Acad.cap.11.

267 1733 429 1772 fracturis
452 1744 631 1773 curantur.
659 1735 774 1772 lnam.
801 1735 966 1773 Vosfian.
992 1745 1205 1785 repugnante
1238 1749 1294 1774 ae·
1388 1737 1411 1772 6
1439 1731 1652 1781 cumulus.]
1683 1733 1726 1770 Id
1739 1731 1811 1777 est,
1839 1732 2364 1783 copia.Legitur&calculus⁴‚

265 1796 367 1829 tate,
394 1796 439 1822 ex
464 1785 598 1824 Gloffa.
626 1784 773 1824 Deinde
797 1785 988 1826 Mediceus
1022 1789 1060 1824 ὃ(
1094 1786 1296 1824 Helmstad.
1339 1785 1375 1822 id
1398 1784 1446 1823 est
1477 1785 1697 1832 suffragium.
1725 1783 1878 1822 CATAN.
1908 1783 2031 1823 Nostri
2042 1794 2173 1822 omnes
2184 1785 2367 1833 cumulus,

267 1834 362 1873 male
381 1835 469 1880 coit,
497 1835 816 1887 quemadmodum
842 1837 933 1874 infra
957 1836 1120 1874 Riccard.
1143 1840 1181 1876 ὃς
1204 1838 1296 1875 Lin-
1337 1835 1440 1885 quod
1471 1836 1674 1884 genuinum
1709 1834 1767 1872 est.
1819 1836 2008 1873 Praeterea
2039 1841 2164 1876 autern
2207 1837 2369 1885 optimus

270 1886 395 1924 denbr.
417 1897 452 1923 n.
477 1899 509 1934 7.
527 1887 650 1937 plenus
671 1886 776 1924 annis
798 1886 882 1925 abit.
922 1889 1023 1924 Coire
1045 1888 1193 1926 vulnera
1209 1917 1218 1932 ,
1247 1890 1297 1926 ci-
1340 1885 1531 1924 Mediceus
1555 1887 1593 1924 &
1615 1885 1818 1923 Helmstad.
1834 1885 2023 1933 felicitatis
2048 1911 2059 1928 ,
2098 1885 2201 1933 quod
2224 1898 2269 1923 ex
2290 1895 2367 1924 tam

266 1939 412 1975 catrices
436 1935 632 1987 saepisfime
655 1938 847 1975 dicuntur:
875 1937 935 1976 sed
958 1939 1067 1975 etiam
1089 1939 1299 1987 quaeluxa-
1341 1938 1488 1985 egregio
1510 1937 1600 1975 libro
1623 1935 1886 1985 depromptum
1909 1936 2073 1983 spernere
2092 1945 2253 1984 nequeo.
2308 1938 2371 1976 Ci-

267 1996 304 2024 ta
330 1989 368 2025 δε
389 1987 536 2037 abrupta
560 1990 597 2026 in
619 1988 808 2039 pristinum
830 1987 1119 2026 locumredeunt
1157 1991 1298 2028 Lucan.
1338 1998 1424 2025 cero
1457 1987 1561 2025 XVI.
1593 1986 1694 2024 Fam.
1726 1985 1835 2035 Epist.
1863 1985 1965 2023 XXI.
2019 1990 2119 2020 Nam
2153 1998 2231 2023 cum
2251 1989 2372 2026 maxi—

272 2038 355 2077 Lib.
378 2036 447 2075 VI.
471 2051 523 2077 vs.
544 2052 628 2090 493.
1339 2051 1438 2075 mam
1461 2038 1605 2088 cepissem
1624 2037 1804 2075 laetitiam
1823 2048 1865 2073 ex
1884 2033 2125 2081 humaniffimi
2145 2047 2186 2074 cr
2212 2036 2373 2084 cariffimi

1336 2090 1448 2134 patris
1468 2088 1602 2138 epistola
1618 2105 1628 2124 .·
1657 2099 1736 2125 tum
1757 2101 1841 2125 vero
1861 2084 2118 2133 iucundiffimae
2138 2096 2220 2124 tuae
2232 2087 2370 2129 litterae

295 2162 301 2167 ἡ
324 2141 453 2192 Viperei
474 2148 635 2186 coeunt,
663 2141 810 2192 abrupto
831 2150 961 2192 corpore
976 2169 986 2186 ,
1013 2141 1113 2180 nodi.
1342 2140 1533 2176 cumulum
1557 2137 1645 2176 mihi
1665 2137 1786 2186 gaudii
1806 2136 2019 2174 attulerunt.
2073 2136 2219 2175 Eodem
2253 2139 2371 2179 modo

1343 2189 1465 2227 Nostri
1486 2191 1612 2227 locum
1634 2188 1850 2225 constituere
1871 2185 1999 2235 posses.
2053 2187 2150 2225 Cum
2186 2190 2285 2227 enim
2316 2191 2373 2229 ille

321 2255 345 2291 4
373 2241 602 2292 Exsequiae]
641 2241 896 2281 Indifferenter
919 2254 985 2292 pro
1010 2241 1159 2279 funere:
1189 2253 1303 2291 quan·
1346 2240 1536 2278 Mediccus
1570 2241 1668 2278 hunc
1698 2238 1866 2276 ordinem
1900 2238 2118 2286 praetulerit.
2171 2243 2269 2275 Nam
2316 2240 2371 2279 hic

271 2306 386 2346 quam
412 2293 519 2332 funus
543 2294 681 2342 majora
704 2293 978 2341 coinpleC'catur.
1009 2294 1163 2330 CATAN.
1344 2292 1418 2328 eius
1432 2292 1615 2341 supremus
1642 2289 1815 2327 felicitatis
1837 2287 1996 2326 cumulus
2018 2287 2169 2335 acceffit‚
2197 2289 2370 2339 refingere

327 2359 345 2394 ς
378 2351 461 2382 Foro
495 2355 537 2384 ω’
569 2342 725 2390 rostris]
766 2344 841 2382 Ubi
863 2345 991 2392 agebat
1014 2343 1130 2381 caustis
1154 2345 1193 2381 ὃ(
1215 2355 1301 2381 con·
1342 2342 1494 2379 licebit:
1537 2349 1633 2379 Nam
1665 2340 1717 2377 hic
1746 2342 1778 2378 ei
1802 2339 1985 2388 supremus
2019 2338 2192 2377 feiicitatis
2213 2340 2368 2378 cumulus

274 2397 485 2433 cionabatur
501 2423 510 2440 ‚
542 2408 588 2433 an
612 2396 648 2432 in
671 2395 799 2444 quibus
822 2394 984 2432 laud-‚itus
1018 2393 1076 2431 est.
1107 2395 1203 2432 Nam
1228 2396 1306 2434 Ro·
1343 2392 1481 2441 acceffit.
1536 2393 1604 2432 Sed
1629 2393 1736 2431 etiam
1760 2390 1786 2427 fi
1808 2391 1996 2438 vulgarem
2019 2388 2224 2438 scripturam
2257 2391 2369 2429 serva-

273 2448 373 2483 niani
398 2457 527 2484 omncs
551 2448 662 2485 claros
683 2447 781 2483 viros
806 2445 959 2493 <auctor
981 2444 1210 2492 Dionysius)
1227 2445 1302 2485 {ive
1345 2445 1434 2482 veris
1450 2473 1459 2488 ‚
1486 2452 1610 2481 tamen
1635 2442 1766 2480 Casum
1790 2441 1891 2480 illum
1915 2441 2071 2488 patrium
2095 2452 2170 2477 non
2184 2440 2366 2477 reiiculum

275 2496 380 2546 quod
403 2496 583 2536 bello-mm
607 2497 778 2534 ducatum
803 2499 1030 2545 acceperint,
1060 2495 1135 2534 five
1148 2496 1306 2535 civilium
1343 2494 1519 2533 existimo.
1574 2492 1832 2532 Animadverti
1879 2493 1976 2529 enim
2013 2490 2207 2546 saepiffime
2243 2496 2367 2525 contra

277 2548 521 2595 negociorum
547 2546 794 2595 magistratus,
823 2547 931 2585 &sua
945 2547 1134 2596 prudentia
1147 2548 1308 2586 actiones
1345 2546 1574 2592 optimorum
1606 2545 1781 2583 librorum
1818 2542 1928 2582 fidem
1983 2540 2153 2594 Tertium
2197 2537 2364 2574 Secundo

275 2598 438 2646 pulchras
453 2595 654 2642 ediderint,
681 2609 803 2645 neque
827 2606 969 2635 tantum
993 2599 1088 2636 bello
1111 2599 1309 2637 morientes
1323 2585 1330 2652 Ι
1345 2596 1450 2634 Casui
1473 2596 1695 2634 substitutum
1712 2623 1721 2639 ‚
1749 2595 1832 2642 quia
1855 2594 1927 2630 hoc
1950 2592 2143 2638 elegantiae
2164 2584 2233 2624 effe
2245 2585 2366 2625 crede-

277 2648 336 2687 sed
371 2650 409 2689 ὅ(
444 2657 605 2686 caeteros
640 2649 882 2707 qualicunque
919 2648 1065 2686 fundlos
1099 2650 1194 2686 vitae
1238 2648 1310 2688 fine
1345 2647 1440 2684 bant.
1470 2647 1641 2685 Lucanus
1664 2645 1744 2683 Lib.
1769 2644 1795 2681 1.
1819 2654 1869 2681 vs.
1896 2655 1974 2680 100.

277 2698 411 2737 laudari
437 2701 472 2737 in
500 2698 581 2736 foro
606 2699 855 2741 instituerunt,
884 2699 1028 2747 sumpto
1052 2699 1157 2737 initio
1189 2711 1208 2736 a
1240 2701 1311 2738 Pu-
1846 2743 1851 2750 ‚
1963 2713 1970 2717 ’

280 2748 407 2786 blico'a
424 2778 433 2793 ,
461 2751 522 2798 qui
549 2750 646 2788 Bruti
668 2761 798 2797 corpus
821 2751 865 2787 ibi
892 2760 1103 2798 proponens
1139 2757 1309 2789 ornatum
1398 2748 1539 2798 Crassus
1561 2757 1639 2785 erat
1658 2744 1740 2785 belli
1759 2745 1892 2783 medius
1913 2751 2020 2779 mora.

279 2796 449 2836 dccc-nter
484 2802 518 2837 in
550 2801 686 2837 lcclulo
712 2829 722 2844 ,
759 2800 937 2837 advocata
972 2801 1096 2849 populi
1129 2802 1312 2839 concione

279 2858 348 2894 pro
373 2850 484 2886 rustris
511 2850 699 2888 funebrem
723 2852 930 2888 orationem
954 2851 1089 2888 habuit.
1120 2851 1207 2888 lii-le
1233 2852 1310 2889 Ta-
1347 2860 1396 2886 vs.
1429 2849 1507 2898 158.

281 2898 373 2934 citu,-
400 2899 477 2936 Lib.
503 2900 568 2936 lll.
592 2901 703 2939 scribit
720 2931 729 2945 ‚
758 2901 950 2940 Tiberium
987 2913 1062 2939 non
1095 2902 1314 2950 prohibuisse
2189 2940 2194 2946 .
2302 2941 2308 2952 ,
2330 2942 2335 2948 .

282 2958 360 2995 quo
397 2950 514 2984 minu<
553 2951 671 2989 lii-mc
707 2954 748 2989 C.
785 2952 888 2988 Caini
925 2954 1046 2990 uxoris
1070 2955 1108 2990 ὃς
1132 2953 1186 2989 Μ.
1215 2954 1314 2992 Bruti
1403 2955 1478 2986 Hae
1500 2947 1640 2985 ducibus
1659 2943 1787 2994 cauffae
1800 2939 1997 2992 suberant,
2018 2939 2081 2990 sed
2099 2937 2234 2990 publica
2258 2940 2344 2980 beili.

284 2998 415 3035 sororis
438 2998 642 3036 nummii.-
669 3013 733 3048 pro
767 3000 883 3038 rostris
919 3003 1024 3038 funus
1058 3003 1313 3041 cohonestare·
1402 2998 1551 3038 Semina·

284 3055 353 3086 tuit.
406 3047 488 3087 Nec
522 3061 582 3086 me
617 3053 782 3097 praeterit
817 3050 924 3089 rostra
959 3061 1026 3098 pro
1060 3053 1315 3100 magistratibus
2268 3091 2381 3131 Utro-
