2616 3686
290 235 389 290 712
534 204 2218 281 C.PL1N11CAECILII·SE70UND1

295 305 313 331 ¹
334 294 661 370 peculiarem
695 290 1088 362 indulgentiam
1112 299 1260 341 tuam
1283 285 1579 357 pertinere:
1608 299 1787 353 eoque
1802 274 1978 354 ‘inagis
2003 285 2200 344 liberos
2233 301 2439 342 concu-

300 373 451 444 pisco
475 409 491 434 ‚
547 381 564 402 ²
603 386 740 440 quos
775 366 973 421 habere
1016 364 1178 417 etiarn
1204 362 1294 415 illo
1317 356 1605 437 tristiffimo
1651 357 1834 413 seculo
1867 360 2017 415 volui
2043 401 2061 426 ‚
2114 363 2246 419 ficut
2284 375 2438 433 potes

260 453 315 512 3³
344 445 557 501 duobus
581 441 937 498 matrimoniis
959 440 1091 494 meis
1115 435 1355 490 credere.
1436 432 1544 487 Sed
1577 431 1669 487 Dii
1695 435 1880 489 melius
1909 472 1924 497 ‚
1975 438 2068 507 qui
2091 437 2272 494 omnia
2298 439 2436 491 inte-

302 539 396 594 gra
417 519 645 574 bonitati
670 534 792 573 tuae
819 515 1173 570 reservarunt.
1223 517 1242 544 ⁴
1283 508 1445 565 malui
1486 509 1592 561 hoe
1630 511 1808 580 potius
1829 525 2081 583 tempore
2107 531 2194 569 me
2223 526 2433 583 patrem

302 596 450 657 fieri,
490 610 602 666 quo
626 592 837 648 futurus
865 587 1027 644 effem
1056 585 1110 640 &
1138 585 1386 648 securus,
1426 581 1481 636 δε
1508 581 1653 638 felix.

848 737 960 793 ΙΙΙ.
1000 736 1255 790 Catanaeo
1283 733 1348 795 ὠ
1374 729 1715 802 Rittershusto
1745 735 1808 808 cst
1838 735 1909 793 V,

685 888 756 945 C.
834 887 1280 975 P.151N1US
1362 883 1853 952 TRAJANO
1928 883 2074 940 ΙΜΡ.

978 1012 1124 1068 Petit
1149 1011 1319 1067 latum
1343 1008 1557 1064 clavum
1587 1010 1781 1065 amico,

304 1148 449 1206 Petit
474 1165 504 1201 a
528 1144 749 1220 Trajano
765 1142 1033 1198 Voconium
1054 1139 1343 1193 Romanum
1363 1133 1743 1208 condzscipulum
1776 1133 1841 1195 ἔγ
1862 1135 2260 1193 contubernalem
2268 1135 2447 1208 suum,

471 1226 651 1277 virum
681 1217 940 1275 eruditum
967 1216 1031 1278 ὠ
1057 1212 1294 1278 nobilem,
1325 1213 1618 1285 promoveri
1643 1215 1696 1265 z'n
1716 1212 1940 1266 ordinem
1946 1213 2286 1285 senatorium.

304 1358 321 1388 ς
357 1353 755 1497 INdulgentia
779 1432 896 1484 tua,
934 1415 1333 1503 lmp.optime,
1375 1428 1540 1486 quam
1567 1411 1921 1485 plenissimam
1948 1416 2228 1488 experior,
2266 1414 2451 1473 horta-

314 1572 524 1612 doachoc:
553 1570 777 1611 Felicitatem
801 1568 896 1609 illam
918 1566 998 1617 post
1017 1563 1277 1604 Domitianum
1300 1562 1356 1601 se·
1426 1561 1642 1600 Christianis.
1670 1562 1753 1602 Imo
1763 1563 1897 1602 horum
1920 1562 2206 1603 Constitutiones
2220 1564 2265 1604 de
2283 1575 2457 1611 coercens

313 1633 477 1663 cuturam
499 1652 509 1669 ‚
546 1620 864 1672 praesignificatam
891 1618 996 1660 fuifl‘e
1029 1617 1062 1655 ei
1081 1626 1144 1665 per
1163 1615 1347 1653 somnium
1425 1613 1476 1651 dis
1489 1613 1648 1651 secundis
1669 1616 1801 1664 nuptiis
1822 1628 1867 1653 ex
1891 1615 2070 1654 diametro
2080 1625 2241 1665 pugnant
2252 1627 2458 1665 compaga-

314 1674 362 1713 de
382 1686 492 1713 aureo
513 1674 619 1723 gibbo
632 1701 642 1717 ‚
662 1684 774 1722 quem
796 1683 895 1721 pone
915 1668 1095 1709 cervicem
1117 1665 1179 1704 sibi
1198 1674 1347 1704 enatum
1425 1675 1560 1703 norum
1578 1666 1841 1713 Legislatorum
1855 1674 1979 1705 mente
1996 1667 2226 1705 &institut02
2248 1671 2380 1718 quippe
2393 1668 2458 1716 qui

313 1725 541 1770 somniabat,
581 1735 657 1774 quo
673 1724 812 1765 beatior
833 1721 911 1771 post
928 1723 962 1760 se
981 1720 1181 1767 laetiorque
1200 1724 1347 1767 porten-
1422 1727 1583 1765 poenam
1622 1718 1870 1756 constituerint
1903 1717 2064 1756 viduitati
2089 1731 2098 1756 :
2136 1718 2238 1768 quod
2271 1719 2457 1757 Vidubium

316 1776 460 1814 deretur
482 1775 640 1823 Reipub.
673 1775 793 1815 status.
834 1771 935 1811 Vide
968 1769 1184 1810 Suetonium
1214 1769 1260 1807 de
1276 1769 1349 1806 hoc
1423 1766 1610 1810 dicebant,
1638 1776 1676 1805 ut
1695 1768 1887 1807 coelibatus
1907 1767 2077 1807 mulctam
2093 1769 2291 1813 ,Uxorium
2317 1770 2462 1809 Viden-

317 1827 474 1866 somnio.
500 1827 532 1863 R
549 1837 637 1864 ITT
651 1837 671 1863 E
685 1839 708 1863 a
726 1839 742 1861 s
759 1836 782 1860 H
799 1837 822 1861 u
838 1837 868 1860 s.
1424 1817 1490 1856 dus
1510 1817 1662 1865 Scaliger
1682 1819 1719 1856 in
1740 1819 1895 1859 Festum.
1946 1820 2007 1857 De
2034 1819 2193 1858 secundis
2220 1821 2352 1871 nuptiis
2384 1820 2458 1859 dixi

371 1890 402 1915 1.
431 1876 681 1926 peculiarem]
711 1876 860 1918 Raram.
878 1882 964 1914 nam
986 1871 1104 1914 Plinio
1121 1870 1286 1920 petenti,
1312 1877 1353 1907 ut
1428 1869 1465 1907 in
1494 1867 1735 1917 Expofitione
1771 1870 1979 1909 methodica
2010 1871 2247 1909 Novellarum
2271 1879 2371 1920 parte
2392 1871 2460 1911 lV.

317 1927 414 1967 idem
431 1930 489 1977 jus
511 1927 730 1977 Tranquillo
748 1925 925 1963 Suetonio
946 1922 1189 1967 concederet,
1206 1921 1352 1969 respon·
1429 1931 1506 1968 cap.
1530 1931 1566 1967 3.
1603 1921 1641 1957 ἃ
1665 1921 1741 1958 trib.
1768 1921 1870 1971 seqq.
1906 1923 1938 1958 R
1954 1934 1966 1957 1
1982 1933 2008 1958 T
2024 1933 2050 1958 T
2063 1933 2081 1958 ε
2099 1935 2123 1958 n
2140 1935 2154 1958 s
2171 1933 2191 1958 Η
2210 1933 2234 1960 υ
2251 1936 2280 1958 s.
2318 1921 2458 1960 Nobilisv

320 1979 372 2017 dit
391 1980 572 2029 Trajanus
594 2008 604 2024 ‚
640 1991 716 2016 eum
739 1978 827 2026 scire
855 1988 959 2027 quam
971 1982 1074 2023 parce
1091 1972 1173 2011 haec
1194 1971 1351 2020 beneficia
1424 1970 1962 2015 locuti0,matrimoniiscredere.
1989 1971 2045 2009 Sic
2061 1972 2138 2010 Lib.
2154 1974 2222 2011 Vl.
2239 1972 2460 2021 Epist.VIII.

320 2029 466 2068 tribuat.
488 2031 526 2067 ὃς
548 2029 593 2066 ad
612 2030 769 2067 Priscum
796 2028 842 2065 de
880 2025 1058 2063 Voconio
1086 2024 1260 2067 scribens,
1288 2025 1351 2060 Se·
1425 2021 1624 2071 n.8.quam
1635 2023 1710 2059 vim
1721 2021 2123 2072 habeatcffinsus,crede
2135 2025 2302 2072 ei,quam
2315 2024 2352 2062 in
2363 2036 2459 2061 amo-

321 2080 462 2119 cundus
483 2107 495 2124 ,
530 2080 566 2118 id
585 2079 687 2128 quod
718 2079 824 2116 etiam
853 2089 945 2115 mox
966 2080 1267 2113 commemorat:
1297 2075 1354 2112 in·
1427 2084 1462 2109 re
1474 2071 1579 2109 habet
1602 2073 1682 2110 Lib.
1696 2073 1780 2111 VII.
1796 2073 2047 2121 EpistXXXI.
2075 2086 2155 2123 ης.
2183 2075 2279 2112 Idem
2290 2088 2394 2125 quam
2406 2088 2458 2111 re-

321 2133 404 2180 quit
423 2160 432 2174 ‚
471 2135 540 2179 Ego
578 2130 714 2167 Voconio
742 2138 847 2177 nuper
873 2128 919 2164 ab
938 2126 1059 2176 optimo
1073 2126 1222 2174 principe
1240 2125 1351 2162 trium
1428 2132 1586 2160 verenter
1612 2136 1719 2172 quam
1724 2124 1873 2170 fideliter
1882 2125 2005 2161 amicos
2018 2125 2126 2167 colat,
2139 2126 2328 2164 multorum
2339 2126 2456 2172 supre-

321 2181 506 2219 liberorum
521 2182 582 2229 jus
604 2181 792 2230 impetravi
805 2179 937 2229 ,quod,
956 2189 1160 2227 quanquam
1178 2185 1283 2224 parce
1305 2188 1350 2215 cy
1426 2174 1491 2212 mis
1499 2172 1636 2221 judiciis
1657 2176 1801 2213 credere
1816 2185 1918 2224 potes.
1945 2175 1998 2212 Ita
2019 2175 2283 2219 Quinctilianus
2295 2175 2453 2213 Declam.

323 2246 402 2269 cum
423 2232 552 2270 deleblu
575 2232 700 2277 daret,
734 2229 822 2269 mihi
838 2241 958 2268 tamen
978 2238 1150 2277 tanquam
1165 2226 1278 2265 liceret
1298 2226 1352 2264 in·
1427 2224 1900 2268 Vll.cap.Xll.Meis,meis
1917 2225 2123 2274 hocignibus
2139 2226 2390 2276 nega,c9¹dum
2399 2236 2455 2261 me

323 2282 441 2329 dulsit,
468 2283 500 2319 C
514 2296 533 2319 Α
546 2295 568 2320 T
581 2295 605 2320 A
617 2294 657 2320 N.
1421 2283 1482 2324 per
1497 2273 1644 2324 fingulos
1666 2287 1766 2313 artus
1783 2287 1891 2314 tortor
1912 2276 2096 2326 interrogat
2111 2306 2120 2321 ,
2130 2281 2243 2326 perfer
2250 2276 2374 2326 saltem
2385 2287 2452 2310 non

376 2345 413 2372 2.
438 2335 540 2386 Qos
561 2333 686 2374 habere
703 2333 809 2373 etiam
829 2330 890 2371 illo
904 2329 1085 2380 tristtfflmo
1093 2327 1205 2377 seculo
1217 2326 1352 2377 volui.]
1428 2326 1586 2363 credendi
1620 2327 1839 2374 patientiam.
1883 2329 2052 2366 Lucanus
2092 2330 2172 2366 Lib,
2191 2329 2275 2365 Vll.
2298 2337 2346 2362 vs.
2367 2335 2453 2372 705.

327 2386 560 2433 Trisiiffimnm
574 2385 727 2433 seculum
751 2412 762 2428 ,
797 2382 1000 2420 Domitiani
1019 2379 1261 2428 Principatum
1285 2390 1336 2415 vo

327 2445 395 2474 cat.
450 2434 603 2484 Optass'e
621 2437 774 2479 liberos,
801 2444 846 2471 ex
865 2444 912 2470 eo
933 2431 1062 2481 probat
1083 2459 1093 2475 ,
1116 2429 1218 2479 quod
1235 2431 1354 2478 priore

325 2489 482 2536 conjuge
503 2495 647 2524 mortua
672 2515 682 2530 ,
708 2487 855 2523 alteram
875 2483 1179 2532 superinduxerit:
1207 2478 1356 2519 omissu-

325 2547 408 2583 rus,
437 2538 639 2576 nisiliberos
651 2535 955 2585 sibiquaefiviffet.
982 2531 1358 2580 Lib.VIll.Epist.X.
1427 2534 1520 2574 adde
1541 2535 1711 2574 eumdem
1740 2531 1821 2575 Lib.
1843 2537 1870 2574 I.
1898 2549 1947 2575 vs.
1967 2550 2027 2584 94.
2057 2536 2089 2572 C
2100 2547 2159 2572 on
2175 2546 2197 2570 τ
2211 2542 2246 2569 n.

326 2588 463 2626 Fabato
482 2589 684 2626 Prosocero
705 2588 766 2624 suo
794 2586 906 2624 scribit
928 2598 937 2621 τ
978 2597 1082 2635 neque
1109 2583 1290 2620 ardentius
1315 2593 1356 2621 tu
1482 2600 1515 2632 4.
1546 2587 1664 2623 Malui
1684 2592 1744 2625 hoc
1763 2590 1872 2632 potius
1890 2597 2052 2637 tempore,
2081 2586 2178 2631 eya]
2205 2581 2276 2619 Sub
2294 2587 2366 2617 tam
2382 2578 2449 2618 bo·-

324 2649 537 2690 pronepotes‚
568 2651 675 2688 quam
695 2652 748 2686 ego
769 2637 888 2675 liberos
909 2637 1012 2685 cupio.
1040 2636 1101 2674 ssu
1115 2646 1170 2672 CH
1185 2647 1209 2670 Ν
1225 2646 1246 2673 E
1260 2647 1299 2669 a.
1431 2648 1482 2673 no
1507 2638 1543 2674 δε
1564 2639 1702 2675 salutari
1725 2641 1957 2686 imperatore.
2011 2637 2110 2673 ldem
2141 2631 2270 2670 Noster
2288 2631 2449 2679 Panegy-

385 2702 419 2741 3.
445 2689 587 2727 Duobus
603 2688 873 2737 matrimoniis]
903 2687 974 2724 Pro
992 2692 1211 2735 argumento
1225 2683 1362 2722 defide-
1430 2688 1491 2726 rici
1514 2699 1589 2737 cap.
1607 2689 1749 2727 XXVI.
1778 2697 1867 2726 extr.
1899 2694 1998 2732 §uper
2012 2685 2126 2722 omnia
2144 2682 2186 2727 est
2209 2683 2452 2732 tamen,qu0d

332 2742 372 2779 rii
392 2743 462 2786 sui,
489 2753 565 2790 quo
586 2740 745 2778 sobolem
768 2739 961 2787 expetebat
981 2738 1133 2778 Plinius,
1160 2735 1276 2774 adfert
1296 2737 1361 2773 ite·
1398 2747 1402 2781 g
1434 2738 1518 2775 talis
1538 2754 1590 2783 as,
1618 2750 1657 2776 ut
1667 2739 1733 2789 suh
1761 2749 1797 2776 te
1822 2733 1944 2774 libem'
1968 2735 2082 2773 tollere
2114 2734 2218 2770 libeat
2243 2761 2251 2777 ‚
2283 2735 2452 2781 expediat,

334 2795 511 2830 rationem
536 2791 778 2834 matrimonii,
806 2801 890 2830 cum
916 2789 1008 2836 prius
1029 2788 1140 2826 sterile
1161 2786 1280 2824 fuiflet
1300 2798 1363 2823 ex·
1398 2782 1401 2826 l
1434 2789 1531 2826 Vide
1553 2791 1593 2826 δε
1613 2801 1688 2838 cap.
1708 2789 1845 2826 XXVI.
1872 2788 1909 2822 ὅτ
1940 2788 2110 2823 Senecam
2143 2783 2221 2821 Lib.
2243 2785 2271 2820 l.
2297 2784 2342 2822 de
2365 2785 2450 2823 Cle-

333 2852 463 2888 pertus.
517 2843 671 2880 Nomen
697 2850 819 2879 autem
851 2842 955 2878 unius
997 2840 1117 2877 uxoris
1149 2837 1363 2886 Calpurniae
1397 2828 1400 2877 f
1432 2841 1567 2877 mentia
1605 2851 1680 2887 cap.
1706 2838 1805 2874 xm.
1844 2835 1969 2873 Tollere
1995 2836 2110 2872 liberos
2134 2864 2143 2879 ‚
2189 2833 2358 2882 suscipere
2388 2836 2449 2875 est.

337 2889 427 2935 fuit,
456 2893 500 2930 de
522 2904 591 2941 qua
613 2893 685 2930 dixi
709 2893 810 2941 supra
830 2892 865 2929 in
890 2893 960 2929 vita
990 2890 1107 2938 ipsius.
1133 2889 1239 2926 altera
1261 2888 1363 2938 quod
1396 2880 1399 2922 l
1431 2890 1529 2927 Nam
1563 2891 1634 2926 nati
1663 2889 1816 2926 infantes
1845 2886 2114 2932 deponebantur
2137 2887 2172 2924 in
2192 2892 2282 2922 terra
2306 2901 2316 2929 ;
2357 2897 2450 2935 quos

338 2950 473 2978 nomen
510 2942 697 2989 possederit
720 2971 730 2987 ,
766 2942 934 2985 nondum
963 2941 1080 2980 habeo
1114 2949 1360 2988 compertum.
1431 2940 1455 2976 si
1475 2940 1566 2975 alere
1589 2941 1627 2975 &
1648 2939 1798 2975 educare
1816 2937 1988 2982 cogitaret
2008 2945 2105 2984 pater
2127 2966 2135 2978 ‚
2164 2937 2303 2973 levabat
2325 2964 2335 2979 ,
2373 2936 2448 2975 five

340 2990 533 3029 Sciendum
563 2994 613 3029 est
641 3001 760 3030 autem
795 2992 840 3028 de
869 2992 1027 3030 secundis
1056 2991 1187 3038 nuptiis
1211 3018 1221 3033 ‚
1259 2990 1361 3027 Plinii
1394 3010 1396 3035 g
1426 2989 1615 3026 attollebat.
1669 2986 1864 3024 Terentius
1878 2986 2035 3024 Andria:
2066 2987 2245 3038 §Qirwid
2258 2986 2447 3036 peperiffit,

336 3049 504 3090 tempore
525 3043 688 3079 nondum
712 3044 757 3079 ita
778 3041 915 3078 odiosas
934 3040 1060 3085 fuisse,
1087 3049 1126 3078 tit
1146 3039 1265 3089 postea
1288 3038 1359 3076 efi‘e
1394 3060 1395 3079 ;
1426 3041 1648 3076 decreverunt
1666 3038 1799 3074 tollere.
1826 3035 1887 3072 Bu
1901 3048 1921 3073 c
1937 3049 1995 3075 ΠΝ
2009 3049 2030 3075 Ε
2044 3051 2082 3077 n.

333 3100 531 3142 coeperunt
551 3092 610 3132 sub
635 3091 910 3140 Imperatoribtis
930 3089 1358 3144 sequentibus‚maxi1ne
1388 3087 1395 3177 1
1485 3101 1519 3137 ς.
1547 3088 1802 3138 Indulgentiam
1828 3100 1933 3139 quam
1960 3089 2152 3141 plenifflma
2179 3087 2368 3140 experior]
2397 3087 2450 3125 Si·

2320 3138 2453 3177 militet

1480 2403 1590 2458 Crede
1611 2403 1699 2446 deis,
1727 2404 1821 2453 longo
1833 2405 1998 2452 fatorum
2019 2407 2124 2446 crede
2142 2406 2278 2449 favori,

1484 2458 1620 2491 thcere
1640 2456 1734 2504 pejus
1762 2467 1846 2494 erat.
