2616 3686
0 0 146 184 f

6 186 823 323 '²,JoANNEs
930 191 1805 277 FRANciscth
1911 198 2368 317 ZEFFUS

84 347 87 350 i
212 348 226 352 ί
371 414 805 488 PETRO
901 397 2301 523 FRANCISCOMEmm,

983 611 1124 680 Viro
1170 569 1395 705 Cla-ris,
1438 612 1500 679 S.

286 819 409 868 Nter
433 815 626 864 Latinos
656 814 900 877 scriptores
932 812 1072 860 Petre
1085 813 1346 861 „Francisce
1383 813 1628 872 Medices,
1668 814 1763 863 Vir
1795 814 2073 877 Clariffime,
2111 816 2365 869 Caecilium

188 830 265 997 Ι
299 883 498 932 Plinium
529 880 721 928 minime
748 878 1141 941 adspernandum‚
1179 879 1256 926 vel
1275 878 1351 935 hi,
1393 878 1472 940 qui
1508 891 1691 926 tantum
1722 881 1778 927 de
1810 882 2002 931 nomine
2033 897 2231 943 norunt,
2269 899 2368 934 non

299 947 525 997 dubitant.
601 944 697 1013 Qui
721 961 834 992 vero
866 943 995 990 illum
1016 943 1203 1005 penitus
1227 943 1507 1006 inspiciunt,
1547 944 1672 991 inter
1701 945 1874 1007 primos
1906 947 2203 996 referendum
2240 966 2367 998 com-

184 1014 314 1064 muni
341 1011 571 1061 sententia
598 1010 800 1058 censent.
868 1010 912 1056 Is
936 1008 1140 1067 etenim,
1179 1009 1270 1057 Vir
1290 1007 1590 1067 Doffissime,
1633 1010 1874 1059 Ciceronis
1905 1012 2104 1077 vestigia
2131 1013 2217 1078 (ut
2241 1016 2299 1062 de
2318 1016 2366 1064 se

186 1081 319 1142 saepe
356 1076 581 1135 testatur)
618 1074 931 1123 ardentissime
964 1073 1160 1121 seetatm
1187 1073 1270 1122 est.
1303 1074 1482 1141 Quem,
1503 1075 1684 1123 diverso
1715 1089 1872 1125 tamen
1898 1079 2036 1137 calle,
2065 1078 2156 1127 esse
2180 1079 2366 1127 adsecu-

186 1159 310 1202 tum,
347 1141 699 1205 multi,judicio
723 1157 918 1204 quorum
949 1140 999 1187 in
1020 1139 1092 1187 his
1126 1139 1287 1187 studiis
1319 1140 1571 1201 plurimum
1606 1141 1876 1202 tribuimus,
1914 1159 2010 1191 non
2042 1144 2213 1192 leviter
2257 1160 2367 1193 con-

183 1210 398 1259 tendunt.
470 1208 653 1256 Verum
682 1222 770 1254 nec
806 1204 1039 1268 Epistola,
1077 1220 1232 1269 neque
1266 1204 1423 1253 nostra
1456 1206 1632 1268 patitur
1666 1207 1982 1268 familiaritas,
2021 1222 2070 1257 ut
2092 1226 2148 1257 ea
2169 1211 2216 1257 in
2238 1211 2367 1259 hunc

185 1277 341 1330 locum
386 1273 624 1321 conseram
646 1310 658 1331 ,
701 1287 817 1336 quac
855 1270 906 1319 δε
941 1271 1333 1319 declamationem
1364 1284 1613 1334 expetant,
1661 1272 1711 1321 <Sc
1747 1274 1957 1322 adsiduus
1981 1312 1994 1334 ,
2035 1276 2112 1339 qui
2148 1276 2264 1325 mihi
2299 1290 2368 1324 te-

187 1356 296 1389 cum
331 1338 422 1396 est,
459 1339 605 1386 sermo
636 1337 718 1387 fibi
742 1336 964 1384 reservari
986 1336 1065 1383 suo
1083 1337 1187 1400 jure
1216 1336 1388 1399 poscat.
1462 1338 1626 1384 Unum
1664 1338 1775 1386 illud
1798 1377 1811 1398 ,
1848 1340 1981 1403 supra
2022 1340 2267 1404 epistolam
2299 1354 2368 1389 ta·

183 1421 318 1465 men,
354 1403 511 1452 dixiffe
531 1404 694 1462 liceat,
732 1403 860 1449 illum
882 1417 964 1464 per
984 1401 1187 1449 virentia
1212 1415 1368 1465 prata,
1406 1419 1489 1466 per
1514 1404 1630 1452 latos
1667 1406 1964 1468 eloquentiae
2002 1423 2215 1470 campos,
2241 1407 2369 1454 hunc

185 1488 267 1535 per
293 1470 492 1518 consitos
515 1470 702 1527 hortos,
739 1485 824 1531 per
862 1466 1068 1515 concisos
1096 1466 1147 1515 &
1182 1468 1400 1516 odoratos
1438 1468 1596 1531 xystos
1633 1470 1716 1518 fibi
1751 1469 1802 1517 δε
1835 1488 1935 1518 rem
1971 1471 2023 1520 ὃς
2055 1473 2252 1536 gloriam
2285 1487 2367 1534 pe·

185 1535 362 1600 periffe.
432 1535 611 1583 Placuit
653 1534 831 1596 semper
878 1532 1149 1595 semperque
1181 1534 1386 1595 placebit
1418 1535 1599 1580 Cicero.
1670 1535 1738 1580 At
1769 1535 1848 1581 hic
1881 1537 1931 1582 in
1963 1537 2170 1598 epistolis
2207 1538 2368 1598 placet:

187 1617 358 1663 aeque,
394 1600 472 1646 sed
493 1599 705 1646 homines
729 1599 971 1645 imitantur
995 1598 1152 1658 magis,
1223 1597 1354 1643 Nam
1381 1604 1397 1657 (
1417 1598 1474 1644 de
1498 1598 1727 1645 Cicerone
1747 1600 1845 1661 jam
1876 1603 2043 1659 taceo)
2080 1602 2148 1648 ita
2170 1601 2292 1663 petit
2313 1601 2369 1650 δι’

188 1665 488 1712 commendat
509 1700 522 1720 ,
561 1676 612 1709 ut
635 1674 937 1724 extorqueat,
976 1661 1041 1707 ita
1061 1662 1227 1723 gratias
1253 1663 1375 1724 agit,
1412 1675 1464 1708 ut
1485 1662 1684 1720 referat,
1723 1663 1792 1710 ita
1817 1663 1972 1712 obfert
1989 1702 2002 1722 ,
2039 1678 2091 1711 ut
2114 1667 2364 1727 largiatur,

190 1746 279 1793 qua
301 1727 527 1776 modestia
549 1727 705 1773 laudat
725 1727 748 1769 2?
773 1742 864 1787 quo
897 1727 1059 1772 ardore
1090 1726 1364 1772 invehitur?
1402 1726 1564 1788 quibus
1588 1727 1845 1774 rationibus
1882 1727 1926 1774 se
1963 1729 2224 1777 alterumve
2257 1746 2366 1792 pur·

187 1810 267 1859 gat
301 1794 349 1842 ἃ
390 1792 579 1839 tuetur?
619 1805 755 1853 quam
794 1789 1059 1847 festiviter,
1099 1807 1237 1851 quam
1275 1806 1387 1837 vere
1425 1791 1683 1853 gratulatur
1711 1793 1734 1836 ’ἓ
1773 1809 1911 1855 quam
1948 1794 2189 1853 breviter,
2226 1811 2368 1857 quam

187 1860 339 1907 lucide
366 1870 519 1904 narrat
542 1857 563 1900 ἲ
602 1871 737 1918 quam
767 1868 899 1917 apte,
940 1870 1074 1917 quam
1098 1855 1250 1917 lepide
1272 1856 1494 1918 jocatur?
1529 1856 1751 1916 flentem,
1774 1859 1807 1905 si
1830 1859 2137 1920 lamentatur,
2174 1857 2367 1922 videas,

190 1940 371 1986 unaque
395 1921 753 1979 collacrimabis,
779 1934 943 1967 monet
964 1935 1103 1967 nemo
1116 1921 1360 1984 benignius
1381 1960 1393 1981 ,
1431 1922 1581 1968 nullus
1607 1923 1820 1971 hortatur
1841 1924 2065 1973 blandius.
2107 1926 2243 1993 Quae
2266 1941 2366 1973 om-

193 1990 269 2038 nia
296 1989 366 2034 vir
397 1985 636 2033 emunctus
661 2023 673 2044 ,
708 1999 868 2032 acutus
890 2023 903 2043 ,
940 2002 1047 2032 acer
1079 2002 1135 2033 ea
1169 1988 1420 2034 verborum
1450 1987 1655 2049 puritate
1674 2025 1687 2046 ,
1726 1990 1983 2050 varietate,
2023 1991 2367 2053 compositione

194 2053 409 2109 vestivit,
448 2052 501 2099 iis
525 2051 800 2109 luminibus,
838 2051 1103 2109 sententiiS,
1141 2051 1305 2100 salibus
1345 2052 1562 2114 adspersit
1586 2091 1598 2111 ,
1638 2066 1691 2100 ut
1732 2055 1849 2101 nihil
1892 2056 2082 2114 tersius,
2121 2056 2363 2115 floridius,

192 2117 490 2175 concinnius,
529 2116 745 2174 nitidius,
784 2116 1120 2174 succulentius,
1160 2117 1341 2165 acutius
1379 2130 1458 2165 aut
1480 2118 1573 2165 dici
1597 2131 1675 2165 aut
1697 2120 1956 2183 excogitari
1978 2121 2103 2184 posse
2129 2122 2363 2169 videatur.

189 2185 371 2246 Atque,
409 2195 459 2228 ut
480 2183 576 2244 jam
600 2182 756 2229 onmia
780 2197 873 2228 uno
898 2182 1173 2229 concludam
1196 2184 1340 2230 verbo
1362 2222 1374 2242 ,
1412 2182 1490 2230 hic
1514 2182 1601 2229 suis
1623 2183 1826 2245 epistolis
1859 2202 1969 2248 prae
1994 2187 2172 2234 cunetis
2197 2186 2365 2234 nostris

187 2248 438 2314 legentium
467 2248 671 2310 linguam
696 2245 745 2294 ἃ
775 2263 924 2294 mores
941 2285 952 2306 ,
992 2246 1042 2294 &
1076 2264 1205 2295 aures
1228 2246 1279 2295 ἃ·
1316 2249 1524 2295 animum
1548 2248 1663 2296 mire
1687 2249 1871 2297 instruit
1893 2249 1942 2298 ἂ
1965 2251 2178 2299 dele5t21t.
2215 2252 2363 2298 Hunc

187 2314 328 2377 igitur
351 2326 531 2359 tantum
557 2314 787 2375 talemque
808 2313 976 2359 librum
995 2351 1008 2371 ,
1045 2328 1153 2359 cum
1178 2312 1229 2360 ἃ
1259 2313 1338 2358 Tu
1363 2313 1597 2377 ejusmodi
1652 2314 1930 2377 scriptorum
1973 2332 2118 2379 purae
2159 2317 2368 2363 incorru-

187 2394 388 2441 ptaeque
405 2376 593 2424 leffioni
615 2378 820 2440 adprime
844 2376 1050 2436 studeas,
1089 2377 1139 2425 &
1162 2395 1250 2441 ego
1271 2378 1319 2424 id
1345 2392 1440 2425 tam
1465 2379 1768 2426 necessarium
1806 2396 1942 2442 quam
1979 2381 2240 2443 jucundum
2274 2396 2362 2442 pu-

188 2457 282 2491 tem
299 2481 311 2500 ,
348 2441 501 2488 multis
524 2442 571 2488 in
604 2458 750 2488 unum
775 2443 949 2495 collatis
975 2444 1311 2504 exemplaribus
1337 2444 1480 2501 Tibi,
1520 2445 1703 2505 qualem
1730 2445 1863 2505 potui
1885 2481 1897 2502 ‚
1935 2445 2204 2494 reformavi.
2243 2445 2362 2492 Non

188 2507 257 2556 est
279 2509 430 2564 enim,
468 2520 517 2552 ut
540 2508 714 2564 dicam,
752 2506 971 2568 pristinae
1006 2507 1200 2569 puritati
1237 2523 1470 2570 veraeque
1492 2507 1685 2555 lestioni
1707 2509 1909 2556 reddidi.
1953 2510 2086 2557 Nam
2118 2511 2166 2557 id
2187 2510 2236 2556 in
2266 2523 2361 2556 tam

189 2572 319 2620 varia
341 2584 652 2633 corruptaque
685 2572 907 2632 scriptura
930 2586 1028 2619 tam
1051 2587 1226 2619 temere
1253 2572 1508 2620 adsererem
1529 2610 1542 2631 ,
1560 2588 1698 2636 quam
1723 2573 1834 2621 falso
1858 2573 2080 2623 haEienus
2104 2575 2147 2622 se
2168 2575 2216 2622 id
2229 2591 2362 2638 prae-

184 2636 344 2685 stitisse
377 2635 516 2698 aliqui
540 2635 640 2682 sunt
666 2636 862 2698 professi.
928 2637 1103 2699 Neque
1135 2639 1194 2683 ob
1220 2637 1267 2683 id
1298 2637 1565 2700 diligentiae
1590 2636 1641 2684 &
1662 2637 1860 2686 honesto
1885 2639 2035 2687 labori
2057 2641 2358 2704 cujusquam,

190 2719 387 2766 quorum
419 2717 562 2763 opera
597 2700 818 2748 effe6kum
848 2700 938 2760 est,
978 2715 1031 2749 ut
1053 2704 1133 2750 has
1169 2702 1382 2749 meliores
1419 2702 1717 2750 redderemus
1748 2741 1761 2762 ,
1800 2705 2077 2767 derogatum
2113 2706 2357 2761 volumus,

187 2783 352 2815 verum
376 2768 474 2814 illos
511 2767 718 2815 laudibus
743 2767 1005 2814 extollimus
1030 2767 1080 2815 δε
1119 2767 1451 2829 prosequimur.
1523 2768 1603 2815 Tu
1641 2768 1772 2815 illum
1801 2807 1814 2828 ,
1853 2770 1931 2833 qui
1961 2771 2059 2833 jam
2101 2768 2151 2817 ἃ
2181 2769 2272 2832 legi
2309 2767 2361 2816 &

187 2831 390 2896 intelligi
446 2832 654 2895 patitur,
701 2848 757 2880 ea
787 2832 1078 2895 benignitate
1136 2832 1308 2894 suscipe
1331 2871 1344 2891 ,
1406 2848 1496 2897 qua
1544 2832 1909 2881 doGHssimorum
2014 2835 2220 2882 virorum
2265 2833 2367 2880 scri-

190 2910 299 3009 pstal,
337 2915 428 2961 qua
450 2898 594 2947 etiam
628 2914 753 2948 meas
788 2897 970 2961 vigilias
995 2935 1009 2961 ‚
1039 2914 1168 2947 meos
1213 2899 1391 2948 labores
1438 2913 1598 2948 omnes
1634 2897 1685 2948 ἅ
1717 2899 1907 2963 suscipis
1956 2898 2008 2949 δε
2051 2897 2355 2964 ωΠΡΙεὲὶρῐὶς.

245 2977 327 3010 ae.

1152 3144 1254 3175 ἢῆ*

2251 3141 2362 3191 IN

1291 3157 1319 3192 {0
