2616 3686
844 178 1711 230 FABRICIUS

191 293 321 357 apud
353 294 562 344 Paullum
585 295 876 358 Stephanum
910 310 1049 356 1599.
1091 302 1229 356 1605.
1272 301 1412 344 1611.
1455 311 1528 344 12.
1566 294 1617 343 &
1648 295 1783 342 Paris.
1826 298 1964 354 1608.
2005 305 2049 353 8.
2097 296 2220 362 apud
2245 298 2376 348 Mar-

196 375 309 408 cum
338 361 487 424 Orry,
524 360 576 408 δι
608 362 809 408 Basileae
841 377 901 408 ex
931 363 1002 423 Jo.
1040 361 1253 408 Sichardi
1285 361 1557 409 recensione
1580 360 1871 423 prodierunt.
1941 363 2208 426 Aliquoties
2233 365 2380 418 etiam

197 426 383 474 recudit
417 426 657 473 Henricus
693 426 956 487 Stephanus
999 440 1106 471 cum
1141 426 1429 472 Graecarum
1462 441 1635 476 vocum
1671 424 1723 477 &
1768 424 2103 481 sententiarum
2147 429 2378 492 interpre-

197 491 405 549 tatione,
443 489 494 538 &
524 491 581 538 ad
614 490 717 538 loca
748 489 977 552 quaedam
1007 488 1094 537 suis
1114 502 1272 552 ,atque
1310 489 1473 553 generi
1498 490 1562 537 sui
1597 489 1650 537 Is
1690 489 1948 542 Casauboni
1979 493 2104 545 notis
2116 529 2132 551 ,
2173 510 2291 557 quae
2327 495 2377 551 in

198 555 402 605 secunda
438 555 648 604 editione
683 570 755 602 an.
810 568 949 613 1591.
992 569 1064 602 12.
1111 555 1300 602 demum
1331 554 1559 604 accessere
1592 571 1602 603 :
1652 555 1781 617 prior
1820 556 1916 608 fine
1949 555 2036 609 illis
2068 557 2221 614 lucem
2254 561 2377 616 vidit

205 631 345 680 1581.
389 637 459 670 12.
507 622 695 669 Praeter
738 636 795 668 ea
833 618 1015 668 exstant
1051 636 1158 667 cum
1193 621 1544 669 Commentario
1578 620 1628 672 in
1654 620 1820 682 primis
1861 620 2049 676 laudato
2082 624 2153 686 Jo.
2191 625 2376 677 Mariae

201 687 427 736 Catanaei
469 686 731 735 Mediolan.
772 689 909 743 1506.
947 684 1026 732 fol.
1075 685 1198 748 apud
1233 686 1367 735 Alex.
1415 685 1742 733 Minutianum
1775 687 1950 738 Venet.
2004 702 2143 746 1510.
2181 688 2262 742 fol.
2299 691 2380 748 Pa-

199 752 276 802 ris.
319 767 458 814 1523.
497 753 617 815 apud
639 754 710 815 J0.
748 750 1022 800 Ascensium
1047 749 1098 800 ὃ(
1121 751 1261 800 Ρ3113.
1302 752 1424 814 apud
1448 751 1656 799 Paullum
1687 750 1979 813 Stephanum
2016 758 2153 808 1601.
2191 754 2378 809 Genev.

204 823 342 866 1600.
385 823 522 877 1625.
565 821 703 878 1643.
745 820 884 877 1671.
921 832 966 876 4.
1005 830 1057 865 ut
1087 817 1304 865 omittam
1326 816 1433 881 Jani
1468 817 1658 864 Gruteri
1690 815 1741 863 δε
1767 816 1950 871 Claudii
1974 818 2158 873 Minois
2185 820 2379 868 adnota-

199 883 368 932 tiones.
437 886 492 930 In
516 881 799 930 editionibus
825 881 1164 945 antiquioribus
1187 920 1199 941 ‚
1247 882 1297 931 &
1335 883 1411 930 illa
1446 882 1669 929 Catanaei
1693 918 1706 939 ,
1754 881 1867 934 liber
1901 880 2092 937 ofiiavus
2129 884 2280 944 noni,
2330 883 2382 933 ἃ

200 964 351 996 11011113
384 947 540 995 0613νί
571 948 728 994 10011111
749 961 979 1010 occupat,
1018 947 1069 995 ὁὶ
1101 965 1150 996 10
1181 964 1293 995 vera
1326 949 1493 996 librum
1532 946 1753 994 octavum
1791 946 1930 994 serius
1964 963 2106 1010 quam
2135 964 2313 1003 nonum
2354 967 2388 1010 :i

196 1013 347 1061 Plinio
386 1013 568 1062 editum
604 1012 737 1060 fuisse
775 1012 978 1075 disputat
1019 1015 1091 1076 Jo.
1130 1013 1318 1062 Maffon
1351 1014 1398 1060 in
1446 1012 1544 1060 vita
1585 1012 1724 1061 Plinii
1766 1029 1810 1074 p.
1864 1016 1972 1072 164.
2010 1012 2099 1075 seq.
2149 1015 2381 1064 Eu-mdem

197 1079 412 1126 ordinem
444 1079 665 1140 probavit
700 1077 994 1127 Gaudentius
1027 1079 1215 1126 Merula
1252 1077 1339 1142 (f)
1377 1079 1426 1126 in
1450 1077 1537 1125 suis
1567 1077 1942 1125 Commentariis,
2012 1079 2090 1125 De
2120 1078 2249 1127 hiatu
2275 1097 2381 1144 por-

197 1159 251 1192 ro
275 1181 288 1201 ‚
336 1143 414 1206 qui
444 1145 493 1191 in
528 1143 811 1192 editionibus
847 1143 1188 1205 antiquioribus
1226 1143 1278 1192 81
1316 1144 1556 1192 codicibus
1589 1144 1729 1190 MSS.
1769 1142 1873 1204 post
1914 1143 2017 1190 libri
2049 1144 2181 1191 VIII.
2230 1146 2377 1209 Epist.

198 1210 331 1257 Vm.
369 1210 545 1258 verba:
591 1219 721 1271 atque
765 1210 895 1255 etiam
935 1210 1117 1256 naviam
1138 1212 1309 1270 patiens
1337 1248 1349 1269 ,
1399 1210 1465 1257 ita
1502 1208 1718 1255 meminit
1749 1208 1960 1256 Erasmus
1994 1208 2042 1257 in
2083 1209 2288 1258 Censura
2322 1213 2381 1259 E-

196 1273 393 1337 pistolae
419 1276 463 1322 S.
503 1275 802 1339 Hieronymo
835 1275 1092 1337 adscriptae
1126 1277 1183 1323 ad
1218 1275 1502 1323 Praesidium
1533 1274 1590 1320 de
1621 1289 1758 1321 cereo
1794 1274 1999 1321 Paschali
2037 1275 2179 1322 Tom.
2218 1276 2284 1324 V.
2320 1278 2379 1324 E÷

194 1341 279 1388 dit.
317 1342 390 1403 Jo.
425 1341 719 1389 Marcianaei
759 1357 804 1403 p.
848 1345 953 1400 164.
991 1340 1194 1387 Vidimus
1234 1343 1279 1387 in
1310 1339 1489 1401 epistolis
1521 1338 1739 1385 Plinianis
1778 1349 1839 1385 tot
1868 1340 1969 1399 jam
2000 1339 2155 1401 fieculis
2187 1354 2265 1401 pro
2297 1358 2383 1390 una

193 1406 350 1452 ledam
378 1439 394 1465 ,
440 1405 495 1458 Εἴ
527 1407 581 1452 ab
611 1406 788 1453 eruditis
812 1418 891 1467 pro
928 1422 1015 1452 una
1044 1411 1272 1469 exposttam
1302 1445 1314 1466 ‚
1361 1422 1455 1453 cam
1486 1408 1530 1451 in
1564 1405 1696 1450 medio
1729 1404 1866 1451 decem
1903 1407 2207 1452 intercederent
2242 1409 2383 1470 episto-

197 1474 279 1519 lae.
348 1473 484 1538 Qod
519 1473 684 1533 quidem
723 1490 773 1518 cx
806 1487 886 1518 uno
918 1473 1150 1521 dumtaxat
1180 1474 1411 1534 exemplari
1449 1470 1744 1533 deprehenfitm
1771 1472 1864 1529 suit
1895 1505 1908 1529 ‚
1943 1471 2026 1529 sed
2049 1472 2152 1517 adeo
2184 1475 2349 1534 vetusto
2368 1512 2382 1536 ,

195 1549 247 1585 ut
277 1547 421 1585 aetate
447 1539 658 1585 Pliniana
691 1540 896 1600 scriptum
935 1540 1076 1585 videri
1104 1539 1242 1600 poffit.
1313 1541 1441 1592 Nam
1474 1537 1567 1600 quis
1597 1537 1672 1582 hoc
1710 1538 1866 1599 alioqui
1903 1538 2101 1585 divinare
2141 1541 2340 1601 valuiffet
2362 1541 2386 1586 ἒ

198 1606 319 1652 Cum
356 1603 557 1669 Augusti
588 1605 822 1653 Buclmeri
868 1605 1343 1655 animadversionibus
1380 1604 1571 1658 excusae
1604 1602 1706 1649 sunt
1750 1603 1887 1649 Plinii
1919 1603 2154 1665 Epistolae
2183 1607 2382 1654 Franco-

197 1669 314 1718 furti
339 1671 395 1718 ad
422 1671 656 1718 Viadrum
687 1675 824 1730 1644.
867 1685 938 1718 12.
987 1672 1059 1719 Ex
1100 1673 1373 1720 recensione
1409 1670 1568 1718 Marci
1610 1667 1771 1715 Zuerii
1805 1668 2060 1715 Boxhornii
2095 1669 2245 1733 Lugd.
2282 1673 2383 1718 Bat.

201 1739 343 1798 1653.
386 1739 524 1796 1659.
568 1753 641 1785 12.
693 1739 810 1784 Cum
838 1735 959 1783 notis
983 1737 1216 1785 Buchneri
1238 1775 1250 1795 ‚
1288 1737 1358 1784 Is..
1382 1734 1641 1784 Casauboni
1673 1733 1810 1780 editis
1843 1734 1899 1781 ab
1936 1733 2152 1782 Henrico
2188 1736 2383 1799 Stepha-

198 1817 263 1849 no
306 1816 445 1860 1591.
489 1818 559 1850 12.
599 1803 663 1850 H.
715 1802 941 1865 Stephani
984 1801 1034 1850 81
1069 1803 1198 1865 Casp.
1247 1802 1427 1849 Barthii
1463 1799 1621 1865 (cujus
1667 1797 1892 1860 postremi
1934 1799 2286 1848 observationes
2323 1818 2382 1850 ex

196 1868 299 1931 ejus
335 1867 625 1916 Adversariis
666 1869 878 1915 Andreas
919 1867 1122 1915 Rivinus
1161 1868 1348 1931 collegit
1381 1870 1525 1932 Jenae
1563 1869 1703 1922 1650.
1756 1861 1822 1926 8.)
1858 1864 2071 1912 Francof.
2118 1866 2177 1913 ad
2211 1867 2379 1915 Viadr.

202 1937 342 1992 1665.
395 1941 436 1988 8.
476 1933 642 1982 additis
684 1933 820 1982 Plinii
867 1931 918 1980 &
963 1933 1159 1986 aliorum
1201 1932 1514 1996 Panegyricis.
1587 1931 1704 1976 Cum
1745 1928 1869 1976 notis
1903 1930 2089 1979 Alberti
2135 1931 2383 1980 Christiani

195 1999 364 2047 Rothii
417 1999 539 2061 Lips.
603 2003 740 2059 1694.
803 2008 844 2055 8.
916 1999 1130 2047 Eximiae
1191 1999 1423 2048 editiones
1475 1998 1579 2045 sunt
1641 1994 1977 2044 Veenliusiana
2014 2033 2026 2054 ,
2109 2013 2229 2059 quae
2305 2000 2378 2061 Jo.

195 2064 473 2112 Veenhusio
510 2065 754 2130 digerente
779 2065 1127 2113 observationes
1151 2078 1394 2126 excerptas
1419 2063 1656 2111 variorum
1680 2060 1731 2110 &
1762 2063 1832 2124 Jo.
1873 2061 1995 2108 Frid.
2037 2061 2269 2110 Gronovii
2304 2063 2380 2111 ad-

193 2129 378 2194 311ηὲ113
410 2130 553 2178 habet
588 2131 737 2194 Lugd.
775 2132 876 2178 Bat.
920 2134 1057 2188 1669.
1108 2139 1151 2184 8.
1191 2131 1507 2179 Thomasiana
1539 2144 1645 2176 cum
1676 2129 1774 2191 Jac.
1824 2127 2064 2174 Thomasii
2097 2129 2289 2176 eruditis
2322 2129 2381 2177 de

195 2195 386 2244 31161010
408 2193 460 2241 &
493 2197 571 2260 qui
601 2213 710 2245 eum
748 2195 1028 2244 illustrarunt
1066 2196 1411 2261 prolegomenis
1437 2233 1450 2254 ,
1505 2207 1815 2255 accurateque
1846 2190 2020 2239 selestis
2056 2194 2292 2241 variorum
2330 2193 2382 2242 &

194 2261 386 2309 ineditis
418 2260 640 2310 1136ὶο11113
679 2262 809 2325 Casp.
844 2261 1023 2308 Barthii
1054 2263 1176 2309 notis
1217 2268 1354 2323 1675.
1395 2270 1436 2316 8.
1477 2259 1553 2324 (g)
1589 2260 1726 2307 Haec
1760 2254 1904 2301 ἕκδσσις
1934 2258 2086 2304 minus
2130 2260 2380 2308 emendate

195 2328 396 2389 repetita
421 2326 489 2374 est
522 2329 675 2376 Halae
701 2329 940 2375 Saxonum
977 2331 1116 2382 1686.
1158 2338 1198 2383 8.
1238 2328 1288 2376 δε
1315 2327 1498 2388 Lipsiae
1533 2329 1672 2383 1695.
1713 2333 1755 2379 8.
1796 2326 1958 2389 quibus
1993 2322 2240 2386 postremis
2283 2325 2380 2373 ecli-

195 2393 400 2441 tionibus
435 2393 723 2442 accesserunt
757 2406 898 2440 notae
941 2395 1167 2454 quaedam
1189 2431 1201 2452 ‚
1248 2392 1299 2441 &
1340 2392 1478 2439 Plinii
1527 2393 1841 2454 Panegyricus
1876 2406 1982 2438 cum
2023 2390 2195 2454 analysi
2231 2392 2381 2439 brevi-

197 2459 373 2521 busque
408 2459 532 2506 notis
569 2459 752 2507 Alberti
790 2456 1039 2504 Christiani
1073 2458 1238 2506 Rothii
1271 2497 1283 2517 ‚
1330 2455 1634 2505 Ecclesiastae
1676 2472 1822 2521 nuper
1853 2455 2116 2519 Lipsiensis.
2166 2456 2378 2504 Cellaria-

196 2538 256 2570 na
289 2541 394 2571 cum
424 2524 824 2573 observationibus
858 2522 909 2570 ὅ(
940 2523 1169 2572 indicibus
1205 2522 1525 2585 Christophori
1554 2521 1738 2570 Cellarii
1775 2521 1895 2584 Lips.
1939 2525 2079 2582 1693.
2123 2536 2196 2576 12„
2239 2536 2372 2581 1700.

201 2604 273 2635 12.
329 2589 552 2652 Denique
592 2588 871 2638 Oxoniensis
909 2587 986 2652 (11)
1025 2591 1213 2637 Thoma
1246 2591 1440 2637 Hearne
1473 2589 1536 2635 V.
1577 2590 1625 2635 C.
1681 2587 1904 2649 castigata
1937 2587 1993 2634 ad
2031 2586 2171 2632 MSS.
2210 2583 2261 2634 δε
2294 2601 2375 2635 110·

196 2665 264 2700 tas
300 2655 540 2716 adjunGt-is
577 2655 820 2719 vitamque
853 2654 991 2700 Plinii
1023 2672 1048 2701 a
1086 2655 1343 2702 dofflssimo
1376 2652 1592 2700 Massono
1624 2653 1878 2714 praefixam
1912 2651 2084 2698 habens
2121 2666 2193 2698 an.
2236 2666 2370 2712 1703.

199 2725 241 2771 8.
280 2719 598 2783 Christophori
637 2721 823 2770 Cellarii
857 2719 978 2767 notis
1012 2719 1063 2766 in
1093 2720 1303 2768 editione
1343 2719 1465 2783 Lips.
1510 2732 1648 2778 1711.
1693 2732 1763 2765 12.
1802 2715 2020 2782 adjuncsta
2052 2715 2238 2765 Scholia
2269 2732 2373 2830 p}o·

2328 2797 2374 2829 u.

243 2910 308 2960 (f)
337 2912 519 2949 Merulam
553 2916 588 2952 in
612 2917 880 2955 commentariis
907 2915 970 2954 suis
998 2915 1155 2965 sequitur
1184 2914 1288 2986 ζει-1
1364 2915 1436 2965 (g)
1467 2914 1540 2955 vid.
1568 2915 1741 2953 Giornale
1767 2914 1814 2954 de
1841 2913 2019 2953 Letterati
2045 2911 2081 2951 di
2113 2913 2235 2951 Roma
2263 2913 2374 2961 1678.

191 2968 362 3006 tamem,
403 2970 552 3000 notante
582 2965 761 3003 Conrado
789 2968 957 3003 mutiano
983 2968 1084 3004 Rufo
1122 2967 1258 3015 Episto-
1281 2987 1284 3010 ι
1310 2979 1334 3016 p
1376 2979 1438 3015 43.

191 3014 223 3049 la
246 3011 403 3051 vau.
436 3013 492 3049 ubi
513 3013 644 3063 refert,
679 3016 860 3055 Merulam
889 3016 1091 3057 Mediolani
1121 3025 1258 3056 veteres
1282 3015 1285 3040 '²
1364 3018 1417 3063 'h)
1448 3017 1509 3056 De
1527 3017 1686 3056 editione
1701 3013 1906 3054 Oxoniensi
1924 3013 2007 3054 vide
2024 3013 2120 3053 Asta
2133 3012 2244 3054 Erud.
2268 3026 2373 3064 ¹704·

189 3062 358 3114 sciptores
380 3061 565 3104 enarrass‘e.
718 3084 724 3092 ·
1278 3047 1287 3109 l
1311 3079 1349 3117 p.
1383 3067 1468 3106 182.
