2616 3686
263 219 365 283 824
499 213 562 260 c.
625 204 1015 258 PL1N11
1083 196 1593 248 CAE<311211
1664 195 2225 247 SECUNDI‘

268 304 329 346 ut
356 289 443 364 qui
464 286 732 359 negaverit
740 282 798 358 fi
826 281 1171 352 Christianum
1195 272 1312 347 effe,
1351 275 1499 347 idque
1528 289 1584 327 re
1614 273 1716 347 ipsa
1747 271 2065 345 manifestum
2086 275 2305 347 fecerit,
2347 277 2410 334 id

269 368 364 438 est,
387 361 716 438 supplicando
740 359 819 414 dis
841 360 1048 430 nostris,
1065 355 1307 427 quamvis
1311 349 1574 424 suspeetns
1601 355 1616 380 ¹
1645 353 1698 403 in
1715 351 2054 423 praeteritum
2069 349 2275 426 fuerit,
2314 371 2407 408 ve.

2265 446 2407 482 niam

274 546 336 586 hic
363 546 477 586 veluti
505 546 704 585 connivere
727 571 738 588 ,
781 551 875 592 quos
900 540 938 578 in
959 535 1031 574 aliis
1042 532 1171 591 ‘cauffis
1193 538 1319 588 tamen
1373 528 1499 576 fuiffe,
1542 530 1743 569 Martianus
1778 530 1816 570 in
1859 526 2048 569 Pandeffls
2076 530 2125 569 ait
2151 541 2229 580 cap.
2255 531 2325 572 VI.
2351 533 2415 573 De

277 597 384 636 valde
406 597 564 635 curiosos
581 595 655 634 effe
676 593 830 632 volebat.
868 591 959 627 Sane
982 588 1019 624 &
1040 596 1078 641 in
1097 591 1317 639 conq-uiren-
1377 580 1530 619 Custod.
1555 582 1595 619 &
1624 580 1745 620 exhib.
1770 591 1864 619 reor.
1890 579 1996 618 Haec
2027 579 2145 630 elogia
2178 583 2252 621 five
2269 584 2417 622 relatio-

281 645 335 686 dis
366 648 622 686 damnatorum
656 645 759 682 bonis
788 641 942 679 nimiam
969 634 1136 687 judicum
1168 633 1317 680 diligen·
1344 672 1345 682 ἵ
1378 644 1442 671 nes
1471 631 1696 670 vocabantur
1724 631 1832 670 etiam
1867 631 2032 668 notoria:
2065 642 2159 680 quae
2181 632 2244 671 etfi
2262 634 2308 671 ad
2327 645 2420 673 con-

282 699 370 736 tiam
403 709 482 735 non
513 696 659 735 laudant
694 696 804 732 Rom.
840 691 948 738 leges.
985 689 1170 725 Praeterea
1201 684 1320 720 οἰκεῖ·
1344 720 1347 732 ,
1375 682 1604 721 vincendum
1629 682 1744 719 statim
1767 693 1872 719 reum
1892 693 1970 719 non
1987 681 2218 728 sufficerent,
2251 685 2426 723 valebant·

284 747 446 785 vandum
472 747 544 791 est,
571 747 643 783 hoc
673 743 822 792 Trajani
853 739 1060 787 reicriptum
1092 746 1139 773 eo
1166 743 1318 784 quoque
1381 742 1529 778 tamen,
1557 740 1596 770 ut
1619 743 1699 770 reus
1727 733 1763 770 in
1785 734 1844 782 jus
1868 733 2092 776 traheretur,
2118 735 2425 783 interrogaretur„

287 796 491 847 pertinuisse
504 825 516 842 ,
541 804 579 833 ut
601 796 625 833 s1
643 795 720 843 quis
739 789 955 830 &hristianus
974 795 1096 836 captus
1120 783 1208 823 esset
1223 793 1319 838 ‚non
1381 783 1484 832 saepe
1508 784 1618 821 etiam
1633 791 1888 832 torquerentur
1900 783 2002 826 ‚licet
2022 784 2102 821 alias
2118 784 2299 823 accusator
2318 784 2424 823 dees-

288 856 520 898 torqueretur
540 848 584 883 ad
602 846 717 883 socios
739 841 972 882 indicand083
999 839 1119 876 immo
1149 846 1196 871 ne
1219 833 1264 871 de
1281 844 1320 889 irs
1381 835 1446 873 set.
1495 833 1612 880 Quod
1643 834 1790 880 intelligi
1819 833 1936 881 potest
1966 845 2012 871 ex
2042 833 2249 873 nostrorum
2273 827 2426 879 litteriS,-v

287 899 436 948 quidem
455 898 745 944 interrogaretur.
797 892 913 940 Quod
934 891 1015 928 sane
1038 884 1232 936 fignificare
1255 894 1326 920 rni-
1354 927 1356 929 ,
1384 886 1458 922 hoc
1477 883 1526 921 est
1542 911 1552 928 ,
1578 885 1658 931 lege
1678 883 1840 921 Gratiani
1862 884 1955 931 Imp.
1982 894 2078 933 quae
2094 886 2205 924 exstat
2237 885 2335 924 Cod.
2362 885 2429 924 Dev

288 949 327 988 hi
345 949 488 987 videtur
514 947 758 985 Tertullianus
787 944 822 982 jn
855 941 1016 991 Apolog.
1042 938 1108 974 Ad
1118 936 1244 986 socios,
1271 934 1328 971 in·
1355 938 1368 981 l.
1387 934 1554 973 Accusat.
1579 935 1618 971 &
1649 932 1839 981 Augustini
1873 933 2029 982 Epistola
2061 935 2199 973 CLIX.
2235 937 2275 974 &
2301 937 2428 976 CLX.

291 1000 393 1048 quit,
419 1000 468 1035 ad
488 998 627 1048 conscios
646 994 816 1047 inquifitio
843 993 946 1044 usque
966 988 1174 1028 extenditur.
1209 984 1329 1022 Solum
1358 1010 1360 1039 3
1387 985 1440 1024 At
1477 984 1621 1023 videtur
1647 984 1830 1033 TraJ'anus
1859 983 2011 1022 noluiffe
2036 993 2182 1034 propter
2206 986 2325 1025 solum
2347 989 2426 1026 elo-

292 1049 536 1096 Christianum
566 1047 693 1098 inquiri
717 1058 784 1083 non
810 1045 897 1083 licet,
949 1043 1132 1088 Magnum
1154 1035 1266 1072 rursus
1291 1035 1329 1071 in
1388 1037 1514 1085 gium‚
1539 1034 1614 1073 fine
1643 1035 1871 1078 accusatore,
1909 1033 2127 1073 Christianos
2158 1038 2273 1075 teneri
2300 1039 2340 1075 δε
2371 1038 2429 1075 in-

296 1099 585 1140 eobneficium
613 1098 782 1147 profecto
814 1095 894 1134 fuit.
945 1093 1072 1130 Statim
1100 1095 1211 1136 atque
1239 1095 1331 1123 unus
1363 1091 1364 1095 ’
1390 1087 1574 1134 terrogari.
1631 1087 1718 1132 Qua
1754 1095 1877 1134 poena
1917 1083 2089 1133 puniendi
2123 1083 2235 1124 effent
2262 1086 2424 1127 conviffi

296 1151 423 1199 aliquis
454 1150 675 1188 Christianus
699 1143 980 1194 comprehensus
1008 1148 1083 1179 erat
1102 1165 1113 1183 ‚
1141 1145 1218 1175 tota
1243 1138 1333 1174 alio·
1394 1137 1580 1175 Christiani
1597 1163 1611 1181 ,.
1641 1147 1721 1174 non
1750 1135 1932 1184 exprimit.
1983 1134 2231 1173 Tertullianus
2254 1136 2300 1175 ad
2325 1137 2432 1186 Scap.

303 1204 366 1250 qui
387 1200 545 1239 Ecclesia
567 1201 604 1238 in
626 1199 824 1248 periculum
852 1193 1072 1236 vocabatur,
1098 1201 1146 1227 ne
1165 1189 1203 1227 in
1223 1197 1336 1235 quae·
1396 1189 1466 1234 ait,
1493 1187 1537 1224 ab
1562 1187 1659 1225 init-io
1677 1187 1889 1223 mandatum
1900 1184 2003 1233 fuiffe
2018 1213 2029 1230 ‚
2054 1196 2095 1224 ut
2111 1186 2229 1235 gladio
2261 1187 2432 1224 animad-

300 1252 474 1290 stionibus
495 1262 576 1290 eam
594 1251 718 1289 infelix
740 1259 818 1285 reus
838 1246 990 1296 prodere
1009 1247 1211 1290 cogeretur.
1234 1237 1333 1275 Nam

302 1314 426 1352 neque
457 1301 706 1340 observabatur
725 1327 736 1343 ,
774 1298 875 1348 quod
905 1296 985 1334 Pius
1015 1294 1109 1340 Imp.
1145 1288 1335 1337 rescripfit,

305 1365 382 1391 eum
412 1353 466 1403 qui·
500 1354 540 1390 de
561 1352 600 1401 se
635 1348 794 1399 conseffus
823 1347 890 1395 est,
918 1345 955 1383 in
972 1352 1073 1393 caput
1095 1340 1244 1378 aliorum
1268 1348 1336 1376 tor-

305 1404 402 1454 queri
421 1417 487 1440 non
510 1403 645 1440 debere:
673 1412 749 1448 cap.
778 1399 834 1437 16.
859 1398 904 1435 de
925 1395 1069 1445 quaesta
1084 1392 1127 1429 In
1149 1389 1339 1429 pandectis

309 1466 461 1502 quoque
489 1452 649 1491 ediEtum
669 1452 800 1494 exstat,
829 1459 868 1486 ut
887 1460 964 1484 cum
986 1439 1189 1482 Irenarchae
1217 1441 1339 1489 adpre-

312 1504 497 1542 henderint
517 1504 665 1541 latrones
678 1530 687 1544 ‚
706 1502 912 1549 interrogent
931 1511 980 1534 eos
1000 1496 1041 1534 de
1055 1493 1215 1544 sociis&
1235 1499 1340 1538 recep-

1399 1240 1592 1277 verteretur
1607 1239 1645 1274 in
1664 1235 1902 1282 Christianos,
1930 1236 2032 1286 idque
2050 1236 2115 1286 suo
2146 1237 2262 1274 adhuc
2289 1246 2435 1287 tempore

1398 1287 1588 1339 observaffe
1605 1285 1791 1336 traefidem
1814 1286 2071 1325 Mauritaniae.
2096 1286 2253 1325 Fortaffe
2274 1300 2318 1326 ea
2338 1299 2436 1338 quo-

1400 1351 1473 1390 que
1493 1339 1562 1378 fuit
1582 1339 1734 1387 TraJani
1754 1337 1949 1376 sententia:
1977 1339 2014 1375 δε
2033 1337 2127 1376 inter
2147 1349 2283 1386 poenas
2300 1340 2436 1388 capita·

1398 1392 1450 1429 les
1475 1390 1564 1428 haec
1583 1389 1741 1438 supplicii
1761 1387 1894 1436 species
1913 1389 2032 1426 minus
2052 1388 2197 1426 infamis
2210 1417 2221 1434 ,
2239 1389 2440 1439 minusque

1399 1442 1502 1479 iaeva
1522 1441 1728 1478 habebatur.
1786 1439 1960 1476 immanis
1991 1438 2059 1475 fuit
2088 1438 2145 1476 illa
2170 1440 2331 1478 Neronis
2350 1440 2436 1478 feri·

1400 1499 1474 1536 tas,
1502 1493 1564 1540 qui
1585 1489 1801 1527 Christianos
1824 1488 1982 1525 ferarum
2003 1489 2107 1536 tergis
2135 1489 2348 1534 conted'tos‚
2375 1490 2435 1529 abs

310 1554 505 1599 tatoribus,
532 1565 573 1593 (φ
604 1553 882 1601 interrogationes
908 1547 1031 1586 litteris
1060 1544 1212 1593 inclusas
1227 1551 1343 1598 *atque
1403 1542 1550 1579 canibus
1571 1540 1731 1578 dilaniari
1752 1538 1919 1591 volebat,
1947 1546 2009 1577 aut
2027 1540 2187 1578 crucibus
2217 1540 2350 1589 adfigi,
2375 1548 2441 1579 aut

310 1606 506 1657 obsignatas
544 1605 592 1640 ad
632 1605 853 1652 cognitionem
884 1595 1152 1647 magistratuum
1184 1601 1344 1630 mittant.
1404 1592 1557 1630 flammis
1590 1591 1736 1628 torreti:
1765 1588 1853 1626 ficut
1882 1588 1998 1627 Corn.
2024 1589 2175 1628 Tacitus
2198 1583 2325 1630 narrat.
2368 1589 2441 1630 Sed

311 1668 391 1705 cap.
423 1657 484 1694 Vl.
514 1655 573 1693 De
603 1654 739 1692 custod.
765 1655 803 1691 δε
833 1651 952 1689 exhib.
979 1658 1072 1686 reor.
1097 1644 1199 1682 Tam
1225 1643 1342 1680 curio·

1411 1643 1490 1692 post
1508 1642 1715 1689 Trajanum
1735 1639 1863 1678 eadem
1889 1641 1956 1678 fuit
1974 1640 2137 1684 saevitia;
2166 1642 2358 1685 Crucibus,
2386 1642 2442 1680 in-

308 1708 387 1746 sam
416 1705 686 1756 inquisitionem
713 1705 749 1742 in
787 1703 888 1740 causa
922 1699 1206 1736 Christianorum
1247 1691 1344 1736 effe,
1408 1695 1486 1743 quit
1506 1692 1751 1730 Tertullianus
1770 1692 1808 1728 in
1832 1691 2031 1738 Apologet.
2054 1702 2097 1729 ω’
2108 1690 2281 1741 stipitibus
2299 1691 2442 1738 imponi-

316 1757 500 1805 Trajanus
520 1754 668 1794 noluisse
692 1753 842 1792 videtur.
885 1754 1123 1799 Quamquam
1144 1756 1222 1783 non
1241 1744 1345 1791 igno-

318 1818 398 1846 rem
412 1836 423 1851 ,
450 1807 605 1845 minin-ie
627 1803 728 1844 fuiffe
748 1803 890 1851 semper
908 1802 944 1838 in
963 1801 1036 1837 hoc
1056 1808 1189 1845 genere
1207 1794 1346 1831 obtem-

1411 1746 1456 1782 tis
1484 1742 1697 1786 Christianos
1755 1741 1930 1790 Unguibus
1949 1741 2118 1778 deraditis
2138 1742 2250 1779 latera
2269 1741 2446 1786 Christia-

1414 1807 1548 1831 norum.
1578 1794 1736 1830 Cervices
1759 1791 1933 1839 ponimus:
1973 1791 2022 1827 ad
2056 1790 2177 1840 bestias
2212 1792 2444 1842 impellimur,

321 1866 491 1907 peratum
514 1857 692 1903 Trajano2
745 1853 816 1893 Sed
840 1850 1099 1889 Ecclefiallicae
1130 1845 1295 1884 historiae
1316 1843 1353 1881 id
1414 1844 1546 1894 ignibus
1565 1843 1722 1886 urimur,
1752 1842 1788 1879 in
1810 1840 1955 1879 metalla
1975 1841 2202 1880 damnamur.
2228 1851 2299 1882 cet.
2324 1843 2447 1880 Item:

322 1910 500 1956 relinquo.
554 1907 669 1944 Porro
700 1918 748 1943 ne
779 1904 857 1953 quis
884 1903 1056 1942 miretur,
1083 1896 1185 1947 quod
1208 1895 1267 1932 hic
1285 1893 1355 1936 est,
1417 1897 1468 1933 sic
1489 1909 1548 1932 nos
1566 1893 1616 1930 ad
1635 1899 1749 1930 Deum
1780 1893 1942 1941 expanso,
1971 1892 2118 1940 ungulae
2139 1892 2309 1939 fodiam,
2336 1904 2449 1930 crum

315 1958 354 2009 fi
373 1959 579 2004 deferantur
595 1969 638 1998 (φ
657 1966 874 2006 arguantur,
900 1951 1169 1990 Tertullianum
1184 1973 1194 1991 ,
1222 1945 1354 1982 dicere.
1414 1945 1626 1996 suspendant
1641 1971 1651 1988 ‚
1678 1945 1766 1992 igner-
1799 1942 1982 1986 lambant,
2006 1941 2118 1991 gladii
2137 1950 2285 1992 guttura
2305 1944 2448 1981 detrun-

325 2009 355 2056 β
375 2008 585 2059 offerantur.-
613 2008 730 2046 obiter
748 2006 856 2044 etiam
878 2001 1081 2040 notandum
1099 1997 1148 2036 est
1162 2025 1172 2040 ,
1200 1995 1359 2050 offeren7
1418 2007 1493 2036 ccnt
1509 2024 1517 2038 ‚
1545 1994 1663 2041 bestiae
1686 1993 1840 2042 infidiam
1854 2001 1943 2037 ‚cet.
1969 1993 2210 2031 Posteriorum
2233 2003 2448 2042 temporum

328 2059 367 2097 di
406 2060 559 2097 verbum
598 2057 694 2107 apud
735 2057 845 2093 lCtos
882 2051 953 2091 effe
980 2049 1210 2090 accusatoris,
1249 2046 1361 2083 veluti
1388 2065 1392 2084 ι
1419 2046 1600 2085 historiam
1623 2056 1721 2082 nunc
1741 2055 1818 2081 non
1839 2044 2012 2091 adtingo,
2038 2044 2076 2080 in
2095 2054 2165 2092 qua
2183 2043 2363 2083 horrenda
2384 2044 2452 2081 hu·

331 2121 438 2148 reum
459 2110 617 2148 sitientis.
664 2108 720 2146 Sic
740 2107 777 2144 in
793 2103 983 2143 Pandeffis
1002 2112 1079 2148 cap.
1107 2097 1211 2135 Xill.
1239 2097 1269 2136 ὅ.
1303 2097 1364 2132 vlt.
1416 2098 1475 2146 jus
1497 2097 1637 2144 generis
1658 2094 1825 2142 supplicia
1843 2095 2022 2141 leguntur.
2045 2093 2104 2131 ΒΛ
2117 2107 2135 2130 ¹.
2151 2107 2212 2131 Du
2225 2107 2238 2132 1
2256 2107 2279 2132 u
2292 2108 2316 2131 u
2332 2094 2452 2133 ς.Αά-

334 2159 397 2198 De
419 2171 457 2198 re
477 2161 578 2197 milit.
604 2155 1006 2208 legitimus‚desertorem
1027 2164 1048 2186 a
1067 2158 1165 2199 patre
1184 2146 1339 2183 oblatum
1354 2172 1364 2187 ‚
1423 2147 1492 2189 de,
1520 2157 1614 2194 quae
1649 2145 1693 2182 ad
1730 2144 1823 2181 hanc
1853 2144 2002 2191 Trajani
2030 2143 2214 2191 epistolari]
2249 2144 2455 2183 doftiffime

339 2212 400 2261 qui
429 2211 566 2248 delatus
595 2222 640 2249 ω’
670 2208 849 2255 accusatus
872 2217 894 2241 a
909 2212 1009 2253 patre
1018 2202 1153 2247 fuerat.
1207 2197 1262 2233 Sic
1289 2207 1364 2244 cap.

338 2261 405 2300 lx.
433 2262 465 2310 §2
497 2272 530 2309 3.
558 2259 604 2298 de
624 2258 723 2295 offic.
748 2254 917 2294 Procons.
967 2252 1023 2289 Sic
1051 2251 1159 2288 etiam
1180 2245 1368 2284 deferendi

337 2311 489 2349 verbum
511 2311 568 2348 hic
584 2310 748 2357 accipere
769 2306 964 2346 debemus,
986 2312 1064 2338 non
1085 2307 1124 2336 ut
1144 2298 1343 2335 delatorem
1360 2324 1370 2339 ,

339 2362 415 2401 hoc
437 2361 510 2405 est,
535 2361 835 2398 calumniatorem
850 2384 860 2401 ,
879 2355 983 2404 (nam
1001 2352 1070 2389 tale
1090 2349 1286 2387 hominum
1309 2357 1370 2395 ge-

1421 2202 1694 2234 commentatus
1715 2194 1762 2232 est
1784 2193 1861 2232 Cel.
1889 2194 2074 2232 Boehmer
2097 2195 2134 2232 in
2154 2192 2244 2232 Diss.
2265 2195 2337 2243 Jur.
2357 2194 2458 2233 Eccl«

1426 2244 1514 2285 Diff.
1542 2246 1610 2284 VI.
1637 2247 1670 2295 ᾗ.
1695 2257 1727 2281 2.
1749 2243 1845 2293 seqq.
1874 2243 1977 2283 Voff.
2002 2246 2042 2282 δε
2065 2246 2116 2287 ‚¹0-
2143 2244 2189 2283 de
2218 2246 2376 2285 Tridino
2393 2245 2454 2284 de-

1417 2299 1600 2345 ferentur,
1629 2295 1730 2343 quod
1751 2295 1875 2343 reliqui
1895 2307 2026 2332 omnes
2047 2295 2083 2332 in
2112 2295 2316 2338 destrantur
2337 2303 2455 2333 muta·

1429 2356 1511 2385 runt
1543 2348 1592 2384 ob
1624 2346 1775 2395 sequens
1810 2353 1849 2382 ut
1883 2346 2037 2388 censeo,
2064 2357 2273 2396 arguantur.
2322 2347 2382 2383 De
2402 2344 2457 2382 di-

341 2423 412 2451 nus
430 2422 543 2462 quam
563 2410 674 2449 audiri
696 2408 851 2447 noluerit
878 2407 1085 2450 Tra1anus,
1120 2397 1370 2455 satis-ostendit
1427 2398 1613 2436 versorum
1637 2404 1848 2446 temporum
1871 2396 2132 2446 conjunctione
2149 2397 2282 2445 saepius
2307 2395 2351 2432 ad
2372 2395 2453 2432 No-

342 2463 478 2502 Plinius
497 2463 532 2499 in
554 2462 702 2509 paneg.)
722 2458 781 2498 sed
805 2465 846 2496 ut
865 2455 1109 2494 accusatorem
1132 2458 1250 2498 potius
1269 2447 1373 2495 figm-
1429 2449 1539 2487 strum
1562 2448 1715 2485 Plinium
1741 2445 1859 2484 aetum
1884 2447 1943 2485 est.
1970 2446 2066 2484 Vide
2085 2446 2205 2484 saltem
2222 2445 2265 2483 ad
2290 2445 2370 2482 Lib.
2385 2442 2454 2480 IV.

344 2512 440 2552 ficat.
477 2512 721 2550 Tertullianus
736 2509 781 2547 ad
803 2508 989 2556 Scapulam
1008 2509 1146 2545 narrat,
1172 2499 1370 2543 quemdam
1432 2500 1539 2545 Epist.
1567 2499 1629 2535 IX,
1661 2510 1697 2536 n.
1723 2497 1758 2534 8.
1784 2497 1861 2535 Lib.
1893 2498 1960 2535 Vl.
1985 2497 2091 2546 Epist.
2116 2495 2218 2535 XVI.
2245 2507 2279 2531 n.
2307 2494 2340 2530 8.
2368 2493 2455 2530 Lib.

347 2564 569 2613 praesidem,
599 2564 660 2610 qui
694 2559 853 2599 Prudens
871 2556 1130 2607 adpellabatur‚
1157 2549 1300 2588 miffum
1330 2548 1373 2586 ad

348 2615 386 2654 se
406 2614 646 2652 Christianum
666 2623 751 2648 cum
774 2608 895 2658 elogio
908 2602 1092 2652 ,dimisiffe
1112 2599 1212 2639 sciflo
1232 2600 1375 2655 elogio,

352 2666 393 2703 &
420 2662 589 2714 negasse,
617 2662 690 2700 fine
717 2662 923 2698 accusatore
953 2659 986 2696 se
1023 2654 1228 2692 auditurum
1257 2651 1363 2688 homi

355 2727 444 2754 nem
458 2743 468 2760 ‚
496 2713 690 2753 secundum
714 2711 937 2750 mandatum.
970 2705 1118 2744 Deinde
1135 2703 1192 2754 jus
1209 2711 1379 2757 commu·

357 2777 429 2811 ne',
455 2772 495 2803 ut
517 2766 638 2813 elogio
658 2775 735 2801 non
754 2771 894 2800 temere
920 2758 1090 2797 crederet.
1144 2757 1240 2791 Nam
1261 2752 1299 2789 &
1321 2751 1381 2788 ubi

360 2817 516 2854 omnino
534 2815 714 2854 acctifirtor
731 2824 812 2852 non·
829 2818 906 2850 erat
932 2804 1164 2849 necessarius,
1188 2811 1315 2841 tamen
1338 2814 1381 2839 ex

360 2866 437 2902 solo
458 2867 571 2904 statim
593 2867 714 2913 elogio
734 2874 812 2902 reus
832 2873 908 2899 non
929 2856 1249 2898 condemnabatur.
1294 2852 1382 2889 Non

365 2914 437 2952 effe
457 2927 585 2953 eorum
610 2916 761 2964 epistolis
778 2910 997 2951 credendum
1013 2909 1098 2958 ‚qui
1115 2905 1210 2956 quasi
1235 2903 1383 2941 damna-

367 2971 425 3000 tos
443 2965 485 3001 ad
507 2965 701 3011 praesidem
725 2964 943 3002 remiserint:
972 2971 1093 3008 neque
1115 2955 1384 2994 lrenarcharum

367 3014 512 3060 elogiis,
538 3017 619 3061 quia
639 3026 715 3052 non
735 3025 864 3051 omnes
885 3012 953 3049 fint
972 3011 1091 3047 bonae
1121 3006 1226 3044 fidei:
1256 3004 1314 3041 sed
1341 3014 1386 3039 ex

1429 2550 1517 2588 Vll.
1544 2549 1650 2595 Epist.
1679 2548 1837 2587 XXVlJ.
1863 2559 1899 2585 n.
1926 2559 1960 2585 2.
1986 2547 2064 2585 Lib.
2090 2547 2135 2584 X.
2161 2543 2256 2592 Epist
2281 2540 2453 2581 LXXIX.

1435 2613 1470 2639 n.
1497 2612 1532 2638 2.
1559 2601 1705 2637 alteram
1736 2610 1846 2640 vero.
1885 2609 1978 2646 quae
2009 2598 2066 2635 hie
2097 2595 2269 2635 occurrit,
2296 2592 2455 2630 diverso·

1436 2663 1517 2689 rum
1541 2650 1737 2688 modorum
1763 2647 1917 2688 vindicat
1936 2648 2062 2686 Plinius
2077 2646 2152 2682 Lib.
2170 2643 2219 2679 V.
2232 2641 2455 2682 Epist.Vlll'.

1438 2715 1472 2740 n.
1496 2714 1599 2739 ‹.non
1621 2701 1703 2750 quia
1725 2698 1893 2736 commode
1904 2699 2085 2743 faa‘lurum
2104 2692 2159 2743 effe
2179 2690 2364 2730 confidam
2380 2719 2429 2736 ,,,
2443 2720 2454 2730 .

1429 2754 1494 2802 sed
1515 2753 1596 2802 quia
1617 2750 1702 2789 mihi
1717 2748 1903 2799 pulchrum
1924 2749 1961 2785 in
1982 2744 2103 2795 primis
2128 2741 2278 2781 videtur.
2326 2743 2360 2780 L
2373 2754 2397 2781 o
2411 2755 2457 2780 N-

1441 2812 1634 2841 eonius

1494 2866 1523 2891 r.
1552 2858 1593 2889 In
1609 2848 1832 2900 praeteritum
1853 2843 1984 2894 fuerit.]
2001 2843 2183 2891 Respuunt
2204 2844 2358 2880 verbum
2379 2841 2461 2881 sub·'

1440 2903 1631 2941 stantivum
1649 2907 1720 2938 vet.
1749 2898 1860 2935 editio
1878 2906 1961 2931 cum
1990 2894 2055 2929 MS
2093 2890 2197 2930 Voss.
2236 2894 2282 2930 Et
2300 2905 2362 2931 cur
2380 2902 2465 2931 non*

1438 2955 1517 2994 ita?
1534 2952 1671 2990 Adsunt
1691 2949 1764 2994 eius
1787 2946 1833 2983 rei
1855 2943 2020 2990 exempla
2042 2944 2316 2993 quamplurima.
2345 2944 2459 2982 Evol-

1960 2994 1968 3002 x

1435 3015 1481 3040 ue
1514 3011 1640 3040 notam
1670 2997 1714 3034 ad
1750 2997 1825 3033 Lib.
1856 2993 1902 3030 11.
1939 2993 2046 3041 hpilt.
2079 2994 2144 3034 iil.
2169 3006 2204 3034 n.
2236 3007 2265 3035 1.
2293 2995 2381 3033 item
2408 2990 2460 3031 ad'

364 3063 514 3112 integro
539 3062 691 3103 caussam
719 3064 887 3113 cognosci
918 3060 1049 3100 debere
1070 3057 1281 3096 mandatum
1300 3053 1389 3092 olim
1442 3053 1523 3092 Lib.
1554 3051 1637 3090 Vll.
1664 3044 1773 3095 Epist.
1799 3043 1976 3083 XXXlll.
2002 3056 2038 3083 n.
2067 3045 2102 3095 6.

2327 3101 2360 3134 1.‘
2384 3093 2467 3140 sine
