2616 3686
503 196 845 252 LIBER
911 195 1612 248 ILEPISTOLA
1677 190 1870 253 xviii.
2194 225 2280 267 169

168 288 292 363 sipso
311 285 487 340 littore
510 271 661 337 utare
698 319 713 342 ‚
756 276 908 350 quod
933 292 1317 348 nonnunquam
1347 277 1503 348 longa
1526 281 1868 348 tranquillitas
1898 283 2066 337 mollit
2092 322 2108 347 ,
2158 287 2270 343 sae-

183 363 296 433 pius
322 355 574 426 frequens
602 353 658 406 &
683 350 975 406 contrarius
1000 345 1194 402 fluetus
1219 348 1449 402 indurat.
1520 348 1683 404 Mare
1719 367 1828 404 non
1868 352 1985 405 sane
2021 357 2266 423 preciofis
2317 357 2374 404 2-8

182 427 401 502 piscibus
437 423 705 478 abundat:
756 421 769 441 ¹
803 419 965 474 soleas
1000 430 1181 473 tamen
1204 419 1260 474 &
1286 425 1304 445 ²
1327 420 1531 491 squillas
1552 423 1777 491 optimas
1805 421 2051 493 suggerit.
2126 426 2267 486 Villa

181 516 311 555 vero
346 498 518 551 nostra
553 495 710 547 etiam
749 510 764 536 ³
802 490 1215 544 mediterraneas
1239 493 1418 562 copias
1445 492 1694 562 praestat,
1734 493 1812 547 lae
1841 494 1892 546 in
1918 495 2113 562 primis
2139 515 2260 555 nam

182 572 307 626 illuc
345 586 374 621 e
409 567 603 638 pascuis
638 579 830 634 pecora
868 564 1230 626 conveniunt,
1271 562 1304 615 fi
1329 564 1549 633 quando
1575 581 1798 635 aquam,
1838 565 2148 620 umbramve
2182 571 2258 624 se-

188 643 407 697 &antun
474 635 695 706 Justisne
727 633 796 696 de
831 632 998 687 causis
1035 637 1051 661 ⁴
1084 651 1208 688 eum
1247 633 1346 687 tibi
1384 635 1571 690 videor
1606 637 1842 690 incolere
1866 675 1881 699 ,
1934 636 2256 705 inhabitare,
2315 656 2375 699 29

192 714 408 782 diligere
435 705 714 760 secessum?
754 721 915 774 quem
943 718 1029 768 tn,
1068 702 1080 729 ⁵
1106 705 1261 759 nimis
1286 705 1516 761 urbanus
1543 724 1626 770 es,
1661 708 1750 761 nisi
1779 708 2109 778 concupiscis
2140 730 2152 765 z
2189 726 2265 766 at-

188 799 292 854 que
329 780 524 832 utinam
563 775 941 846 concupiscas,
993 789 1051 830 ut
1088 788 1171 831 tot
1215 777 1476 848 tantisque
1533 778 1747 833 dotibus
1801 780 2008 836 villulae
2062 782 2270 841 nostrae

174 853 402 915 ›maxima
424 847 820 903 commendatio
845 864 916 902 ex
939 860 1034 903 tuo
1054 848 1413 904 contubernio
1435 849 1682 905 accedat!
1724 851 1872 905 Vale.

454 1017 696 1076 XVIII.
763 1016 840 1074 C.
913 1018 1353 1076 PL1N1us
1417 1015 1446 1040 '⁶
1518 1021 2006 1078 MAuR1co

1054 1118 1238 1173 Suo
1312 1117 1365 1174 S.

172 1263 482 1319 '‘Pollicetur
504 1261 782 1327 Maurice,
807 1280 919 1316 cum
942 1280 1108 1315 omues
1148 1263 1385 1318 rhetores
1419 1267 1729 1331 audiverit,
1762 1270 1825 1337 se
1861 1266 2270 1338 rescripturum,

795 1334 868 1386 ad
888 1351 1031 1405 quem
1061 1336 1251 1388 mittat
1260 1335 1475 1404 fratris
1481 1339 1646 1407 filios.

305 1483 413 1536 Uid
443 1500 470 1536 a
501 1495 553 1535 te
577 1491 594 1517 ⁷
621 1480 749 1535 mihi
785 1481 1068 1547 jucundius
1097 1484 1273 1552 potuit
1299 1484 1499 1556 injungi
1529 1525 1545 1549 ,
1586 1503 1744 1559 quam
1775 1502 1833 1541 ut
1858 1500 2266 1560 praeceptorem

182 1490 301 1623 Q
323 1555 493 1607 fratris
521 1554 596 1604 tui
624 1551 795 1603 liberis
830 1555 1176 1620 quaererem?
1216 1558 1348 1609 Nam
1369 1556 1806 1613 beneficiotuoin
1824 1561 2053 1614 scholam
2070 1561 2267 1623 rede0,

184 1631 238 1684 &
267 1629 405 1682 illam
427 1616 443 1641 ⁸
469 1620 815 1677 dulcissimam
842 1634 1068 1678 aetatem
1097 1624 1239 1696 quasi
1263 1629 1492 1683 resumo·
1568 1629 1745 1684 Sedeo
1771 1633 1910 1687 inter
1944 1694 1946 1697 .
1953 1632 2172 1703 juvenes
2207 1646 2267 1686 ut

2132 1706 2266 1759 sole-

237 1850 251 1875 1
282 1830 432 1889 Soleae]
461 1830 554 1868 Solea
585 1829 683 1888 piscis
714 1841 825 1880 genus
848 1860 859 1878 ,
895 1833 1100 1872 transsatum
1124 1847 1185 1874 au·
1256 1838 1415 1890 descripsi
1438 1869 1448 1885 ,
1486 1841 1525 1879 δε
1556 1849 1598 1880 tu
1629 1842 1705 1880 fatis
1727 1843 1928 1890 cognovisti
1950 1843 2269 1883 amoenitatem&

186 1887 285 1923 &ore
309 1885 418 1920 Fabio
440 1891 460 1917 a
475 1881 569 1930 solea
592 1881 688 1929 pedis
709 1890 924 1929 tegumento
948 1897 956 1920 z
988 1896 1032 1922 cx
1054 1896 1187 1933 genere
1255 1892 1408 1938 gratiam
1431 1893 1545 1930 villae.
1573 1894 1700 1930 Oxon.
1722 1893 1890 1941 dirigere,
1916 1906 1983 1943 pro
2006 1894 2155 1942 diligere.

184 1937 374 1988 planorum
389 1960 399 1976 ‚
425 1939 464 1967 ut
485 1931 717 1987 rhombus‘est
739 1934 778 1969 &
792 1932 912 1981 paffir.
943 1935 1008 1990 Ca
1026 1949 1047 1972 T
1064 1949 1085 1972 Α
1099 1949 1134 1973 Ν.
1307 1955 1325 1989 5
1357 1943 1476 1980 Nimis
1499 1943 1656 1980 urbanus
1678 1958 1719 1981 es.
1737 1942 1751 1992 ]
1792 1943 1894 1981 Voff.
1915 1947 1954 1982 &
1976 1944 2127 1982 Helmst.
2150 1945 2266 1981 minus·

235 1999 254 2022 2
284 1981 439 2038 squillas.
453 1979 468 2028 ]
483 1981 675 2037 ,Juvenalis
695 1991 870 2030 tanquam
902 1985 1103 2033 preciosum
1136 1989 1191 2035 pi»
1257 1991 1414 2029 urbanus
1435 2007 1476 2030 es.
1498 2005 1697 2042 perperam.
1718 1993 1831 2032 Ludit
1850 1996 1887 2032 in
1907 1995 2022 2032 verbo
2037 2023 2046 2039 ,
2071 1994 2172 2043 quod
2184 1996 2266 2032 alias

182 2035 275 2073 sccm
291 2031 459 2083 squillam
481 2029 673 2070 mtrOduclt
696 2045 704 2068 ³
1256 2041 1450 2081 hominem
1476 2045 1678 2092 elegantem
1705 2073 1714 2089 ,
1751 2046 1810 2082 hic
1832 2053 1956 2082 autem
1981 2047 2141 2083 amicum
2174 2045 2267 2083 urbis

1257 2092 1296 2129 δε
1318 2094 1414 2131 vitae
1436 2094 1593 2132 urbanae
1607 2123 1618 2139 ‚
1646 2094 1789 2132 osorem
1813 2095 1959 2133 rusticae
1973 2124 1983 2139 ‚
2011 2103 2123 2132 notat.

1305 2143 1328 2178 6
1357 2144 1554 2193 Mamm]
1587 2145 1743 2183 Invenio
1777 2156 1854 2182 non
1880 2145 2043 2181 Maurico
2066 2174 2076 2190 ‚
2103 2146 2162 2183 sed
2184 2150 2270 2181 Ma-

1254 2192 1340 2237 rio,
1377 2195 1415 2231 in
1447 2195 1658 2243 quibusdam
1687 2196 1796 2232 etiam
1829 2195 2011 2233 codicibus
2045 2197 2182 2232 Martio
2214 2197 2269 2232 in-

275 2215 372 2274 [epta
403 2263 408 2269 -
472 2272 529 2301 σε
577 2281 646 2291 —
1254 2241 1415 2290 scriptam
1452 2245 1650 2293 epistolam.
1689 2245 1884 2282 Carme.
1923 2245 2042 2281 Etiam
2077 2256 2121 2282 ex
2143 2245 2268 2283 nostris

233 2272 446 2313 Asparagn,
531 2291 539 2298 ‘
1259 2291 1454 2331 Lindenbr.
1488 2296 1626 2330 Martio
1661 2310 1671 2337 ;
1710 2295 1820 2330 Arnz.
1853 2296 1891 2332 &
1936 2296 2060 2331 Oxon.
2104 2297 2241 2333 Marcio
2254 2311 2266 2338 ;

184 2340 244 2378 De
275 2344 342 2379 hac
373 2344 452 2391 lege
478 2345 569 2382 Plin.
599 2345 669 2382 sen.
692 2345 772 2382 Lib.
793 2343 857 2381 IX.
880 2345 918 2381 δί
940 2344 995 2380 Μ.
1019 2344 1185 2381 Tullium
1257 2340 1410 2395 Helmst.
1435 2345 1574 2386 Mari0;
1604 2344 1766 2381 Riccard.
1791 2343 1936 2380 Marcio.
1975 2344 2042 2382 Sed
2074 2345 2266 2385 Primarius

183 2391 228 2428 dc
260 2393 343 2430 Nat.
378 2394 543 2431 deorum.
596 2394 640 2431 Iu
656 2408 675 2432 E
691 2409 730 2432 M.
795 2393 992 2431 Lindenbr.
1037 2393 1189 2432 Helmst.
1255 2390 1312 2426 ille
1338 2391 1526 2430 Mediceus
1547 2395 1706 2431 Maurico
1732 2421 1743 2438 ,
1779 2402 1820 2432 ut
1842 2393 1969 2432 editur.
2006 2395 2104 2433 Vide
2131 2395 2212 2434 Lib.
2237 2397 2265 2433 Ι.

181 2441 293 2478 Arm.
327 2446 364 2480 ὃς
396 2444 579 2492 Gryphius
602 2459 609 2481 :
640 2444 788 2493 squillas
819 2444 966 2491 optimas
987 2446 1101 2491 egerit.
1156 2445 1190 2483 Si
1256 2440 1362 2488 Epist.
1384 2442 1430 2477 V.
1455 2444 1493 2480 &
1516 2443 1621 2480 XIV.

180 2492 323 2540 squillae
344 2495 763 2540 margaritae‚succinum
778 2503 838 2530 aut
862 2495 928 2531 alia
951 2494 1190 2531 eiectamenta
1284 2544 1286 2546 .
1306 2503 1322 2536 7
1354 2494 1543 2530 Iucundius
1579 2495 1668 2532 mihi
1692 2493 1843 2544 potuit-‘l
1872 2494 2062 2534 Mediceus
2084 2499 2123 2536 δε
2145 2499 2182 2535 in
2205 2497 2266 2535 In-

181 2543 290 2580 maris
322 2541 475 2586 forent,
513 2555 589 2581 non
622 2546 896 2593 improbarem:
926 2554 1022 2580 nunc
1034 2543 1191 2592 suggerit
1255 2541 1334 2578 dice
1366 2542 1529 2580 Riccard.
1562 2556 1584 2579 a
1616 2555 1648 2581 te
1681 2546 1769 2583 mihi
1790 2545 1974 2584 iucundius
1987 2548 2265 2598 potuitsquem

183 2591 286 2641 plane
297 2591 492 2638 legendum
506 2593 565 2630 est.
590 2595 715 2631 Oxon.
738 2597 775 2632 ὃ(
798 2593 1049 2630 Helmstad.ex
1076 2593 1192 2632 uillas.
1256 2591 1423 2629 ordinem
1447 2592 1589 2633 restitui.
1617 2594 1770 2633 Comi-z.

235 2653 254 2690 3
286 2642 565 2680 Mediterraneas
595 2647 714 2693 copias
741 2642 936 2692 praestat.]
978 2643 1042 2680 Mc
1071 2645 1191 2682 iceus:
1305 2642 1325 2679 8
1356 2642 1597 2690 Dulciffimam
1619 2645 1812 2695 aetatem]
1844 2645 2150 2686 Adolescentiam.
2179 2650 2263 2687 CA-

190 2691 455 2729 mediterraneas
477 2696 632 2741 optimas
652 2693 802 2740 praestat
818 2722 827 2737 ,
855 2693 957 2742 quod
972 2694 1190 2732 vocabulum
1258 2706 1279 2730 τ
1295 2705 1315 2727 Α
1332 2705 1366 2729 Ν.
1396 2694 1562 2732 Similiter
1584 2695 1768 2733 Minucius
1791 2697 1861 2734 Fel.
1886 2698 2019 2735 Οὲὶαν.
2041 2710 2116 2748 cap.
2130 2699 2265 2738 I.Con—

189 2749 234 2775 ex
256 2740 430 2788 superiore
453 2744 555 2781 versu
579 2743 719 2781 decidit.
772 2745 883 2791 Supra
916 2756 948 2781 n.
974 2744 1031 2781 26.
1064 2755 1191 2782 ceteras
1255 2742 1450 2780 tabernalis
1473 2747 1675 2782 memoriam
1699 2747 1905 2795 recensenti,
1932 2758 2039 2785 tanta
2061 2749 2201 2787 dulcedo
2220 2759 2265 2790 θ’

193 2790 307 2841 copias
327 2790 480 2840 Ostiensis
502 2793 631 2831 colonia
647 2793 808 2842 'praestan
839 2794 920 2831 Lib.
944 2794 970 2832 Ι.
993 2793 1102 2843 Epist.
1125 2794 1192 2832 IV.
1254 2794 1402 2838 adsec'lio
1435 2793 1584 2832 bominis
1615 2794 1764 2839 inhaesit
1798 2825 1809 2841 ,
1845 2810 1886 2835 ut
1915 2798 1980 2848 ipse
2009 2800 2263 2848 quodammodo

196 2843 300 2887 Plsmc.
323 2841 510 2886 Quantum
534 2845 720 2892 copiarum
735 2845 771 2880 in
785 2843 991 2880 Ocriculano
1005 2873 1014 2889 ,
1042 2845 1078 2881 in
1094 2849 1191 2882 Nar·
1254 2843 1341 2879 mihi
1363 2844 1502 2882 viderer
1524 2846 1561 2882 in
1579 2847 1769 2895 praeterita
1790 2848 1921 2886 redire..
1948 2849 2099 2887 But-rii.
2121 2849 2263 2889 Eadem

200 2894 296 2920 ΝΜ*
316 2913 326 2929 ι
350 2890 386 2923 in
406 2892 600 2939 Carsulano
623 2922 632 2938 ,
660 2895 697 2930 in
726 2893 888 2943 Peruflno
911 2905 968 2931 tuo
994 2923 1004 2937 ‚
1032 2894 1071 2933 in
1092 2901 1189 2932 Nar-
1254 2894 1406 2931 Minucii
1428 2895 1586 2934 laudavit
1607 2896 1651 2935 ad
1670 2896 1732 2934 ista
1757 2898 1948 2937 Claudiani
1971 2899 2038 2937 IV.
2062 2901 2143 2938 Cos.
2158 2901 2261 2939 Hori,

232 2115 351 2163 Aspice
373 2125 477 2162 quam
499 2111 595 2160 longo
617 2109 789 2148 distendat
803 2110 933 2159 pcffore
956 2109 1090 2148 lancem
1104 2141 1114 2157 ‚

231 2168 332 2215 Qae
348 2166 468 2210 fertur
488 2162 624 2198 domino
636 2160 770 2210 squilla
784 2187 794 2205 ,
822 2171 864 2200 ev·
885 2160 1007 2209 quibus
1033 2164 1187 2213 undique

205 2931 306 2979 ’'imfi
325 2948 402 2974 vero
421 2941 525 2977 etiam
549 2943 737 2981 balineum.
1257 2955 1304 2981 vs.
1330 2958 1414 2992 400.

210 2992 270 3048 ,Α
296 2980 385 3039 Eun}
416 2989 480 3045 tibi·
507 2994 627 3047 uideor
658 2993 1075 3044 incolere...seceſjum.]
1107 2996 1188 3034 Me-

201 3038 341 3067 2-10205‘·
365 3043 437 3074 mm
456 3039 517 3079 nbc
536 3044 666 3082 videor.
691 3045 825 3082 Probo.
856 3044 931 3083 iam
951 3046 970 3084 i.
996 3046 1187 3097 postquam
1304 3064 1365 3077 —
1417 3047 1564 3088 Latium
1584 3059 1676 3088 retro
1702 3059 1734 3088 re
1753 3050 1868 3097 confer
1888 3051 1926 3090 in
1946 3063 2086 3091 aevum.

1638 3100 1674 3150 Y,
2219 3105 2278 3143 Se·
