2616 3686
309 203 401 239 222

557 146 1637 236 C.PL1N11‘CAE³.C”1L⁸11
1705 174 2216 228 securint

311 254 327 278 ¹
365 259 618 326 Fannia.)
656 272 738 312 tot
777 258 919 312 circa
955 273 1043 310 me
1074 254 1222 325 jaffls
1245 254 1261 272 ²
1287 249 1597 308 fulminibus
1623 249 1768 321 quasi
1798 250 2092 332 ambustus,
2129 254 2259 309 mihi
2284 271 2423 326 quo-

313 350 421 404 que
444 331 757 402 impendere
783 330 929 384 idem
960 329 1184 382 exitium
1210 326 1373 381 certis
1397 322 1710 398 quibusdam
1736 336 1877 374 notis
1913 339 2213 392 augurarer.
2290 328 2448 383 Non·

313 407 441 460 ideo
468 418 646 458 tamen
674 403 688 428 ³
715 403 934 456 nimiam
963 402 1189 472 gloriam
1216 395 1460 454 meruiss'e
1497 412 1614 458 me,
1656 394 1826 471 utille
1853 394 2123 462 praedicat
2149 436 2165 460 ,
2217 400 2419 456 credo:

316 477 403 531 sed
429 481 446 505 ⁴
473 473 945 545 tantum-eflugiss'e
971 472 1252 542 flagitium.
1319 471 1459 523 Nam
1485 469 1536 520 &
1563 474 1577 500 ³
1604 464 1669 520 C.
1687 466 1999 545 Mui'onium
2015 465 2256 523 socerum
2271 470 2426 540 ejus,

315 562 574 619 quantum
603 549 808 601 licitum
833 546 906 598 est
929 562 1023 614 per
1049 556 1275 596 aetatem
1295 580 1312 604 ,
1347 538 1365 561 ⁶
1389 557 1515 594 cum
1540 538 1893 591 admiratione
1917 537 2081 591 dilexi
2110 576 2127 601 ,
2179 540 2231 592 &
2263 547 2425 597 Arte-

315 620 588 675 midoruin
615 621 784 689 ipsum
807 617 911 683 jam
943 629 1089 676 tum,
1127 630 1250 666 cum
1278 614 1329 666 in
1359 613 1506 682 Syria
1532 610 1774 664 tribunus
1819 610 2098 663 militarem
2123 649 2139 672 ,
2175 613 2311 665 arcia
2347 614 2425 668 fa-

315 694 615 747 miliaritate
644 690 960 760 complexus
984 687 1126 741 sum:
1153 684 1320 764 idque
1349 685 1582 753 primurn
1609 680 1912 736 nonnullius
1939 681 2133 736 indolis
2159 683 2285 737 dedi
2310 685 2424 755 spe-

315 766 493 819 cimen
518 802 534 828 ,
586 762 736 834 quod
773 762 947 815 virum
985 772 1073 812 aut
1108 757 1398 828 sapientem
1426 792 1442 818 ,
1489 768 1578 808 aut
1603 755 1908 824 proximum
1937 791 1954 817 ,
1994 754 2424 829 simillimumque

315 961 407 1002 infra
440 961 521 999 Lib.
555 960 616 999 IX.
650 959 760 1010 Epist.
794 959 900 997 XIII.
934 959 973 996 δε
1009 956 1054 995 de
1087 963 1204 995 matre
1234 956 1341 995 huius

314 1013 455 1053 Arriae
478 1011 570 1050 infra
592 1013 625 1049 li.
646 1012 667 1047 l.
691 1010 798 1060 Epist.
823 1010 930 1048 XVI.

374 1074 389 1100 1
423 1062 608 1112 Fannia]
640 1062 747 1100 Duae
772 1061 944 1105 fuerunt,
972 1072 1046 1097 una
1069 1069 1163 1108 quae
1188 1058 1231 1096 C.
1256 1057 1343 1113 Ma-

317 1115 413 1152 rium
446 1121 594 1162 captum
623 1112 720 1161 juss'u
752 1109 1066 1150 Minturnensium
1111 1109 1264 1147 detinuit
1303 1120 1339 1145 in

316 1163 457 1208 domo,
483 1164 599 1202 altera
624 1162 806 1202 Thraseae
829 1165 868 1201 &
891 1163 1020 1200 Arriae
1057 1159 1128 1199 filia
1159 1159 1340 1198 Helvidio

317 1213 530 1262 desponsata
544 1243 555 1259 ,
575 1225 670 1263 quae
693 1214 745 1252 bis
768 1215 942 1252 maritum
966 1213 1085 1250 secuta
1107 1212 1146 1249 in
1169 1210 1336 1254 exilium,

316 1266 426 1303 tertio
449 1263 519 1314 ipsa
538 1274 686 1314 propter
709 1265 883 1302 maritum
905 1263 1058 1311 relegata
1082 1260 1142 1299 est.
1185 1262 1340 1298 CATAN.

368 1328 391 1353 2
419 1314 684 1364 Fulminibus.]
714 1316 900 1364 Suppliciis
924 1314 1102 1352 violentis.
1131 1311 1240 1348 Hanc
1262 1322 1341 1348 rem

316 1367 431 1414 tangit
456 1367 493 1404 in
516 1365 588 1403 fine
611 1367 823 1415 panegyrici
843 1377 872 1402 c.
908 1364 990 1403 XC.
1031 1368 1225 1412 Utrumque
1249 1390 1260 1406 ,
1287 1362 1343 1399 in-

317 1417 398 1466 quit
411 1445 422 1461 ‚
450 1415 604 1463 nostrum
626 1415 684 1453 ille
703 1417 825 1465 optimi
846 1415 1007 1464 cujusque
1019 1412 1189 1462 spoliator
1210 1423 1345 1451 ἐνεαν-

320 1467 418 1514 mfex
435 1465 609 1515 stragibus
631 1466 824 1503 amicorum
847 1466 886 1502 in
915 1466 1119 1514 proximum
1142 1464 1239 1513 jaffio
1263 1463 1345 1510 fiol-

321 1517 414 1556 mine
436 1517 639 1573 (afflaverat.
679 1517 795 1554 IDEM.
820 1515 922 1555 Vide
945 1515 1164 1554 Gevartium
1186 1514 1233 1553 ad
1246 1514 1347 1553 Statii

322 1566 390 1605 111.
416 1568 499 1607 Srlv.
522 1567 591 1606 111.
615 1579 666 1606 vs.
692 1567 772 1616 158.

370 1688 442 1699 —
469 1668 666 1706 attonitum
689 1679 733 1707 θ’
755 1668 902 1706 venturi
926 1667 1087 1705 fulminis
1109 1667 1218 1704 inum

376 1725 590 1756 Horrentem
604 1747 615 1764 ,
641 1721 783 1757 tonitru
805 1729 954 1755 tantum
970 1716 1143 1767 „lenique
1162 1715 1310 1767 procella

375 1775 574 1808 Contentus
594 1768 759 1820 monuiffe
776 1770 907 1818 senem.

323 1869 610 1960 &lipofitionem
631 1870 788 1911 similem
810 1869 970 1911 vidimus
991 1869 1090 1919 apud
1114 1869 1253 1908 Lucan.
1267 1868 1349 1908 Lib.

406 1951 414 1959 .
443 1933 495 1960 vs.
524 1933 606 1972 134.
1280 1945 1286 1949 -

377 2022 463 2062 Tot
482 2036 602 2061 rerum
616 2022 740 2071 finem.

377 2137 398 2175 3
426 2123 614 2163 Eximiam
630 2123 783 2174 gloriam
805 2121 1000 2172 meruiffi.]
1030 2121 1223 2160 Mediccus
1248 2135 1256 2159 :
1296 2122 1351 2159 ni-

326 2177 440 2215 miam
457 2175 608 2224 gloriam
622 2203 632 2220 ‚
660 2176 802 2223 optime
818 2201 828 2217 ‚
854 2172 881 2211 fi
904 2173 1108 2210 consideres
1122 2201 1132 2218 ‚
1161 2172 1265 2222 quod
1286 2172 1347 2210 ad-

328 2226 402 2270 dit,
427 2236 470 2263 ut
490 2225 549 2263 ille
566 2226 758 2276 praedicat.
805 2224 860 2262 Ita
882 2225 982 2262 enim
1005 2223 1119 2261 solent
1141 2222 1348 2272 praedican-

327 2284 381 2316 tes
401 2304 412 2321 ,
453 2284 495 2327 ut
535 2277 735 2326 Pompeius
778 2274 876 2324 apud
924 2274 1065 2312 Lucan.
1116 2274 1198 2312 Lib.
1244 2275 1350 2312 V111.

331 2338 383 2367 vs.
412 2338 496 2377 139.

382 2434 461 2466 Heu
482 2429 641 2467 nimium
666 2427 753 2467 felix
773 2438 914 2466 aeterno
941 2426 1078 2464 nomine
1100 2426 1247 2464 Lesbos!
1311 2456 1313 2458 .

333 2529 373 2566 &
405 2528 511 2566 nimis
543 2537 652 2578 atque
685 2529 833 2567 nimium
866 2541 907 2566 ea
931 2535 1048 2565 aetate
1073 2555 1084 2572 ,
1122 2538 1189 2576 pro
1211 2528 1356 2574 mult0‚

332 2579 460 2627 insigni
493 2581 531 2617 &c
565 2580 756 2618 excellenti
780 2609 790 2625 ‚
819 2579 1093 2628 frequentatum
1115 2576 1185 2615 effe
1207 2605 1219 2623 ‚
1247 2581 1359 2627 pluri-

331 2630 397 2667 bus
419 2629 615 2668 ostendunt
636 2637 748 2668 notae
770 2631 814 2668 acl
838 2631 977 2667 Lucan.
1002 2629 1082 2666 Lib.
1106 2627 1174 2665 IV.
1197 2639 1250 2667 vs.
1271 2631 1355 2679 695.

338 2681 424 2718 Coa
434 2694 496 2719 TE.

387 2745 411 2778 4
437 2737 617 2776 Tantum,
645 2730 745 2780 eya]
778 2731 837 2769 Ne
858 2732 1020 2768 amicum
1043 2730 1086 2767 ab
1109 2729 1280 2767 omnibus
1292 2730 1356 2768 de-

339 2781 503 2818 relictum
526 2784 561 2819 in
582 2783 785 2821 calamitate
800 2811 810 2827 ‚
838 2784 877 2820 ὅ(
896 2782 967 2830 ipse
1005 2781 1238 2829 negligerem.
1293 2782 1356 2819 An

339 2841 486 2867 tantum
510 2859 520 2874 ,
557 2832 730 2871 duntaxat
753 2833 768 2870 ?
807 2834 840 2871 C
855 2846 876 2869 A
891 2845 913 2870 T
929 2846 948 2869 A
963 2845 999 2869 N.
1025 2830 1204 2869 Posterius
1226 2842 1356 2870 verum

344 2878 402 2917 est.
425 2879 537 2915 Arm..
559 2892 680 2918 tamen
695 2911 704 2925 ‚
732 2885 845 2921 obvio
867 2883 977 2930 lapsu.

392 2940 411 2976 ς
443 2933 483 2964 C.
507 2930 753 2978 Musonium.]
783 2938 826 2968 C.
851 2933 1034 2978 Musonius
1056 2934 1164 2978 Rufus
1185 2961 1196 2976 ‚
1221 2943 1357 2981 genere

343 2978 510 3021 Tuscus,
537 2978 704 3026 equestris
730 2980 863 3017 ordinis
889 3007 898 3022 ,
926 2981 1080 3018 studium
1108 2984 1357 3032 philosophiae

346 3031 386 3069 &
407 3031 615 3067 Stoicorum
640 3030 765 3075 placita
788 3030 987 3066 aemulatus
1013 3058 1022 3074 ‚
1061 3034 1098 3067 &
1119 3034 1288 3070 Plautum
1309 3032 1355 3070 ad

345 3078 582 3119 constantiam
619 3079 744 3117 mortis
781 3080 943 3117 hortatus
965 3105 977 3122 ,
1023 3079 1134 3119 studia
1167 3085 1351 3132 juvenum

2352 831 2429 884 sa-

1407 952 1606 1004 praeceptis
1637 949 1827 999 sapientiae
1869 950 2030 990 fovebat.
2080 952 2184 991 Bello
2226 954 2427 995 Vitelliano

1408 1006 1533 1053 legatis
1555 1002 1601 1040 ad
1625 1001 1835 1038 Antonium
1858 1000 1893 1039 se
1915 1002 2055 1040 miscuit
2081 1031 2091 1047 ‚
2120 1006 2158 1042 ὃ(
2181 1006 2218 1042 in
2238 1005 2430 1045 Publicum

1413 1057 1583 1093 Celerem
1598 1081 1608 1097 ‚
1636 1063 1713 1101 quo
1736 1051 1887 1089 Baream
1915 1052 2096 1090 Soranum
2121 1082 2131 1098 ,
2161 1053 2246 1092 falso
2268 1058 2433 1096 testimo-

1411 1109 1474 1144 nio
1495 1107 1788 1144 circumventum
1811 1103 2004 1151 arguebat,
2031 1103 2196 1142 invetstus
2218 1105 2274 1143 est.
2315 1109 2435 1147 Miror

1409 1156 1558 1194 Suidain
1591 1153 1732 1191 tradere
1777 1154 1981 1194 Musonium
2023 1156 2227 1203 Capitonem
2264 1155 2436 1198 Tuscum

1408 1219 1453 1244 ex
1478 1205 1618 1256 oppido
1641 1202 1812 1240 Vulsinio
1837 1204 2067 1242 dialceticum
2092 1205 2130 1242 ὃς
2153 1206 2318 1244 Stoicum
2354 1210 2437 1258 phi.

1402 1257 1597 1306 losophum
1624 1254 1815 1302 Apollonii
1839 1255 1989 1302 Tyaiiei
2006 1255 2244 1302 familiarem,
2272 1269 2435 1307 quorum

1406 1308 1566 1346 invicem
1591 1306 1720 1344 multas
1744 1313 1866 1342 extare
1880 1305 2044 1353 epistolas
2059 1334 2070 1350 ,
2093 1315 2242 1354 propter
2259 1312 2435 1356 arguendi

1406 1358 1610 1396 libertatem
1632 1356 1814 1394 summam
1839 1367 1859 1391 a
1884 1355 2038 1394 Nerone
2054 1357 2313 1396 interfeffitum:
2344 1372 2431 1399 cum

1407 1408 1638 1446 Philostratus
1661 1407 1742 1444 Lib.
1767 1405 1814 1442 ΙΙ.
1837 1406 2039 1454 prodiderit
2063 1408 2268 1455 Musonium
2304 1410 2341 1447 in
2377 1412 2434 1448 in-

1407 1458 1478 1496 sula
1513 1460 1641 1507 Gyaro
1674 1457 1873 1504 relegatum
1911 1455 2029 1495 fecisse
2056 1456 2200 1495 fontem
2216 1488 2226 1504 ,
2247 1459 2292 1496 ad
2317 1472 2432 1509 quein

1409 1520 1541 1547 omnes
1574 1506 1712 1546 visendi
1744 1506 1845 1543 causa
1879 1507 2154 1545 concurrebant.
2211 1510 2288 1548 Aut
2326 1513 2433 1558 igitur

1408 1569 1532 1609 aperte
1582 1557 1790 1597 dissentiunt
1839 1557 1932 1594 inter
1968 1557 2003 1594 se
2026 1585 2036 1602 ,
2075 1567 2137 1596 aut
2175 1559 2292 1607 plures
2331 1562 2435 1600 fuere

1412 1611 1569 1659 Mufimii
1591 1637 1602 1653 ‚
1640 1607 1743 1658 quod
1781 1618 1826 1645 ex
1848 1607 2008 1649 Philostr.
2035 1609 2114 1646 Lib.
2140 1610 2204 1647 IV.
2229 1612 2267 1648 δε
2291 1622 2336 1649 ex
2358 1611 2436 1649 Eu-

1413 1661 1484 1699 seb.
1509 1660 1703 1701 Chronicis
1724 1657 1872 1695 constat.
1894 1658 2069 1703 ,ΕΜ-ΑΝ.
2097 1660 2160 1698 De
2186 1661 2343 1709 Mufimio
2359 1662 2436 1700 Ta-

1413 1713 1469 1750 cit.
1492 1711 1557 1749 111.
1583 1709 1674 1748 Hist.
1700 1720 1776 1757 cap.
1800 1705 1978 1745 LXXXI.
2018 1708 2208 1749 Mediceus
2240 1717 2280 1749 G.
2316 1715 2438 1762 Muso-

1414 1763 1515 1800 nium
1550 1761 1666 1800 scribit
1699 1771 1763 1809 per
1797 1763 1841 1796 G.
1873 1768 1915 1796 ut
1944 1759 2059 1797 solent
2097 1761 2310 1801 vetustiores
2344 1763 2434 1803 libri.

1412 1811 1512 1850 Voff
1550 1814 1602 1860 9,.-
1629 1809 1831 1860 Mufimium
1864 1818 2000 1854 vocat,
2027 1821 2073 1848 ex
2096 1822 2168 1860 qua
2200 1821 2289 1851 nota
2321 1813 2436 1853 Arnz.

1413 1865 1536 1914 inepte
1569 1864 1677 1900 iecit:
1706 1859 1809 1911 quod
1832 1861 2039 1910 Musonium
2061 1875 2073 1905 ;
2105 1861 2233 1900 Oxon.
2265 1864 2437 1904 omnibus

1415 1915 1542 1952 litteris
1563 1914 1741 1962 Qintum
1767 1912 1980 1961 Musonium.

1465 1965 1487 2001 6
1516 1966 1615 2002 Cum
1637 1963 1879 2001 admiratione
1901 1962 2052 2012 duma]
2081 1963 2256 2012 Optimus
2280 1979 2288 2002 z
2317 1966 2439 2003 eadem
2514 1960 2521 1964 ”

1413 2015 1548 2053 ratione
1580 2014 1689 2054 dilexi
1715 2043 1725 2059 ‚
1763 2012 1867 2063 quod
1899 2024 1977 2050 non
2009 2015 2134 2062 placet.
2191 2016 2267 2063 Qui
2287 2027 2440 2065 magnos

1415 2067 1511 2104 viros
1545 2076 1606 2104 aut
1637 2066 1812 2115 sapientes
1859 2063 2040 2101 setstantur
2061 2092 2071 2107 ‚
2108 2065 2171 2103 illis
2218 2068 2359 2116 propria
2387 2067 2438 2105 est

1413 2117 1608 2154 admiratio
1632 2145 1642 2161 ‚
1681 2127 1775 2166 quie
1810 2113 1856 2150 ad
1887 2115 2136 2152 imitationem
2172 2115 2304 2155 deinde
2327 2117 2439 2161 ducit.

1416 2168 1587 2205 Lucanus
1610 2167 1692 2205 Lib.
1715 2166 1779 2203 IX.
1802 2175 1853 2201 vs.
1876 2163 1960 2212 807,

1468 2269 1706 2319 Magnanimo
1724 2268 1844 2307 iuvem·
1857 2297 1869 2314 ‚
1896 2268 2134 2318 miratorique
2157 2269 2317 2307 catonis.

1416 2371 1491 2408 Ubi
1513 2369 1598 2408 vide
1621 2370 1842 2409 Scholiasten
1859 2369 2022 2408 nostrum
2045 2369 2260 2419 Xenophon
2282 2369 2348 2407 111.
2361 2367 2440 2432 Cfss

1419 2432 1591 2471 1'0p.pssg.
1607 2434 1685 2470 175.
1712 2421 1920 2464 Ἠσθημ-ἑνος
1945 2421 2090 2464 ‹to-215¹&
2111 2436 2186 2456 τινα
2205 2421 2304 2464 ἀντῷ
2321 2430 2432 2453 evur-

1421 2489 1465 2508 τοε
1480 2467 1543 2509 κα)
1562 2478 1976 2508 ΘΑΥΜΑΖΟΜΕΝΟΝ
1995 2470 2066 2506 ὀπὶ
2090 2474 2136 2508 vi?
2157 2462 2431 2515 Taygoimc&de

1421 2523 1556 2561 codem
1571 2534 1647 2571 pag.
1666 2523 1744 2561 188.
1763 2522 1832 2558 Καὶ
1846 2526 1888 2559 σά
1900 2522 2073 2565 procudam
2097 2518 2224 2557 ἐδόκεις
2239 2519 2431 2571 ,ΘΑΥΜιΑ-

1422 2578 1528 2610 ΖΕΙΝ
1544 2571 1655 2620 ἆορ-ὅν
1667 2602 1678 2618 ,
1693 2576 1730 2612 &
1741 2584 1820 2622 pag.
1837 2575 1917 2624 159,
1931 2572 2015 2608 “o-n
2025 2584 2084 2615 μοι
2096 2566 2206 2623 ε’δῖξιιει
2220 2580 2269 2598 τον
2281 2561 2354 2618 ε’μῇι
2366 2563 2431 2599 aab,

1420 2628 1530 2661 ποιεῖν
1548 2627 1652 2660 aare„
1668 2627 1806 2668 μᾶλλον
1820 2622 2119 2661 ΘΑΥΜΑΖΕΙΝ,
2130 2619 2148 2655 ἦ
2160 2614 2233 2658 ἑμέ-
2244 2612 2370 2650 Statius
2383 2613 2432 2651 V·

1423 2676 1507 2714 Silv.
1531 2675 1581 2714 II.
1605 2687 1657 2714 vs.
1678 2687 1734 2724 75.

1467 2798 1531 2807 —
1582 2797 1645 2807 —
1695 2787 1870 2825 aequaevo
1890 2764 2129 2819 cedet-efran?
2141 2791 2151 2806 ‚
2403 2817 2409 2823 ι

1470 2828 1663 2876 Mirarique
1679 2835 1817 2874 patrem
1838 2849 1850 2866 ,
1886 2821 2091 2867 miseraeque
2112 2814 2276 2863 ignoscere
2298 2828 2433 2862 mam,

1471 2877 1835 2922 Admonuitsortuna
1854 2871 1986 2907 domus.

1420 2977 1494 3014 Ubi
1516 2975 1601 3013 vide
1624 2973 1679 3010 Cl.
1703 2968 1960 3008 Marklandum
1982 2978 2061 3016 pag.
2084 2968 2165 3014 264.
2204 2967 2281 3016 Ipse
2302 2967 2435 3008 Plinius
2458 2975 2462 2978 ’

1421 3024 1581 3063 Lib.1v.
1604 3019 1636 3058 E
1664 3021 1710 3058 ist.
1735 3019 1837 3057 XVI.
1862 3031 1896 3055 n.
1921 3032 1951 3065 4.
1973 3021 2086 3067 {Quem
2108 3032 2162 3066 ego
2186 3030 2264 3055 cum
2288 3030 2333 3055 cx
2371 3019 2434 3057 ad-

1421 3074 1613 3114 miratione
1651 3069 1947 3120 iligerecoepffim
1962 3098 1974 3115 ‚
1998 3069 2110 3118 magis
2124 3069 2318 3106 admiratus
2330 3070 2434 3113 sum,

2349 3118 2440 3170 p0st:
