2616 3686
0 0 127 83 ΡΨ»

55 36 58 38 ,
85 27 91 38 ⁸.

15 51 54 68 N.

16 74 23 82 .

299 222 303 226 .
487 177 846 230 'LlssER
918 171 1915 228 VLEPISTOLAXXXI.
2138 189 2240 237 495¹

86 250 357 321 Jultion‘is3
397 249 487 307 sed
520 250 770 313 maritum
797 262 811 283 ¹
834 262 946 301 non
969 245 1077 300 fine
1100 243 1276 315 aliqua
1305 243 1713 314 reprehensione
1743 244 2058 312 patientiae,
2080 260 2227 298 amor

51 344 53 346 ·
97 326 284 384 uxoris
322 324 340 345 ²
375 321 720 380 retardabat:
773 335 935 391 quam
975 317 1200 390 quidem
1234 317 1394 370 etiam
1430 317 1549 386 post
1588 316 1824 369 delatum
1859 325 1874 351 ³
1906 315 2229 370 adulterium

97 398 248 455 dorni
284 397 545 453 habuerat
569 434 586 460 ,
631 390 774 467 quafi
813 402 1102 446 contentus
1137 401 1156 428 ⁴
1189 387 1460 443 aemulum
1498 385 1799 442 removiffe.
1879 386 2232 449 AdmonituS,
2274 407 2306 446 «ς

95 469 189 527 ut⁵
216 481 496 542 perageret
531 465 922 525 accusationem
949 499 966 524 ,
1005 461 1218 534 peregit
1243 460 1442 516 invitus
1471 482 1485 522 3
1526 459 1616 515 sed
1639 460 1777 514 illam
1806 456 2044 511 damnari
2069 460 2229 512 etiam

92 534 113 562 ⁴
146 544 319 599 invito
360 543 663 597 accusatore
696 535 906 593 necesse
934 549 1050 590 erat
1078 553 1090 589 :
1132 534 1414 596 damnata,
1455 532 1509 586 &
1542 531 1748 602 ’Juliae
1775 531 1905 601 legis
1929 530 2116 599 poenis
2142 546 2229 582 re-

95 613 214 670 licia
250 614 340 670 est.
413 613 431 641 ⁸
451 613 640 669 Caesar
667 611 719 666 δε
746 626 948 665 nornen
977 608 1342 670 centurioniS,
1383 605 1439 659 ὅτ
1467 603 2050 660 commemorationem
2076 601 2231 655 disci-

96 689 269 760 plinae
295 688 527 742 militaris
556 684 846 740 sententiae
874 698 893 725 ⁹
920 681 1147 751 adjecit,
1173 696 1242 734 ne
1267 695 1454 733 omnes
1484 676 1749 748 ejusmodi
1774 674 1949 734 causas
1973 691 2230 729 revocare

99 760 167 816 ad
197 760 247 816 se
274 759 562 817 videretur.
634 754 838 813 Tertio
866 753 956 810 die
983 753 1202 812 industa
1228 751 1474 824 cognitio
1500 752 1604 816 est,
1641 749 1822 807 multis
1864 745 2229 874 Γετωοηίὺυὲἑ

1240 999 1268 1035 ’4
1297 986 1495 1027 „aemulum
1518 984 1706 1035 removisse.
1732 984 1748 1034 ]
1790 984 1943 1023 Mitiore
1967 981 2149 1020 vocabulo
2170 981 2229 1020 aess

131 994 165 1036 ἰ
194 1001 274 1035 Non
297 993 372 1047 fine
402 991 694 1048 reprehensione]
730 994 904 1035 Criminis
921 993 1121 1038 lenocinii,
1471 1040 1476 1044 -

1191 1039 1332 1078 mulum
1353 1039 1429 1077 five
1451 1039 1603 1077 rivalem
1628 1043 1759 1083 vocat,
1787 1046 1900 1085 quem
1924 1034 2129 1073 adulterum
2162 1034 2227 1072 de·

97 1045 249 1086 Severus
272 1048 310 1086 &
333 1048 545 1087 Antoninus
567 1048 836 1099 Imperatores,
863 1047 1010 1085 Crimen
1031 1045 1123 1082 leno-

96 1098 179 1136 cinii
209 1099 425 1137 contrahunt
450 1129 460 1145 ‚
498 1101 561 1149 qui
589 1098 849 1149 deprehensam
884 1100 921 1136 in
944 1095 1122 1135 adulterio

98 1158 252 1187 uxorem
288 1150 324 1187 in
363 1151 604 1194 matrimonio
642 1152 878 1188 retinuerunt.
931 1147 1124 1186 Marcellus

100 1198 145 1236 ad
155 1199 272 1248 legem
285 1200 416 1246 Juliam
437 1201 483 1240 de
504 1201 709 1246 adulteriis,
738 1203 776 1239 &
796 1199 940 1248 stupro:
968 1198 1123 1241 Mariti,

98 1246 306 1304 fenocinium
330 1250 383 1289 lex
407 1252 551 1290 coercuit
576 1280 587 1297 ,
625 1251 684 1302 qui
709 1250 955 1300 deprehensam
979 1262 1124 1286 uxorem

95 1300 330 1357 naa-adulterio
364 1302 512 1341 retinuit
535 1332 544 1349 ‚
582 1302 856 1351 adulterumque
877 1299 1034 1350 dimisit:
1066 1300 1126 1337 de—

97 1348 173 1406 buit
205 1353 304 1391 enim
334 1355 441 1391 uxori
475 1365 628 1403 quoque
666 1354 786 1398 irasci,
816 1364 909 1400 quae
933 1353 1127 1390 matrimo-

97 1409 200 1458 nium
226 1404 303 1450 ejus
327 1403 490 1442 violavit.
520 1405 676 1442 Cum.
705 1402 968 1453 Reprehenfione
991 1402 1127 1450 patien-

96 1451 209 1500 θαι]
237 1454 381 1490 Portius
404 1454 520 1491 Latro
540 1454 637 1502 apud
660 1456 837 1492 Senecam
865 1453 948 1490 Lib.
963 1453 1010 1490 II.
1025 1454 1126 1489 Con-

99 1502 248 1540 trovers.
276 1503 360 1539 XV.
388 1506 612 1552 §Quanquam
645 1519 679 1541 eo
703 1502 856 1553 ‘prolapsi
888 1516 996 1540 mores
1014 1503 1128 1550 sunt,

96 1563 141 1590 ut
164 1566 261 1590 nemo
284 1554 333 1590 ad
347 1552 559 1602 suspicanda
582 1553 762 1591 adulteria
790 1552 937 1589 nimium
970 1552 1128 1590 credulus

103 1602 217 1640 videri
245 1604 342 1652 poffit
366 1631 376 1647 ‚
417 1614 539 1641 tamen
571 1617 626 1651 ego
656 1604 738 1641 adeo
768 1602 864 1651 longe
892 1602 936 1638 ab
969 1616 1002 1640 eo
1036 1603 1127 1640 vitio

94 1653 231 1703 semper
246 1654 330 1700 sui,
358 1664 398 1690 ut
421 1654 531 1692 etiam
555 1653 701 1691 timeam
722 1682 733 1698 ,
771 1666 811 1690 ne
831 1652 906 1700 quis
925 1652 963 1689 in
985 1666 1039 1689 me
1062 1664 1127 1690 aut

103 1703 251 1741 nimiam
273 1705 509 1752 patientiam,
537 1715 602 1741 aut
624 1704 778 1742 nimium
793 1702 964 1753 stuporem
987 1715 1130 1751 arguat.

101 1754 160 1793 Sic
183 1757 221 1793 &
244 1755 492 1793 Tertullianus
515 1754 560 1792 de
582 1756 752 1802 patientia
774 1765 852 1803 cap.
884 1754 950 1791 ult.
998 1754 1128 1803 ltaque

99 1807 250 1854 proprio
283 1806 466 1844 vocabulo
499 1807 736 1845 conniventia
757 1805 971 1842 maritorum
988 1832 998 1849 ,
1028 1806 1066 1842 &
1089 1806 1125 1842 in

100 1853 260 1893 ferendis
291 1856 460 1895 adulteris
498 1856 644 1895 facilitas
667 1886 677 1902 ‚
709 1856 883 1906 patientia
915 1855 1125 1893 vocabatur.

102 1902 162 1940 Ex
194 1917 270 1952 quo
300 1907 397 1943 idem
432 1907 537 1943 Pater
568 1907 802 1957 Apologetici
835 1917 908 1954 cap.
942 1905 1123 1944 XXXIX.

106 1957 239 1991 omnia
273 1956 457 2004 indiscreta
480 1955 571 2004 sunt
599 1958 691 2007 apud
721 1971 779 1996 nos
816 1966 953 2006 praeter
986 1969 1124 1995 uxores.

108 2010 150 2040 In
173 2004 230 2060 isto
253 2005 317 2042 loco
340 2007 545 2056 consortium
556 2008 755 2056 fhlvimus,
782 2008 818 2045 in
840 2021 905 2058 quo
920 2007 993 2057 solo
1023 2010 1124 2046 ceteri
1151 2008 1155 2074 Ι

108 2054 263 2093 homines
295 2058 502 2102 confirrtium
530 2070 686 2097 exercent
709 2088 719 2104 ‚
748 2058 808 2110 qui
840 2071 908 2095 non
930 2060 1123 2096 amicorum

103 2104 321 2158 filumrnodo
339 2108 570 2145 matrimonia
591 2110 764 2160 usurpant
778 2139 788 2153 ,
809 2110 872 2158 sed
892 2120 934 2148 ω’
952 2109 1020 2157 sua
1036 2111 1126 2147 ami-

108 2167 153 2191 cis
177 2156 589 2198 PATIENTISSIME
606 2159 892 2209 subministrant.
918 2160 1127 2199 Boot-men.

108 2205 281 2246 Lucanus
307 2209 389 2249 Lib.
409 2209 496 2248 VII.
520 2222 570 2250 vs.
594 2223 650 2260 52.
778 2216 794 2229 ·

157 2328 230 2340 -
272 2331 344 2367 .--
389 2314 505 2364 segnis
525 2313 744 2364 pavidusque
767 2324 914 2351 vocatur

159 2365 219 2396 Ac
242 2365 389 2401 nimium
416 2368 551 2414 patiens
574 2364 685 2403 soceri
707 2366 893 2414 Pompeius.

113 2461 196 2500 vide
216 2463 259 2499 ad
284 2464 412 2503 Sallust.
433 2466 510 2515 lug.
534 2478 609 2516 cap.
632 2465 772 2505 xxxi.
794 2477 829 2502 n.
856 2477 888 2504 1.
930 2466 1047 2505 Redie
1067 2477 1133 2504 nu-

110 2519 186 2571 tem
209 2525 336 2553 monet
360 2518 568 2556 Buchnerus
582 2547 592 2561 ,
621 2517 822 2566 singulatim
836 2515 880 2554 de
894 2519 1028 2555 maritis
1041 2517 1109 2555 dici
1128 2545 1138 2563 ‚

115 2575 178 2614 qui
198 2564 378 2604 adu'teros
398 2568 488 2606 ferre
513 2568 679 2616 possunt:
710 2579 803 2616 quae
826 2568 997 2615 patientia
1022 2569 1130 2606 etiam

114 2615 211 2664 apud
233 2616 418 2655 Nostrates
439 2620 635 2667 proverbio
658 2619 868 2656 celebratur.

167 2668 489 2722 2-Retardabat.]
529 2670 589 2707 Ab
619 2669 856 2707 accusatione.
899 2668 1136 2706 Domitianus

119 2713 289 2774 Equitem
324 2720 538 2756 Romanum
573 2720 623 2757 ob
653 2718 839 2758 reductam
874 2720 910 2756 in
944 2721 1137 2756 matrimo-

112 2776 221 2805 ·mum
243 2779 398 2807 uxorem
423 2800 432 2816 ,
473 2772 529 2808 cui
555 2768 715 2808 dimissae
737 2769 900 2807 adulterii
923 2769 1061 2807 crimen
1085 2771 1138 2807 in-

112 2818 302 2864 tenderat,
333 2821 606 2859 condemnavit.
635 2822 788 2858 Cum.

175 2879 194 2917 3
223 2870 503 2919 Adulterium]
541 2873 757 2920 Papinianus
787 2870 832 2909 ad
862 2871 980 2917 legem
1004 2871 1135 2917 Juliam

115 2917 171 2955 *de
200 2919 374 2960 adulteriis
403 2925 440 2961 &
471 2921 623 2970 stupro:
666 2928 736 2959 Lex
769 2920 877 2965 Julia
906 2920 1064 2969 stuprum
1095 2931 1136 2959 v·

115 2966 337 3024 *adulterium
356 2974 539 3024 promifiue
559 2972 710 3022 appellat
726 3001 735 3017 ,
756 2972 819 3021 sed
837 2971 968 3020 proprie
999 2971 1137 3008 adulte-

128 3030 220 3053 rium
249 3031 286 3054 m
317 3031 459 3071 nuptam
489 3024 747 3068 committitur,
773 3031 908 3071 propter
925 3031 1070 3068 partum
1093 3035 1135 3061 ex

121 3066 238 3105 ¹altero
259 3079 448 3122 conceptum
470 3074 644 3126 compofito
667 3074 817 3115 nomine.
847 3073 961 3112 lnam.

1194 1091 1314 1129 bebat.
1339 1091 1549 1130 Euenum.

1247 1155 1266 1191 ς
1298 1138 1767 1190 Ρενιιὲενετὴεειιβαιίοηιηα.
1790 1135 1806 1186 ]
1847 1135 1902 1173 Ut
1930 1145 2086 1172 uxorem
2113 1135 2227 1172 Galit=

1191 1200 1268 1231 tam
1302 1191 1626 1231 condemnandam
1669 1195 1818 1227 curaret.
1872 1185 2033 1235 Peregiffe
2081 1196 2226 1232 autem,

1191 1251 1231 1282 ut
1254 1244 1322 1291 Jc.
1348 1244 1387 1282 ff.
1408 1239 1690 1294 quadragesimo
1710 1239 1848 1279 octavo
1869 1236 1915 1274 ad
1930 1237 2054 1284 legem
2067 1235 2114 1273 de
2125 1235 2228 1273 adul-

1193 1296 1289 1334 teriis
1320 1295 1436 1334 aflerit
1460 1324 1470 1339 ‚
1511 1307 1580 1332 non
1612 1290 1716 1330 aliter
1748 1291 1824 1341 quis
1865 1287 2012 1326 videtur
2035 1314 2046 1331 ‚
2087 1285 2154 1336 nisi
2182 1298 2227 1326 ω·

1195 1346 1497 1384 condemnaverit.
1525 1343 1709 1383 Adulterii
1732 1350 1859 1379 autem
1881 1337 2062 1376 accusatio
2076 1350 2121 1375 ex
2134 1349 2227 1376 con-

1192 1396 1293 1435 sensu
1325 1399 1356 1444 J.
1390 1396 1656 1434 Consultorum
1678 1393 1856 1440 imprimis
1879 1390 1924 1427 ad
1947 1389 2119 1426 maritum
2145 1401 2227 1436 per-

1192 1447 1306 1486 tinet:
1339 1449 1378 1486 &
1401 1448 1534 1485 marito
1552 1447 1635 1495 jure
1659 1444 1778 1481 mariti
1798 1440 1974 1478 accusanti
1998 1439 2042 1476 illi
2059 1439 2227 1487 praescri-

1194 1498 1271 1545 ptio
1294 1497 1485 1547 objicitur:
1515 1496 1541 1533 fi
1562 1498 1640 1544 lege
1660 1490 1855 1542 prodidisse
1876 1490 2014 1528 dicatur
2040 1517 2051 1534 ,
2081 1489 2130 1526 ob
2152 1491 2227 1528 hoc

1194 1547 1297 1595 quod
1332 1546 1513 1596 adgreflus
1540 1545 1815 1584 accusationem
1855 1541 2018 1579 adulterii
2061 1539 2227 1580 accusare

1195 1598 1360 1643 destitit,
1405 1600 1544 1648 quique
1569 1598 1606 1635 in
1636 1595 1814 1633 adulterio
1848 1590 2109 1641 deprehensam
2143 1593 2228 1630 reti-

1195 1651 1337 1694 nuerit,
1364 1651 1400 1686 in
1426 1660 1512 1686 eum
1533 1657 1654 1694 poena
1677 1645 1814 1682 statuta.
1842 1643 1958 1690 Cujus
1982 1649 2086 1679 metu
2108 1654 2226 1691 quan-

1193 1710 1305 1746 quam
1342 1700 1478 1737 invitus
1514 1697 1704 1735 Tribunus
1742 1704 1901 1732 uxorem
1937 1702 2039 1730 ream
2076 1696 2224 1742 peregit,

1200 1749 1396 1789 Caram

1241 1801 1264 1837 6
1295 1799 1416 1838 Invito
1451 1799 1661 1850 accusatore.
1685 1797 1702 1848 ]
1744 1798 1844 1836 Nam
1865 1793 2084 1833 adulterium
2109 1795 2225 1844 publi-

1192 1861 1278 1888 cum
1305 1852 1447 1890 crimen
1480 1851 1528 1889 est
1552 1879 1563 1896 ‚
1604 1853 1644 1890 &
1675 1848 1810 1898 reipub.
1850 1846 1951 1884 causa
1974 1845 2227 1883 constitutum.

1189 1898 1303 1940 Unde
1337 1913 1415 1940 non
1449 1903 1486 1941 in
1519 1913 1634 1939 manu
1661 1901 1781 1938 mariti
1815 1904 1889 1936 erat
1917 1897 1960 1933 ab
1991 1896 2221 1935 accusatione

1188 1951 1366 1992 desistere.
1410 1954 1556 1991 Verum
1580 1962 1764 2002 ponamus
1786 1949 1910 1998 aliquo
1935 1946 2015 1984 casu
2034 1946 2219 1993 destitisse,

1188 2003 1300 2041 alium
1325 2015 1495 2043 exercere
1517 2004 1605 2041 utile
1628 2011 1724 2041 erat:
1754 2012 1840 2038 nam
1866 2000 1904 2037 &
1925 2004 2025 2046 pater
2038 1997 2222 2036 adulterae

1189 2055 1228 2092 ὅ(
1251 2055 1309 2093 alii
1332 2055 1497 2093 accusare
1518 2061 1713 2103 poterant,
1743 2051 1768 2089 fi
1793 2052 1886 2101 prius
1910 2048 2117 2087 adulterum
2133 2061 2224 2086 con-

1188 2104 1427 2145 demnaffent.
1455 2105 1574 2143 IDEM.
1602 2105 1815 2143 Mediceus:
1839 2101 1898 2148 sed
1921 2101 2094 2137 damnari
2116 2101 2224 2138 etiam

1189 2156 1309 2196 invito
1329 2157 1529 2207 accusatore
1543 2186 1552 2202 ‚
1583 2155 1656 2194 fine
1677 2154 1907 2193 Pronomine
1928 2150 2043 2188 illam.

1242 2219 1261 2254 7
1292 2209 1416 2253 Juliae
1449 2207 1527 2256 legis
1556 2208 1671 2257 poenis
1704 2205 1823 2243 relicta
1860 2200 1949 2249 esb]
1991 2201 2053 2238 Ad
2078 2201 2223 2248 Legem

1188 2257 1324 2304 juliam
1357 2260 1403 2296 de
1432 2258 1614 2295 adulteriis
1638 2285 1648 2299 ‚
1676 2267 1772 2304 quae
1796 2254 1840 2290 ab
1865 2250 2030 2297 Augusto
2051 2252 2121 2288 lata
2146 2251 2221 2294 est,

1189 2310 1428 2358 Digestorum
1447 2308 1571 2345 titulus
1596 2306 1644 2344 cst
1667 2305 1746 2343 Lib.
1770 2301 1952 2340 XLVIII.
1975 2300 2023 2336 V.
2050 2302 2088 2338 ὃς
2122 2301 2220 2339 cod,

1193 2360 1274 2397 Lib.
1316 2360 1379 2396 IX.
1410 2358 1469 2395 sed
1501 2369 1625 2406 neque
1656 2356 1702 2393 ibi
1734 2365 1801 2391 nec
1831 2352 1906 2389 allis
1939 2351 2029 2388 locis
2062 2363 2219 2398 usqu-am

1192 2421 1312 2458 poena
1346 2408 1416 2457 ipsa
1449 2407 1575 2445 diserte
1606 2406 1830 2454 exprimitur.
1869 2402 1957 2439 Non
1980 2413 2092 2438 unam
2119 2401 2221 2440 fuisse

1191 2460 1354 2509 praesens
1388 2457 1496 2496 nostri
1523 2458 1624 2495 locus
1656 2456 1772 2504 arguit
1796 2468 1804 2490 ;
1843 2463 1885 2490 ac
1905 2452 1989 2490 inde
2013 2452 2116 2490 causa
2141 2464 2220 2490 non

1191 2511 1296 2548 unius
1327 2510 1521 2558 opinionis.
1575 2506 1644 2545 Sed
1676 2505 1815 2544 erudite
1847 2503 1950 2551 super
1973 2502 2038 2539 isto
2060 2505 2215 2551 negotio

1197 2562 1366 2609 Cujacius
1401 2560 1482 2597 Lib.
1516 2557 1585 2594 VI.
1618 2556 1809 2595 Observat.
1843 2566 1921 2602 cap.
1954 2553 2021 2590 XI.
2044 2556 2082 2591 &
2103 2554 2221 2601 Julius

1198 2612 1340 2661 Lipsius
1372 2610 1417 2648 ad
1449 2610 1516 2646 IV.
1551 2609 1686 2646 Annal.
1720 2607 1844 2645 Taciti
1871 2606 2093 2655 disputarunt
2121 2618 2129 2642 ι
2159 2606 2224 2654 qui

1196 2662 1416 2700 consulendi.
1446 2661 1654 2698 Euenum.

1245 2713 1266 2749 8
1295 2714 1429 2759 Caesar
1449 2722 1494 2749 ω’
1515 2723 1639 2747 nomen
1663 2707 1883 2747 Centuriom's
1907 2706 2006 2752 <5⁶ch
2038 2703 2222 2745 Tuendae

1196 2763 1399 2811 disciplinae
1423 2763 1580 2799 militaris
1602 2761 1745 2809 proptia
1772 2760 2005 2808 Imperatoris
2030 2766 2113 2795 cura
2146 2757 2215 2794 est:

1197 2826 1290 2863 quae
1329 2824 1415 2850 cum
1451 2812 1687 2850 Centurionis
1721 2810 1899 2847 adulterio
1932 2809 2068 2846 violata
2107 2805 2219 2852 esset,

1199 2867 1274 2914 ejus
1298 2865 1460 2912 cognitio
1482 2863 1528 2900 ad
1551 2861 1756 2911 Traianum
1780 2859 1990 2909 pertinebat.
2043 2857 2132 2894 Hoc
2154 2858 2223 2895 ita-

1196 2928 1267 2964 que
1291 2917 1326 2954 in
1349 2915 1520 2953 sententia
1536 2941 1546 2957 ,
1573 2925 1686 2962 quam
1708 2908 2220 2961 pronunciarat‚allegaverat

1195 2967 1408 3013 Traianus:
1456 2976 1501 3002 ne
1534 2975 1666 3001 omnes
1699 2963 1734 3000 in
1767 2961 1970 2999 universam
2002 2959 2219 3005 hujusmodi

1197 3018 1318 3055 causae
1341 3017 1420 3055 suae
1443 3015 1663 3063 cognitionis
1687 3012 1805 3050 facere
1828 3011 2024 3050 videretur.
2053 3010 2169 3048 IDEM.

1241 3081 1263 3117 9
1294 3067 1448 3120 Adfecit.
1470 3065 1486 3117 ]
1522 3063 1720 3113 Postquam
1739 3063 2002 3114 ,pronunciavit
2022 3062 2067 3102 de
2091 3060 2220 3114 suppli-

1505 3115 1646 3156 Nnn
2142 3119 2230 3153 Clo,
