2616 3686
330 207 433 280 ³86
589 202 1107 259 C.1’L1N11
1176 193 1692 249 cAnctctt
1762 170 2352 250 SECUNol'

330 306 428 365 per
462 288 753 342 continuos
793 283 907 339 dies
948 291 962 314 ¹
1000 281 1156 336 nimis
1195 279 1423 350 imperat
1465 276 1629 337 voci,
1670 275 1865 328 veteris
1890 273 2216 331 infirmitatis
2243 275 2484 340 tufficula

245 401 282 454 7
332 363 640 419 admonitus
670 400 685 425 ‚
721 357 895 415 rursus
932 356 1243 427 sanguinem
1280 350 1533 406 reddidit.
1612 347 1736 419 Qua
1775 366 1844 403 ex
1875 347 2024 401 causa
2074 346 2332 405 destinavi
2357 369 2484 409 eum

336 439 559 493 mittere
595 436 646 489 in
691 431 907 505 praedia
937 444 1026 483 tua
1052 467 1075 496 „
1106 443 1242 497 quae
1271 437 1285 454 ²
1306 423 1565 494 Forojulii
1591 421 1843 495 possideS.
1863 421 2044 476 audivi
2073 422 2217 476 enim
2250 438 2302 478 te
2331 424 2486 496 saepe

337 508 701 570 referentem,
732 507 745 533 ³
775 504 878 559 efl'e
902 502 975 558 ibi
1019 498 1075 556 &⁴
1120 516 1240 553 aera
1277 498 1567 559 salubrem,
1607 496 1659 551 δε
1688 500 1705 524 ⁴
1728 497 1806 550 lac
1830 492 2094 564 ejusmodi
2118 497 2490 557 curationibus
2536 546 2549 552 ,

251 605 282 656 3
338 578 975 639 accommodatissimum.
1053 573 1222 641 Rogo
1255 587 1389 642 ergo
1410 570 1602 625 scribas
1630 571 1732 625 tuis
1758 609 1773 633 ,
1824 582 1884 622 ut
1908 569 1980 622 illi
2006 570 2125 623 villa
2149 607 2166 633 ‚
2202 584 2259 625 ut
2287 570 2484 629 domus
2569 568 2575 581 ‘

251 665 256 669 .
338 669 551 729 pateat:
603 652 831 706 offerant
868 648 1028 702 etiam
1066 645 1361 714 sumptibus
1402 644 1512 714 ejus
1542 683 1559 708 ‚
1612 642 1646 696 fi
1681 642 1815 718 quid
1842 659 1975 714 opus
2004 643 2136 696 erit:
2178 644 2279 698 erit
2304 658 2487 702 autem

249 763 286 806 9
342 747 474 801 opus
502 725 736 781 medico,
766 722 840 776 est
863 722 1007 774 enim
1037 732 1144 772 tam
1172 733 1360 787 parcus
1389 717 1444 770 &
1472 716 1787 781 continens,
1826 732 1884 770 ut
1914 732 2024 769 non
2053 716 2220 770 solum
2236 717 2490 784 delicias,

340 817 527 858 verum
571 799 730 851 etiam
767 792 1103 848 necessitates
1143 789 1462 844 valetudinis
1494 789 1797 860 frugalitate
1825 789 2142 860 restringat3
2184 794 2197 821 ⁵
2228 806 2333 860 ego
2359 793 2490 863 prod*

337 871 594 934 ficiscenti
618 881 828 941 tantum
855 866 1036 922 viatici
1060 862 1201 922 dabo
1223 902 1240 930 ,
1279 874 1543 936 quantum
1565 861 1793 920 sufficiat
1816 863 1970 919 eunti
1992 864 2050 919 in
2068 877 2178 947 fua.
2217 863 2369 919 Vale,

2339 1094 2488 1153 XX.

333 1246 441 1289 mica
489 1247 550 1285 vel
594 1247 665 1284 alio
701 1245 802 1284 modo
840 1252 958 1294 corpus
1011 1239 1269 1279 dimovendum
1315 1236 1372 1284 est.
1437 1234 1720 1286 compleffitur:
1751 1231 1797 1270 de
1810 1228 1946 1281 quibus
1959 1240 2061 1270 nunc
2090 1228 2260 1279 loquitur
2285 1229 2490 1280 Secundusss

339 1300 552 1340 Euenum.
1440 1288 1527 1326 Scio
1557 1296 1685 1325 tamen
1723 1282 1942 1322 Strabonem
1966 1281 2098 1320 navale
2123 1280 2283 1320 Caesaris
2309 1282 2498 1332 Augusti,

393 1363 409 1390 1
444 1349 563 1387 Nimis
584 1349 735 1398 imperat
758 1347 876 1395 voci]
907 1344 1013 1384 Ultra
1026 1344 1186 1384 modum
1201 1347 1349 1380 exercet
1361 1355 1374 1384 ;
1442 1338 1547 1388 quod
1568 1334 1781 1386 Forumjulii
1805 1342 1964 1379 vocant,
1992 1331 2147 1384 posuifle
2170 1336 2264 1370 inter
2285 1333 2493 1375 Olbiam&

338 1403 417 1453 plus
440 1401 486 1438 ab
507 1412 549 1438 ea
571 1401 681 1448 exigit
707 1401 805 1446 tlioc
829 1400 929 1438 enim
951 1397 1057 1434 nimis
1092 1397 1264 1443 imperare
1297 1391 1372 1442 est)
1444 1390 1654 1440 Antipolim
1669 1417 1680 1434 ,
1707 1396 1748 1426 ut
1771 1385 1873 1425 distet
1894 1397 1914 1423 a
1938 1385 2094 1423 Maffilia
2116 1383 2203 1421 stad.
2226 1383 2287 1422 sex
2309 1385 2494 1433 millibus,

337 1464 449 1502 quam
484 1450 577 1489 ferre
608 1461 671 1500 per
702 1450 952 1488 valetudinem
988 1455 1111 1499 queat.
1165 1443 1375 1483 Columella
1446 1443 1485 1480 ὅ(
1506 1441 1769 1481 Ptolemaeum
1794 1436 2006 1485 forumjulii
2028 1438 2066 1474 in
2092 1434 2238 1474 Histria.
2267 1434 2340 1474 Sed
2352 1436 2492 1476 diversa

339 1504 422 1542 Lib.
454 1501 522 1540 111.
557 1513 634 1551 cap.
669 1501 737 1538 ΙΙΙ.
785 1503 956 1538 Frufi‘um
989 1514 1071 1537 vero
1089 1497 1244 1550 plerique
1267 1509 1377 1547 quam
1412 1535 1414 1546 y
1446 1493 1581 1543 oppida
1614 1491 1751 1531 eodem
1787 1490 1943 1527 nomine
1975 1488 2152 1538 appellata
2181 1515 2194 1532 ‚
2239 1487 2320 1537 quis
2349 1487 2493 1527 nescit?

337 1555 558 1594 uberrimum
584 1553 804 1604 praesentem
843 1553 1087 1603 consefiantur
1109 1579 1119 1596 ,
1169 1561 1227 1586 nec
1256 1548 1378 1599 provi·
1443 1556 1532 1582 nam
1557 1546 1596 1583 &
1616 1543 1710 1582 Plin.
1734 1538 1945 1589 forumjulii
1976 1541 2015 1578 in
2042 1539 2218 1587 Hispania
2247 1538 2368 1578 refert.
2407 1541 2496 1591 Cli-⁴

340 1607 425 1645 dent
438 1607 568 1654 futuro
591 1606 735 1655 tempori
761 1634 770 1650 ,
802 1605 867 1653 sed
891 1602 991 1654 quali
1009 1603 1114 1654 plane
1137 1602 1177 1638 in
1198 1601 1289 1639 diem
1321 1600 1381 1636 vi·
1451 1610 1474 1635 T
1490 1609 1512 1633 Α
1528 1608 1566 1633 N.

339 1668 437 1695 ναν-τ
452 1685 461 1701 ,
483 1656 532 1706 fic
553 1657 735 1705 imperant
762 1655 900 1693 vitibus
915 1684 925 1700 ‚
954 1666 998 1694 <7
1019 1668 1076 1692 eas
1092 1651 1214 1691 multis
1247 1651 1379 1702 palmi-
1499 1660 1518 1698 3
1548 1647 1620 1697 Effe
1642 1645 1692 1685 ibi
1712 1655 1756 1685 (9¹
1778 1655 1903 1682 aerem
1919 1641 2106 1693 salubrem
2131 1671 2142 1688 ,
2167 1652 2212 1682 2³5·
2234 1642 2301 1681 lac.
2324 1640 2341 1693 ]
2384 1643 2497 1693 Opti-

341 1705 435 1748 tibus
459 1717 637 1751 onerant,
664 1717 704 1743 ut
723 1707 915 1757 posteritati
949 1720 1020 1743 non
1053 1704 1251 1753 consulant.
1281 1702 1379 1740 Fun·
1448 1711 1529 1738 mus
1563 1710 1650 1736 cum
1687 1695 1893 1736 Helmstad.
1921 1696 1959 1733 &
1993 1694 2061 1732 Ed.
2095 1694 2182 1733 Vet.
2205 1707 2315 1739 aera,
2346 1705 2414 1742 pro
2438 1707 2497 1734 ae-

340 1758 406 1798 dus
425 1759 534 1807 hujus
557 1759 758 1806 elegantiae
781 1758 952 1806 Virgilius
976 1785 988 1802 ,
1021 1759 1123 1806 cuius
1146 1755 1236 1794 illud
1258 1755 1382 1794 Geor-
1447 1765 1544 1797 rem,
1574 1752 1614 1789 &
1634 1750 1730 1788 hanc
1750 1748 2057 1788 terminationem
2078 1756 2160 1783 non
2181 1745 2262 1784 solis
2283 1747 2406 1794 poetis
2419 1746 2497 1796 pla-

342 1812 513 1861 gicorum
534 1808 565 1846 1.
587 1809 658 1847 est:
1450 1802 1583 1847 6111116,
1611 1800 1761 1851 adparet
1795 1811 1842 1838 ex
1871 1799 1950 1837 Cic.
1982 1797 2064 1836 Lib.
2098 1796 2125 1834 I.
2162 1797 2208 1835 de
2229 1797 2318 1835 Nat.
2342 1797 2393 1834 D.
2417 1809 2495 1847 cap.

1001 1875 1004 1879 -
1452 1852 1497 1891 X.
1537 1853 1615 1900 Post
1648 1854 1898 1894 Anaximenes
1932 1861 2014 1888 aera
2047 1849 2153 1886 deum
2177 1847 2324 1894 statuit.
2364 1847 2496 1900 Itaque

392 1918 610 1963 Exercetque
623 1912 794 1962 frequens
815 1911 978 1950 tellurem
1001 1923 1041 1947 ac
1064 1912 1220 1960 imperat
1239 1909 1355 1947 arvis.
1450 1906 1582 1955 recepi.

1290 1963 1294 1966 '
1502 1970 1526 2006 4
1556 1962 1634 1996 Lac.
1656 1955 1673 2007 ]
1713 1956 1818 1993 Labie
1851 1954 1934 1993 tuffi
1967 1965 2032 2004 per
2051 1952 2221 1990 hiemem
2242 1949 2333 1989 locis
2356 1951 2496 1992 mariti-'

340 2015 460 2058 IDEM.
489 2017 624 2065 Aeque
662 2015 846 2063 eleganter
870 2015 916 2054 de
936 2014 1042 2052 Icaro
1069 2013 1114 2052 L.
1138 2013 1279 2051 Seneca
1304 2013 1386 2052 Oe·
1454 2009 1547 2054 mis,
1574 2021 1639 2059 per
1676 2007 1849 2046 aestatem
1881 2007 1972 2044 locis
2004 2002 2280 2042 mediterraneis
2313 2014 2407 2053 opus
2435 2003 2494 2043 est.

347 2069 421 2117 dip.
439 2078 492 2105 vs.
516 2066 603 2117 895.
1455 2059 1693 2099 Tuffientem
1726 2058 1883 2096 minime
1918 2064 2067 2106 oportet
2099 2053 2262 2092 lectione
2294 2055 2346 2091 uti
2380 2055 2493 2094 vehe-

1456 2113 1595 2150 menti:
1624 2112 1719 2150 utilis
1739 2112 1779 2148 in
1800 2110 1906 2146 omni
1926 2107 2008 2145 tuffi
2027 2107 2273 2156 peregrinatio
2296 2104 2344 2143 est
2358 2134 2369 2150 ‚
2398 2106 2498 2145 cibus-

393 2169 497 2209 'Alta
525 2170 613 2207 dum
639 2170 782 2211 demens
807 2169 894 2216 petit
1457 2169 1497 2199 ut
1519 2162 1574 2199 lac
1598 2164 1637 2201 in
1660 2163 1743 2200 allio
1767 2160 1919 2198 coctum
1944 2175 1955 2204 ;
1995 2160 2110 2206 magis
2132 2158 2259 2195 terreri
2283 2156 2402 2206 potest
2431 2156 2489 2195 ali·-

396 2241 470 2254 -—
499 2233 538 2257 ac
556 2219 664 2270 falfis
693 2221 801 2257 nimis
1457 2214 1537 2263 quis
1561 2226 1648 2252 cum
1671 2213 1885 2262 sanguinem
1907 2210 2047 2260 exspuit
2071 2237 2081 2254 ,
2132 2206 2192 2245 sed
2215 2207 2252 2246 id
2275 2207 2394 2246 modo
2425 2207 2488 2246 mi-

400 2272 564 2322 Imperat
592 2272 720 2321 pennis
743 2279 853 2319 puer,
1458 2276 1549 2311 nus,
1589 2264 1708 2304 modo
1741 2263 1819 2314 plus
1849 2263 1999 2311 periculi
2032 2260 2154 2298 habet.
2183 2258 2216 2295 C
2232 2273 2253 2296 A
2270 2273 2292 2297 1·
2309 2271 2382 2297 AN.
2406 2258 2486 2297 Per·

402 2323 566 2372 Abstulit
594 2333 720 2361 nomen
739 2322 851 2368 freto.
1458 2327 1586 2364 peram
1620 2316 1738 2354 Aldus
1772 2313 1996 2352 vocabulum
2032 2312 2086 2349 lac
2110 2307 2259 2356 omisit,
2289 2312 2327 2349 &
2354 2319 2416 2359 pro
2439 2306 2500 2345 eo'

1457 2367 1588 2407 habet:
1617 2379 1660 2407 (7⁴
1682 2369 1720 2406 in
1743 2366 1946 2404 huiusmodi
1967 2361 2221 2402 curationibus.
2249 2359 2490 2400 Deindeeius-

349 2427 408 2468 M.
440 2427 578 2465 Seneca
612 2425 693 2464 Lib.
721 2424 749 2461 1.
784 2422 1024 2461 Controvers.
1053 2418 1175 2460 Praef.
1206 2430 1288 2469 pag.
1331 2420 1390 2468 69.
1456 2420 1553 2458 modi
1586 2418 1788 2469 scripsimus
1811 2416 1901 2456 1111111
1923 2415 2113 2460 Medicei‚
2141 2413 2255 2451 Arnz.
2279 2410 2430 2449 Helmst.
2452 2410 2497 2447 δε,

350 2485 464 2517 Nemo
494 2477 571 2527 plus
606 2471 756 2525 ingenio
772 2474 836 2523 suo
861 2474 1084 2523 imperavit,
1115 2485 1214 2510 nemo
1233 2472 1309 2514 plus
1336 2472 1391 2508 in·
1458 2468 1525 2508 Ed.
1556 2471 1643 2509 Vet.
1673 2483 1742 2521 pro
1774 2471 1925 2518 vulgato
1957 2464 2170 2505 huiusmodi.
2199 2463 2348 2501 Librarii
2370 2468 2489 2511 errore

352 2529 474 2575 dulfit.
504 2529 549 2564 Et
570 2539 654 2576 pag.
673 2539 730 2574 70.
761 2524 941 2574 Nesciebat
966 2525 1153 2574 viressuas
1167 2522 1363 2572 dispensare
1379 2552 1389 2568 ,
1459 2521 1497 2557 in
1519 2523 1683 2571 Optimo
1716 2521 1766 2560 est
1787 2517 2171 2567 accomoditatiffimum
2206 2514 2332 2550 Oxon.
2358 2515 2403 2544 ut
2429 2504 2488 2542 tllt

341 2582 409 2633 sed
439 2579 667 2617 immoderati
697 2577 889 2615 adversum
922 2575 1129 2625 se=i1nperii
1164 2575 1256 2621 suit.
1296 2573 1390 2613 adde
1458 2572 1578 2619 villa,
1606 2574 1653 2613 1111
1676 2574 1799 2612 domus
1821 2583 1957 2622 pateat.

353 2632 558 2671 Graevium
581 2629 623 2667 ad
649 2630 726 2666 Cic.
749 2627 794 2664 de
818 2626 960 2665 Senect.
983 2639 1060 2676 cap.
1082 2626 1168 2665 XV.
1195 2626 1390 2673 Perper-am
1512 2639 1529 2674 ς
1559 2624 1672 2675 Ego]
1704 2626 1831 2665 Sensus
1854 2623 1902 2662 est
1925 2652 1936 2668 ,
1974 2620 2070 2658 dabo
2093 2618 2126 2654 ei
2144 2619 2282 2652 tantum
2306 2616 2483 2662 nummo-

354 2685 479 2732 itaque
503 2679 658 2718 Helmst.
683 2681 720 2717 ὅ(
746 2678 815 2716 Ed.
837 2679 924 2716 Vet.
946 2679 1139 2726 imperatus
1161 2676 1261 2720 voci3
1293 2676 1390 2715 Vos·
1459 2687 1540 2714 111111
1556 2705 1567 2722 ,
1595 2685 1776 2726 quantum
1801 2687 1893 2725 opus
1916 2673 1982 2712 erit
2001 2673 2040 2708 in
2063 2669 2142 2704 via:
2167 2670 2251 2698 nam
2275 2657 2379 2694 domi
2401 2666 2485 2695 tuae

356 2734 441 2771 siau.
473 2741 662 2782 reparatur
695 2731 781 2768 voci.
828 2731 941 2778 Supra
975 2729 1190 2767 Medic-eus:
1220 2728 1307 2764 dum
1328 2736 1387 2776 per
1459 2728 1546 2774 nihil
1567 2740 1660 2777 opus
1683 2731 1770 2774 erit,
1799 2737 1887 2775 ergo
1900 2709 2294 2770 niliilulteriusaddssm·
2330 2708 2487 2767 (ΗΑΒ.

357 2785 560 2822 cotidianos
578 2783 647 2820 dies
672 2782 779 2820 nimis
800 2782 950 2831 imperat
973 2782 1063 2818 voci.
1090 2779 1306 2829 §Quotidiam'
1321 2780 1388 2817 dies
1460 2784 1529 2828 Ego
1556 2779 1781 2829 proficiscenti
1812 2785 1958 2814 tantum
1993 2768 2113 2806 viatici
2139 2759 2234 2818 'dabo
2260 2787 2269 2815 ’.
2296 2758 2397 2807 eya]
2428 2762 2486 2797 Sic

360 2834 409 2869 ita
444 2835 518 2873 scre
551 2834 720 2871 dicuntur
745 2863 754 2878 ‚
791 2840 831 2871 ut
859 2833 958 2882 apud
979 2832 1174 2869 Lucanum
1199 2831 1279 2868 Lib.
1301 2830 1390 2869 VII.
1459 2831 1568 2868 Palat.
1604 2830 1652 2868 sic
1683 2829 1776 2869 Edd.
1806 2827 1907 2863 Vett.
1939 2826 2059 2865 nequ‘-²
2091 2812 2162 2850 abit
2185 2809 2343 2867 Aldina,
2371 2821 2486 2868 quam

360 2891 415 2919 VS·
437 2895 517 2931 257.
545 2884 650 2920 Haec
673 2885 748 2922 dies
769 2885 813 2931 est
829 2913 841 2928 ,
864 2897 953 2933 quae
974 2883 1088 2921 hodie
1109 2883 1243 2920 reddet.
1290 2882 1390 2921 Puto
1459 2881 1563 2931 quod
1610 2879 1779 2929 abjecerit
1814 2871 1981 2922 syllabam
2008 2893 2019 2910 ‚
2054 2874 2097 2903 v·
2120 2893 2130 2909 ,
2171 2869 2392 2900 recelmorcs
2418 2861 2486 2901 aha

362 2939 488 2969 tamen
517 2934 703 2969 cotidianos
729 2947 773 2971 ex
799 2933 923 2972 Gloss'a
946 2933 1130 2984 irrepfiffe.
1163 2934 1292 2971 Oxon.
1314 2934 1391 2983 tus-
1460 2932 1579 2970 adhuc
1600 2929 1889 2968 admiscuerunt;
1910 2917 2092 2975 ⁴nimirum
2127 2925 2304 2965 quantum
2330 2912 2491 2971 suffieit,

356 2981 469 3033 ficula
489 2983 698 3018 admonetur
718 2985 867 3031 ausussss
891 2986 1024 3023 reddit..
1459 2993 1504 3020 ω’
1534 2981 1714 3019 moderato
1744 2986 1787 3014 ω·
1817 2981 1915 3009 eunti
1946 2982 1983 3007 m
2015 2979 2090 3005 tua.
2128 2968 2319 3004 Gau-rna.
2347 2964 2489 3003 Scilicet

414 3045 436 3070 2
469 3031 663 3078 Ferojuliis]
701 3033 945 3079 foroiulienses
978 3037 1205 3081 cognomine
1238 3037 1389 3074 Concu·
1459 3034 1567 3069 ctiam
1593 3025 1745 3066 Helmst.
1769 3024 1896 3060 Oxon.
1920 3021 2033 3058 Arm..
2058 3020 2097 3057 &
2119 3018 2186 3055 Ed.
2208 3016 2486 3066 Vct.quantum

360 3081 499 3141 biensee
519 3083 615 3119 locat
637 3082 768 3118 Plinius
789 3082 825 3118 in
847 3082 941 3136 sexta
958 3083 1078 3122 ltaliae
1092 3089 1242 3134 regione
1257 3115 1268 3132 ‚
1295 3097 1390 3136 quae
1450 3079 1580 3130 sufficit
1601 3079 1639 3116 δε
1660 3074 1756 3114 eunti
1776 3074 1812 3111 in
1837 3085 1913 3110 tua.
1930 3072 1999 3129 Sed
2023 3071 2140 3128 valeat
2162 3068 2356 3125 auctoritas
2377 3066 2490 3117 Optif

360 3134 583 3185 ymbrium,
610 3134 649 3172 δι
679 3142 808 3181 agrum
837 3132 1019 3187 Gallicum
1052 3137 1144 3189 circa
1176 3137 1391 3179 Ariminum
1458 3133 1534 3178 mi,
1560 3130 1598 3181 in
1618 3139 1717 3180 quo:
1745 3136 1923 3178 quantum
1944 3122 2093 3180 tufficiat
2113 3132 2212 3177 eunti
2232 3132 2271 3173 {a
2293 3130 2372 3173 tua.
2438 3170 2483 3206 A

2395 3180 2420 3210 ἰ
2441 3208 2479 3217 .,
