2616 3686
245 219 383 289 ‘738
531 217 596 266 c..
650 206 1045 263 PLINII
1114 199 1427 253 canor
1461 192 1888 249 L‘11753‘EC,
1924 178 2212 243 U'Nni

253 291 578 351 contrariis
605 290 778 344 ventis
807 297 1069 342 retentus,
1141 281 1306 336 Nunc
1344 283 1359 307 ¹

1398 273 1603 331 destino
1627 306 1642 336 -‚
1692 273 1889 343 partim
1917 278 1934 306 ²
1965 273 2150 328 orariis
2173 271 2429 337 navibus,
2493 256 2503 259 X

299 362 789 437 partim-vehiculis
824 359 1157 434 provinciam
1191 366 1390 425 petere.
1468 348 1605 402 Nam
1644 345 1774 401 ficut
1814 348 1993 401 itineri
2021 364 2204 419 graves
2231 348 2404 406 aestus

301 444 375 497 ita
397 442 687 497 continuae
710 434 1036 511 navigationi
1064 438 1080 467 ³
1105 428 1313 485 Eteliae
1340 420 1683 485 reluflantur.
2008 456 2010 458 -

575 585 810 644 XXVII.
889 580 1066 640 XVII.
1143 536 1700 642 TRAJaNus
1783 571 2178 626 PL1N10.

1005 728 1222 785 Laudat
1262 724 1508 793 confilium
1550 720 1779 780 Sectmdt'.

445 889 578 948 Effe
609 897 628 925 ⁴
659 884 990 958 renunciasti,
1021 884 1093 936 mi
1127 876 1346 934 Secunde
1379 872 1634 945 carzffime.
1708 873 1940 927 Pertinet
1975 874 2104 925 enim
2130 871 2198 925 ad
2219 874 2444 929 animum

447 985 632 1028 meum,
678 961 819 1037 quali
837 965 1016 1014 itinere
1039 961 1092 1013 in
1119 956 1435 1030 provinciam
1459 950 1743 1025 pervenias.
1817 947 2110 1001 Prudenter
2144 959 2313 1002 autem
2335 968 2445 1005 con·

289 1042 497 1113 statiis,
535 1051 550 1082 ⁵
575 1043 782 1103 ‚interim
823 1033 1046 1094 navibus
1066 1074 1082 1100 ,
1126 1030 1333 1086 interim
1364 1024 1614 1081 vehiculis
1634 1025 1739 1087 etti,
1776 1022 2336 1096 proutlocasitasermt.

357 1215 390 1242 1.
417 1201 591 1262 Destino]
628 1201 670 1241 Id
703 1198 784 1243 est,
820 1196 944 1246 cogito
973 1193 1032 1233 vel
1064 1191 1255 1231 constituo.
1292 1186 1340 1227 fic

2190 1098 2451 1158 XXVIII.

1461 1196 1494 1234 3.
1522 1179 1693 1235 mesiae]
1734 1179 1884 1219 Constat
1916 1181 2049 1234 Etefias
2080 1188 2222 1219 tantum
2255 1183 2291 1221 in
2312 1183 2442 1225 aestate

298 1252 398 1292 idem
421 1253 552 1293 Plinius
578 1253 659 1292 Lib.
680 1252 745 1290 III.
773 1247 960 1297 Epist.111.
987 1245 1148 1287 destino,
1174 1241 1203 1290 fi
1220 1247 1340 1280 tamen
1407 1234 1514 1280 flare,
1543 1245 1629 1272 cum
1652 1233 1737 1270 nulli
1756 1240 1952 1270 ventorum
1982 1233 2095 1280 magis
2115 1233 2189 1270 stati
2211 1232 2289 1272 sint.
2343 1236 2444 1276 Exo-

302 1305 405 1357 offi'cit'
433 1306 522 1343 ratio
541 1303 731 1355 permiserit
748 1311 923 1340 excurrere
942 1295 1013 1339 isto.
1064 1294 1120 1333 Sic
1141 1293 1337 1331 Suetonius

300 1357 339 1394 in
361 1355 510 1394 Caesare
538 1367 618 1405 cap.
634 1353 778 1394 XLIV.
804 1352 845 1389 de
865 1347 1067 1398 ampliando
1079 1346 1215 1394 imperio
1230 1342 1336 1393 plura

301 1417 367 1443 aut
387 1406 523 1456 majora
542 1406 651 1444 indies
671 1402 875 1442 destinabat.
905 1401 942 1436 δὲ
966 1397 1096 1436 Caesar
1117 1396 1188 1445 ipse
1212 1394 1293 1432 Lib.
1307 1393 1335 1433 Ι.

283 1456 348 1495 -de
367 1457 460 1495 bello
483 1458 599 1496 civili:
624 1454 757 1502 inset‘lis
775 1454 816 1491 iis
828 1468 847 1497 ,¹
865 1462 952 1501 quae
970 1461 1068 1498 agere
1090 1446 1339 1485 destinaverat.

302 1507 360 1546 Sic
381 1508 506 1546 Livius
535 1508 613 1546 Lib.
635 1508 703 1545 VI.
729 1504 945 1544 destinatum
976 1500 1021 1546 esi
1045 1498 1131 1537 mihi
1149 1498 1185 1535 in
1207 1496 1337 1534 animo.

302 1559 401 1597 Alias
419 1559 586 1605 destinare
605 1557 654 1597 est
671 1556 770 1596 idem
792 1553 896 1604 quod
918 1551 1061 1590 mittere
1074 1577 1084 1593 ,
1108 1551 1198 1588 irem
1211 1549 1334 1596 aliquo

302 1609 471 1659 dirigere:
501 1621 538 1648 v,
563 1620 598 1658 g.
619 1608 782 1659 jaculum
802 1605 848 1643 ad
865 1605 1031 1652 scopum.
1054 1602 1143 1640 item
1163 1599 1334 1647 affignare

302 1662 361 1698 vel
381 1660 552 1710 deputare
573 1660 676 1698 alicui
696 1660 746 1697 rei
765 1657 826 1695 vel
847 1655 923 1694 usui
943 1653 1003 1691 vel
1021 1651 1175 1691 muneri.
1214 1649 1336 1688 Habet

304 1712 413 1750 etiam
439 1712 513 1749 hoc
535 1712 687 1749 verbum
715 1710 753 1748 in
788 1708 872 1754 Jure
900 1704 1025 1743 nostro
1053 1703 1135 1741 alias
1163 1699 1338 1749 fignifica-

297 1763 432 1801 tiones.
453 1761 695 1811 Leg.XCIV.
712 1770 756 1799 ω’
778 1760 870 1806 Leg.
889 1757 953 1794 ult.
975 1755 1024 1792 D.
1044 1753 1090 1791 de
1115 1753 1211 1790 verb.
1229 1751 1339 1799 oblig.

301 1814 343 1851 δε
366 1813 458 1861 Leg.
490 1813 575 1852 offa.
602 1814 649 1851 D.
678 1811 723 1850 de
751 1807 918 1858 religiosis
945 1807 983 1843 ὃ(
1012 1804 1210 1851 sumptibus
1231 1803 1338 1840 fune·

301 1875 398 1902 rum.
429 1864 565 1913 Leg.1.
592 1865 624 1914 5.
649 1875 677 1900 r.
701 1862 837 1909 legatis.
865 1859 914 1896 D.
932 1856 979 1895 de
1003 1854 1154 1903 judiciis.
1184 1854 1222 1891 ὃ(
1244 1854 1339 1901 Leg.

305 1914 393 1953 XV.
422 1915 469 1952 D.
498 1914 544 1953 de
564 1926 601 1953 re
625 1913 793 1963 judicata.
812 1912 863 1948 ·&
889 1910 979 1957 Leg.
1001 1906 1068 1945 111.
1101 1907 1133 1956 5.
1154 1915 1190 1951 7.
1214 1904 1263 1942 D.
1291 1903 1338 1942 ad

303 1964 567 2006 exhibendum.
593 1966 626 2003 R
643 1978 657 2003 r
673 1977 695 2001 τ
714 1976 737 2001 τ
751 1974 772 2001 n
785 1975 810 2001 R
823 1975 839 1998 s
852 1973 877 1998 rr
890 1976 910 1998 u
927 1973 956 1996 s.

299 2047 306 2052 ν
357 2032 380 2058 2
421 2021 556 2058 orariis
591 2018 781 2067 navibus]
819 2014 1017 2056 piscatoriis
1045 2014 1082 2051 δε
1102 2013 1220 2062 parvis
1244 2038 1256 2057 ,
1293 2011 1340 2049 sic

310 2073 564 2121 interpretatur
585 2071 695 2108 Mart.
714 2068 801 2107 illud
824 2069 937 2105 Plauti
965 2066 1002 2103 in
1023 2064 1196 2102 Rudente
1218 2090 1230 2107 ,
1264 2074 1341 2100 mea

302 2131 402 2173 opera
423 2121 607 2159 laboratur
627 2131 670 2160 &⁸
691 2131 783 2162 rete,
809 2128 852 2157 <9⁴
872 2116 982 2154 haria.
1008 2117 1097 2153 haec
1117 2115 1343 2152 convenien-

307 2175 378 2212 tior
399 2172 541 2212 videtur
561 2172 879 2220 le&i0,tanquam
901 2167 1017 2217 parvis
1039 2166 1165 2204 lembis
1186 2163 1343 2201 lecturus

309 2222 398 2263 effer
419 2237 517 2262 oram
536 2222 646 2261 litoris
663 2223 760 2269 Jonii
783 2248 794 2265 ,
822 2221 943 2268 potius
964 2228 1076 2266 quam
1096 2216 1245 2254 navibus
1266 2227 1344 2252 one-

310 2276 415 2313 rariis
429 2273 445 2319 ',
494 2285 589 2323 quae
627 2281 752 2312 amant
792 2271 906 2309 altum
945 2268 1103 2317 pelagus.
1147 2267 1180 2303 C
1196 2279 1215 2303 Α
1231 2278 1254 2302 τ
1268 2276 1343 2302 au.

310 2327 452 2367 Partim
493 2325 629 2363 orariis
664 2321 854 2373 navibus]
893 2320 1019 2357 oriam
1056 2317 1152 2367 apud
1176 2317 1343 2355 Plautum

306 2377 517 2426 Fulgentius
534 2378 570 2415 in
590 2375 720 2414 Gloffis
729 2371 934 2413 naviculam
946 2369 1119 2408 modicam
1127 2367 1345 2418 pifitatoriam

309 2441 438 2466 navem
466 2428 730 2476 interpretatur.
782 2427 908 2472 Quam
939 2432 1073 2458 vocem
1092 2419 1139 2459 ab
1154 2431 1213 2456 ora
1233 2417 1348 2456 dedu-

308 2488 396 2518 cunt
412 2479 600 2520 nonnulli;
627 2477 729 2526 quod
744 2477 825 2515 hoc
847 2472 1094 2512 navicularum
1115 2481 1250 2520 genere
1261 2479 1346 2507 orae

308 2530 460 2569 litorum
482 2538 624 2567 tantum
643 2529 714 2578 legi
731 2527 887 2565 solerent
908 2552 920 2569 ‚
946 2534 1023 2573 quo
1049 2523 1251 2561 Catanaeus
1269 2532 1346 2557 ora-

313 2582 385 2619 rias
403 2581 479 2618 istas
497 2580 674 2619 Plinianas
702 2580 967 2626 interpretatur.
992 2574 1055 2611 An
1084 2573 1217 2610 orarias
1237 2572 1347 2609 inter-

313 2631 534 2681 pretabimur
564 2641 675 2668 naves
705 2630 777 2668 illas
799 2656 810 2672 ‚
849 2638 937 2677 quas
971 2624 1165 2663 Suetonius
1196 2622 1347 2659 Caesare

312 2694 391 2732 cap.
416 2681 558 2720 XLIII.
585 2681 752 2719 Vee‘lorias
771 2679 923 2728 appellat
949 2703 960 2720 ‚
1000 2677 1038 2713 δε
1060 2675 1193 2713 orarias
1216 2672 1349 2717 dieras,

313 2733 416 2784 quod
435 2733 731 2782 praestolarentur
746 2730 792 2767 ad
809 2740 910 2768 oram
933 2726 1100 2765 vectores
1125 2753 1136 2769 ,
1170 2730 1210 2761 ut
1241 2731 1352 2761 trans·

313 2784 494 2833 portando
514 2783 723 2823 mercedem
747 2780 940 2819 facerent?
968 2777 994 2814 B
1009 2790 1033 2814 υ
1047 2788 1069 2815 c
1082 2788 1108 2815 Η
1123 2789 1146 2813 n
1161 2787 1182 2812 rs
1198 2787 1236 2813 a.
1274 2776 1351 2811 De-

315 2836 428 2924 {cribit
470 2832 681 2884 hujusmodi
721 2833 994 2882 navigationem
1030 2828 1185 2867 Rutilius
1222 2824 1303 2864 Lib.
1325 2825 1352 2863 1.

341 2893 405 2923 tin.
429 2897 482 2923 vs.
505 2897 547 2925 21
555 2897 594 2934 9.

375 2986 614 3032 progredimur
629 2985 752 3032 parvis
768 2994 827 3035 per
846 2983 948 3022 litora
967 2981 1126 3031 proxima
1147 2976 1274 3026 cymbis

344 3072 347 3075 ,
423 3035 594 3087 Qarum
611 3036 759 3083 perfugio
780 3035 895 3073 crebra
915 3042 1047 3082 pateret
1066 3029 1204 3068 humus.

371 3085 532 3138 Aestivo,
549 3094 722 3138 penetrent
743 3084 901 3123 oneraria
921 3081 1065 3132 carbasa
1080 3081 1231 3130 fluetus,
1257 3082 1327 3118 cet.

1405 1288 1544 1324 riuntur
1563 1293 1687 1322 autem
1705 1283 1902 1321 secundum
1923 1283 2074 1321 Plinium
2100 1311 2110 1326 ‚
2140 1284 2204 1334 post
2226 1285 2372 1323 biduum
2394 1289 2441 1326 ab

1403 1349 1524 1376 exortu
1546 1334 1747 1373 Caniculae.
1776 1335 1911 1372 Gellius
1935 1345 2024 1372 vero
2046 1334 2149 1372 tradit
2171 1363 2183 1381 ,
2203 1348 2297 1377 ¹cum
2332 1340 2443 1378 Canis

1403 1389 1527 1426 oritur.
1578 1386 1783 1424 Columella
1820 1394 1945 1422 autem
1970 1413 1980 1429 ‚
2023 1386 2171 1424 Calend.
2206 1387 2366 1435 Augusti.
2403 1399 2440 1428 at

1403 1439 1540 1478 Seneca
1574 1439 1613 1476 in
1649 1437 1875 1475 Naturalibus
1911 1436 2173 1484 quaestionibus
2219 1439 2437 1485 opinionem

1402 1488 1636 1539 quorundam
1656 1489 1806 1525 recitans
1825 1515 1836 1531 ,
1870 1486 1996 1532 aestate
2018 1515 2030 1530 ‚
2063 1489 2181 1535 inquit
2200 1514 2212 1531 ,
2242 1489 2333 1535 flare
2352 1491 2435 1529 inci-

1398 1543 1499 1590 piunt
1523 1567 1536 1589 „
1561 1552 1637 1576 cum
1656 1550 1697 1577 ω·
1717 1537 1847 1586 longius
1867 1537 2067 1575 extenditur
2089 1539 2159 1576 dies
2183 1565 2194 1581 ‚
2231 1550 2273 1577 ω·
2289 1542 2376 1579 ινοιέἶὶ
2392 1543 2430 1580 in

1399 1605 1459 1629 nos
1481 1591 1575 1636 redii
1595 1590 1806 1638 diriguntur.
1833 1589 1865 1624 C
1878 1601 1897 1624 a
1915 1599 1974 1626 TA
1986 1601 2022 1627 N.
2360 1628 2364 1630 ,

1449 1654 1486 1690 4.
1513 1639 1769 1688 Rmuynciasti]
1805 1639 1943 1677 Scilicet
1962 1665 1974 1682 ‚
2012 1639 2200 1678 fortunam
2222 1641 2356 1681 itineris
2371 1644 2435 1684 tui.

1402 1694 1577 1732 Ceterum
1599 1704 1665 1741 pro
1689 1720 1699 1735 .
1729 1690 1816 1728 mihi
1836 1719 1846 1736 ,
1874 1690 1988 1728 Aldus
2007 1691 2044 1727 ὃς
2065 1690 2266 1729 Catanaeus
2285 1693 2432 1741 legunt,

1399 1745 1450 1783 mi
1478 1745 1636 1784 Secunde.
1672 1752 1783 1791 quam
1817 1740 2014 1780 leelionem
2049 1741 2147 1779 alteri
2176 1745 2353 1789 praefero.
2381 1745 2431 1783 est

1400 1796 1498 1834 enim
1518 1795 1607 1833 haec
1625 1794 1781 1831 formula
1809 1792 1885 1843 [mi
1903 1792 2096 1841 Secunde‚]
2127 1792 2350 1839 blandientis,
2363 1805 2434 1845 qua

1401 1847 1603 1895 Imperator
1636 1846 1674 1883 ὅ(
1704 1844 1784 1882 alibi
1810 1843 2006 1893 saepissime
2037 1843 2073 1880 in
2112 1843 2165 1881 his
2195 1845 2354 1891 Epistolis
2387 1848 2434 1885 ad

1401 1897 1556 1936 Plinium
1582 1898 1704 1934 utitur.
1731 1896 1872 1933 Omitto
1892 1905 1991 1932 nunc
2022 1893 2103 1930 alias
2131 1894 2301 1942 Epistolas
2326 1924 2336 1940 ,
2374 1898 2433 1938 ubi

1402 1948 1531 1987 eadem
1553 1944 1800 1994 Compellatio
1817 1945 1971 1984 adhibita
1997 1943 2046 1982 est
2075 1944 2190 1983 Plinio
2211 1948 2255 1984 ab
2275 1947 2437 1997 Impera-

1404 2008 1496 2038 tore.
1533 1999 1575 2036 In
1604 1999 1676 2037 aliis
1708 1996 1921 2045 quibusdam
1952 1995 2154 2043 simplicitet
2179 1995 2229 2036 est
2249 2025 2259 2042 ‚
2289 2000 2436 2039 secunde
2488 2037 2494 2039 .

1405 2050 1607 2100 chariffime.
1667 2047 1884 2086 Notandum
1919 2047 1968 2084 est
2001 2055 2123 2084 autem
2147 2074 2157 2092 ,
2197 2048 2438 2097 Imperatores

1403 2102 1599 2138 Romanos
1617 2099 1815 2147 saepiffime
1839 2098 1956 2136 solitos
1976 2096 2020 2134 ad
2041 2098 2137 2134 hunc
2156 2098 2310 2138 modum
2335 2112 2437 2149 prae-

1406 2151 1525 2189 fectos
1553 2151 1608 2188 vel
1630 2149 1850 2197 magistratus
1881 2149 1974 2191 Vsuos
2008 2148 2044 2185 in
2086 2148 2252 2197 rescriptis
2282 2150 2435 2194 salutare.

1407 2202 1585 2249 Exempla
1602 2201 1679 2238 sunt
1702 2202 1813 2238 etiam
1833 2200 1869 2238 in
1887 2197 2097 2244 Pandeetis‚
2136 2208 2175 2237 ut
2198 2200 2372 2241 Alexand.
2391 2201 2431 2239 in

1409 2254 1502 2302 Leg.
1542 2251 1779 2297 LXXXVII.
1807 2251 1838 2300 5
1871 2260 1905 2297 3.
1942 2249 1980 2287 ff.
2018 2249 2065 2287 de
2093 2251 2433 2299 Leg.11.<}Juliane

1409 2305 1609 2354 chariffime.
1635 2302 1690 2340 Sic
1715 2302 1802 2339 Divi
1819 2301 1944 2339 fratres
1978 2299 2015 2338 in
2046 2301 2136 2350 Leg.
2160 2302 2186 2340 l.
2217 2304 2249 2352 5.
2271 2313 2302 2341 2.
2328 2300 2363 2338 ff.
2384 2301 2432 2339 de

1410 2354 1662 2403 Quaestionib.
1690 2352 1882 2390 Prudenter
1902 2363 1944 2391 ω·
1973 2352 2103 2401 egregia
2123 2353 2254 2390 ratione
2272 2349 2436 2391 humani-

1411 2408 1495 2445 tatis
1517 2434 1528 2451 ,
1565 2411 1663 2443 Saxa
1690 2402 1877 2450 chariffime
1898 2430 1909 2448 ‚
1958 2413 2030 2441 wc.
2069 2403 2125 2441 Sic
2156 2403 2270 2440 Divus
2296 2400 2375 2439 Pius
2395 2403 2434 2440 in

1413 2460 1508 2505 Leg.
1528 2456 1593 2494 VI.
1618 2456 1663 2494 ad
1683 2455 1776 2504 Leg.
1798 2453 1927 2501 juliam
1948 2451 1993 2497 de
2016 2454 2050 2492 vi
2077 2453 2168 2501 publ.
2194 2451 2332 2490 Gemine
2352 2451 2435 2488 cha-

1412 2511 1547 2561 riffime.
1577 2507 1746 2545 Solebant
1767 2516 1917 2555 quoque
1937 2503 2086 2542 eosdem
2109 2501 2353 2550 parentessuos
2364 2502 2435 2540 ho-

1414 2560 1510 2598 noris
1529 2569 1618 2606 ergo
1632 2556 1804 2602 salutare,
1833 2557 1872 2593 &
1893 2553 2047 2597 addere,
2074 2551 2435 2601 Chariffnobisquae

1414 2611 1598 2661 postrema
1617 2609 1725 2647 verba
1744 2608 1846 2656 saepe
1874 2604 2115 2642 indicabantur
2146 2613 2207 2649 per
2233 2602 2346 2640 literas
2368 2602 2438 2642 fin-

1415 2664 1553 2712 gulares
1574 2661 1634 2699 seu
1665 2667 1768 2697 notas
1796 2665 1844 2695 K.
1872 2661 1920 2693 N.
1947 2652 2118 2691 Videatur
2147 2651 2231 2689 liber
2265 2652 2439 2693 Novella..

1418 2725 1499 2751 rum
1521 2709 1740 2750 Theodosii.
1790 2709 1847 2746 Sic
1871 2706 2106 2752 Imperatores
2137 2702 2358 2750 appellabant
2376 2705 2441 2753 Ju-

1419 2762 1596 2814 risperitos
1619 2760 1759 2799 Amicos
1770 2758 1862 2806 suos.
1890 2754 2108 2800 Exemplum
2135 2753 2256 2790 nobile
2279 2754 2387 2794 exstat
2404 2759 2442 2795 in

1421 2817 1514 2863 Leg.
1542 2810 1666 2850 XVII.
1702 2810 1791 2846 Divi
1817 2801 2015 2844 fratres..ff.
2045 2801 2091 2846 dte
2116 2801 2198 2849 jure
2228 2814 2446 2852 patronatus,

1424 2864 1571 2914 Volufius
1593 2860 1790 2908 Meeeianus
1822 2855 1951 2909 amiciis
1972 2851 2077 2908 nester
2100 2879 2111 2896 ‚
2145 2865 2213 2893 επ
2252 2854 2307 2893 Sic
2334 2858 2445 2898 hodie

1421 2917 1507 2956 nihil
1528 2913 1578 2952 est
1600 2910 1754 2950 usitatius
1771 2909 1806 2945 in
1828 2905 1934 2943 literis
1953 2901 2158 2952 Pnncipum
2180 2904 2223 2942 ad
2250 2905 2330 2945 suos
2343 2908 2449 2947 Con-

1421 2965 1589 3006 filiatios,
1615 2970 1727 3011 quam
1744 2954 1848 3000 illud,
1876 2953 2005 3002 unseru
2031 2954 2144 2998 [leben
2165 2965 2377 3005 getremeus
2404 2970 2452 3003 ze.

1422 3021 1761 3058 errsnsnu&

1473 3082 1508 3119 ς,
1534 3064 1677 3109 [merim
1687 3060 1852 3107 navibus,
1862 3059 2000 3098 interim
2012 3059 2176 3101 vehiculis
2186 3062 2274 3115 Μὴ]
2303 3065 2451 3105 Interim

2386 3126 2456 3167 pro
