2616 3686
271 214 375 272 2:04·
539 193 2200 256 C.PLINIICAEC1LIISECUND1
2390 262 2396 268 ,

196 296 231 360 7
280 288 504 362 quidem
536 289 662 343 novi
687 288 941 359 principis
969 284 1095 340 inde
1120 295 1426 338 commotus
1453 279 1543 335 est.
1621 277 1821 350 Magna
1847 282 2083 338 Caesaris
2121 286 2257 349 laus,
2297 283 2392 341 sub

286 380 397 433 quo
425 361 434 380 ¹
467 363 570 415 hoc
602 361 827 414 liberum
855 360 983 413 fuit:
1028 373 1216 427 magna
1244 357 1379 409 illius
1405 352 1419 369 ²
1456 355 1548 423 qui
1586 352 1686 405 hac
1725 350 1967 407 libertate
2007 357 2153 411 ausus
2189 358 2262 412 est
2295 361 2393 413 uti.

205 434 232 484 8
287 436 412 488 Erat
443 443 456 468 ³
483 433 773 503 walam&
802 431 965 502 usqne
995 430 1058 483 ad
1090 434 1105 456 ⁴
1129 427 1421 481 emacitatis
1447 424 1933 495 reprehensionem.
2009 426 2396 484 Pluresiisdem

283 507 337 560 in
367 507 496 560 locis
531 506 674 558 villas
707 502 1003 571 poslidebat
1024 537 1038 561 ‚
1077 499 1435 567 adamatisque
1461 497 1612 549 novis
1633 497 1859 564 ‚priores
1879 497 2206 566 negligebat:
2231 500 2400 556 ⁵mul.

287 592 404 631 tum
432 576 629 644 ubique
658 576 951 634 librorum,
994 573 1218 624 multum
1261 571 1543 622 statuarum
1576 605 1591 629 ‚
1642 568 1867 620 multum
1909 571 2235 638 imaginum,
2313 590 2403 628 uas

289 666 401 707 non
417 648 640 703 habebat
659 647 859 709 mode,
900 660 1089 699 verum
1107 643 1270 697 etiam
1285 639 1664 696 venerabatur:
1684 639 2033 710 Virgiliiante
2050 659 2266 706 omnes,
2308 661 2404 696 cu-

2320 713 2406 786 jus

1385 848 1584 900 pecuniofies
1599 876 1610 894 ,
1637 861 1734 886 nemo
1755 849 1815 888 illo
1828 850 1945 889 minus
1960 851 2037 898 suit
2056 862 2162 888 emax
2178 877 2189 893 ‚
2216 851 2331 890 minus
2350 863 2417 890 ae·

288 862 456 900 a'Nerva
481 860 562 898 sene
585 860 778 910 adoptatus
801 885 812 902 ,
839 859 877 896 δε
901 855 1030 896 Caesar
1053 853 1168 892 faetus
1191 854 1227 891 in
1250 864 1310 890 ur·
1427 903 1430 906 .
1641 900 1647 905 ⁴
1767 902 1772 906 ι

1395 899 1564 948 dificator.
1604 899 1791 937 Ciceronis
1823 901 1872 938 est
1901 903 2093 939 Paiadoxo
2126 901 2196 938 VI.
2236 908 2316 939 Non
2355 901 2414 950 effe

287 913 374 950 bein
398 911 537 949 rediens
556 912 714 948 hiberi-is
737 909 880 957 imperii
902 904 1058 954 sumpsit.
1108 904 1229 951 Hujus
1253 915 1308 942 re·
1334 935 1340 939 .

291 962 385 999 ditus
417 961 593 1000 Martialis
615 990 625 1006 ,
671 960 733 998 sed
760 960 865 998 latius
897 955 1082 995 Secundus
1118 956 1154 991 in
1178 955 1311 1002 Paneg.

289 1013 507 1050 meminere.
536 1012 568 1049 C
584 1025 604 1048 A
621 1025 644 1050 ἰ-
661 1025 680 1048 e.
696 1022 732 1047 N.
758 1015 810 1046 Ac
835 1022 876 1046 ne
897 1009 1060 1044 adventu
1084 1005 1190 1050 novi,
1212 1004 1312 1054 cren]

292 1061 476 1110 Significat
499 1061 657 1100 restitiss'e
679 1063 716 1099 in
736 1059 868 1098 set-effu
892 1059 1018 1097 Silium
1043 1084 1052 1100 ,
1082 1066 1150 1092 nec
1175 1055 1208 1093 se
1233 1067 1315 1092 mo-

292 1110 381 1150 viffe
414 1113 500 1151 inde
547 1121 588 1150 ut
625 1111 837 1149 adventanti
875 1121 978 1147 novo
1017 1107 1168 1155 principi
1206 1105 1315 1142 officii

293 1162 397 1200 causa
443 1171 652 1201 occurreret
677 1191 691 1208 ,
714 1161 856 1200 securus
894 1162 1028 1208 gratiae
1069 1159 1108 1195 ὃ(
1146 1156 1321 1194 offensae.

292 1212 505 1252 Boenasa.

349 1276 365 1302 1
398 1271 468 1301 Hoc
496 1262 683 1312 liberum]
714 1261 865 1311 Superbi
898 1261 997 1298 enim
1033 1260 1071 1296 ὃς
1092 1259 1320 1306 arrogantio-

290 1323 346 1352 res
379 1317 583 1364 principum
605 1343 615 1358 ‚
654 1323 694 1350 ut
720 1313 841 1362 paullo
864 1319 949 1348 ante
976 1309 1214 1348 Domitianus
1238 1336 1248 1352 ,
1274 1308 1322 1346 ad

295 1374 531 1403 contentum
556 1364 746 1409 maiestatis
770 1373 811 1398 ac
835 1361 1107 1399 contumaci-ain
1143 1359 1320 1406 interpre-

294 1416 462 1452 tab—intui·
486 1443 496 1458 ,
535 1413 562 1451 si
596 1414 675 1462 quis
708 1412 826 1450 officia
869 1409 1068 1448 istiuliriodi
1111 1409 1320 1455 negligeret.

299 1464 372 1503 Sed
406 1465 472 1503 fuit
504 1466 572 1503 hac
606 1461 858 1512 magnitudine
889 1461 1003 1498 animi
1035 1458 1216 1503 Traianus
1241 1487 1250 1503 ‚
1282 1468 1321 1498 ut
1356 1486 1359 1498 .

296 1516 426 1560 rebus,
454 1529 541 1566 quas
588 1514 748 1552 adulatio
795 1519 859 1549 aut
905 1519 1025 1548 metus
1074 1508 1323 1558 frequentius,

299 1577 412 1615 quam
445 1565 533 1605 fides
565 1567 603 1604 ὃς
634 1564 837 1603 reverentia
869 1561 1096 1610 exprimebat
1117 1587 1128 1604 ‚
1174 1559 1324 1598 suorum

300 1616 474 1665 obsequia
504 1618 659 1654 minime
693 1615 865 1652 omnium
906 1610 1126 1649 aestimanda
1170 1618 1321 1658 putaret.

300 1671 500 1704 Contentus
535 1665 781 1714 magnitudine
807 1691 817 1708 ,
855 1670 896 1699 ut
925 1661 1058 1699 Noster
1089 1660 1135 1698 de
1154 1671 1201 1698 eo
1220 1661 1324 1707 alibi,

298 1729 368 1766 qua
391 1717 481 1754 nulli
501 1727 644 1759 carent,
673 1728 782 1764 quam
804 1713 862 1763 qui
890 1710 1107 1760 majestatem
1149 1709 1211 1758 fibi
1243 1712 1326 1749 'vin-
1356 1747 1358 1759 i
1405 1756 1411 1762 ,
1829 1755 1834 1761 .
1875 1755 1880 1760 .
2137 1757 2142 1762 .

1357 1761 1359 1772 ’
1402 1756 1452 1796 ibi
1473 1767 1564 1805 opus
1587 1761 1673 1793 erat.
1725 1753 1900 1792 Martialis
1920 1755 2074 1792 Praefat.
2097 1755 2176 1794 Lib.
2191 1756 2276 1794 XII.
2291 1760 2347 1795 'In
2359 1757 2431 1795 hac

298 1767 435 1804 dicant.
477 1768 531 1804 Ii>
548 1780 568 1804 ε
584 1780 623 1803 M.
643 1777 646 1780 ’
663 1765 751 1802 Huc
771 1764 907 1802 faciunt
931 1790 945 1806 ,
990 1772 1086 1811 quae
1109 1761 1155 1798 de
1188 1761 1324 1801 eodem

300 1816 471 1855 Traiano
493 1817 627 1855 Noster
645 1817 778 1863 Paneg.
802 1826 868 1863 cap
902 1811 1083 1849 XLVIII.
1116 1810 1325 1859 praedicat,

302 1869 342 1905 ὃς
375 1866 551 1905 admisisse
585 1867 792 1905 salutatores
825 1865 982 1912 benigne
1007 1891 1017 1907 ,
1068 1863 1107 1900 ὃ(
1138 1862 1325 1900 εκςωὶιῖοε

299 1916 462 1956 Ιιεὼιιὲίῖε
493 1919 651 1956 comiter
675 1944 685 1961 ,
724 1915 827 1965 quod
849 1914 986 1964 aliquid
1006 1911 1106 1962 qual-i
1128 1913 1240 1960 magis
1261 1925 1327 1951 ne-

306 1966 498 2006 celsanum
521 1967 626 2006 dorni
647 1964 824 2004 tenuiss'et.
842 1965 997 2002 Coa-re.

359 2029 380 2054 2
409 2019 482 2067 Qi
503 2018 568 2055 hac
590 2017 751 2055 libertate
766 2044 776 2060 ,
801 2014 896 2064 erc]
923 2016 1001 2063 Qui
1019 2012 1166 2058 restitit,
1194 2025 1264 2052 nec
1286 2026 1328 2053 ea

306 2065 354 2104 de
387 2078 429 2106 re
457 2067 635 2107 offensam
669 2068 837 2115 principis
872 2067 1006 2103 veritus
1038 2063 1110 2108 est,
1137 2076 1214 2101 non
1246 2067 1331 2114 quia

306 2126 566 2156 contemneret
580 2133 590 2161 ς
619 2116 679 2156 sed
691 2118 774 2167 quia
789 2115 937 2164 fortiter
949 2125 1113 2157 amaret,
1142 2123 1182 2151 ut
1197 2114 1329 2153 Noster

309 2168 349 2206 in
371 2170 503 2217 Paneg.
524 2169 711 2218 loquitur:
748 2167 903 2204 liberum
938 2164 998 2203 sibi
1031 2163 1185 2202 statuens
1209 2193 1219 2209 ‚
1259 2164 1332 2203 five

310 2220 478 2263 veniret,
506 2219 565 2257 seu
593 2225 809 2256 remaneret.
864 2214 961 2253 Vide
986 2218 1024 2253 ὅ(
1050 2213 1142 2251 infra
1167 2215 1248 2253 Lib.
1262 2215 1332 2252 VI.

313 2267 423 2317 Epist.
455 2268 618 2307 XXVII.
658 2269 867 2306 BUCHNER.
921 2265 1142 2303 Mediceus:
1180 2266 1240 2315 qui
1269 2265 1335 2302 hac

314 2318 526 2357 liberalitate
547 2319 626 2357 usus
660 2318 708 2355 est
729 2319 784 2355 uti
814 2327 940 2361 erata„
986 2315 1164 2353 Ceterum
1189 2318 1228 2354 ὃ(
1253 2318 1334 2362 ille,

313 2369 354 2407 &
377 2372 502 2420 reliqui
530 2370 635 2408 MSS.
667 2369 824 2406 verbum
858 2364 1130 2405 substantivum
1160 2373 1335 2413 tuentur,

313 2421 417 2469 quod
442 2423 498 2459 alii
521 2421 772 2468 neglexerunt.

370 2482 391 2520 3
431 2470 663 2518 Φιλὸικλος.]
701 2476 829 2506 Rerum
864 2465 1101 2516 pulchrarum
1126 2466 1302 2516 studiosus
1327 2497 1337 2514 ,

313 2521 375 2559 vel
395 2522 543 2571 cupidas.
598 2521 697 2558 Male
720 2528 846 2556 autem
869 2519 927 2555 hic
949 2519 1165 2568 exponitur,
1191 2517 1337 2567 elegans.

314 2571 377 2610 Est
401 2574 439 2611 ὅ(
455 2573 521 2609 alia
543 2570 654 2608 1ρὲῂο
680 2569 914 2612 icanapiza,
941 2566 1045 2618 quod
1070 2568 1194 2613 sonat,
1221 2582 1340 2606 reram

318 2635 499 2660 novarum
514 2620 571 2667 stu
583 2620 685 2669 iiosas
701 2649 710 2663 ,
739 2617 814 2656 five
837 2618 1023 2655 novitatis.
1047 2618 1183 2656 HENn.
1201 2620 1339 2658 STEPH.

370 2687 393 2719 4
423 2671 635 2710 limacitatis
657 2667 982 2719 reprehensionem]
1014 2668 1174 2707 Emendi
1199 2671 1342 2708 vitium.

322 2724 462 2760 Rarum
487 2722 708 2758 vocabulum
733 2721 887 2757 inventu
901 2718 1080 2756 emacitas.
1133 2719 1343 2769 Qosdam,

324 2774 441 2819 inquit
483 2771 680 2810 Columella
706 2799 716 2815 ‚
752 2769 919 2806 emacitas
951 2770 989 2806 in
1014 2771 1260 2818 comparandis
1283 2783 1344 2806 ar-

327 2823 453 2857 mentis
474 2834 601 2858 exercet
619 2851 626 2864 ,
655 2823 695 2858 de
718 2821 858 2857 tuendis
882 2819 984 2856 nulla
1005 2833 1088 2856 cura
1113 2821 1245 2868 tangit.
1288 2821 1346 2858 Ab

328 2881 442 2906 emate
475 2870 572 2906 reete
605 2870 735 2906 deduci
758 2869 874 2917 potest
899 2898 909 2914 ,
936 2882 1014 2920 quo
1050 2871 1105 2907 M.
1136 2871 1232 2908 Cato
1265 2871 1346 2908 usus

329 2918 389 2955 est.
418 2919 569 2953 (ἶΑτΛΝ.
603 2919 662 2952 Ad
680 2920 902 2962 emacitatis.
931 2919 1021 2967 eya]
1058 2921 1156 2957 Naiin
1187 2930 1345 2970 patrem-

322 2968 487 3017 familias
526 2966 717 3001 vendacem
740 2993 750 3007 ,
798 2979 866 3000 non
895 2981 1048 3004 emacem
1076 2969 1133 3016 effe
1171 2981 1346 3020 oportere,

334 3018 486 3055 Catonis
510 3023 742 3064 praeceptum
775 3014 832 3050 cst.
886 3018 922 3061 Q
934 3027 1011 3053 iare
1042 3018 1087 3054 ai
1117 3020 1261 3058 laniem
1291 3033 1346 3058 re-

334 3066 407 3108 fert
428 3067 556 3117 Nepos
580 3091 591 3110 ‚
629 3063 734 3115 quod
759 3063 803 3102 de
833 3064 963 3103 Attico
994 3075 1134 3113 nai-iat,
1162 3082 1240 3109 cam
1271 3070 1347 3120 effer

1396 963 1572 994 emacem,
1611 948 1759 998 vectigal
1791 949 1844 996 est.
1881 951 2090 989 Euenum.
2129 952 2316 990 Catonem
2349 954 2414 992 ad-

1399 1001 1578 1050 scripscrat
1600 1001 1710 1037 etiam
1749 999 1925 1038 Barthius.
1978 1001 2030 1039 At
2053 1003 2268 1040 veterrimus
2291 1003 2416 1043 Medi-

1398 1063 1482 1089 ceus
1504 1049 1600 1089 aliud
1620 1049 1774 1098 suggerit
1795 1078 1806 1094 ,
1843 1062 1981 1100 nempe
2005 1064 2013 1088 :
2050 1051 2156 1101 usque
2183 1054 2234 1088 ad
2262 1055 2416 1094 civitatis

1398 1100 1713 1150 reprehenfionem‚
1742 1101 1845 1150 quod
1870 1110 1996 1138 tamen
2028 1112 2105 1138 non
2137 1102 2264 1150 probo.
2319 1105 2420 1144 Vide

1397 1151 1492 1190 dieta
1515 1154 1561 1189 ad
1587 1152 1667 1189 Lib.
1690 1151 1738 1188 ll.
1761 1150 1868 1200 Epist.
1893 1150 1996 1188 XIIl.
2030 1163 2064 1188 n.
2091 1162 2149 1189 10.
2178 1153 2274 1201 cujus
2307 1153 2420 1203 [ami-

1396 1201 1522 1251 citiae]
1545 1201 1603 1250 effe
1623 1214 1700 1239 eum
1722 1201 1836 1252 usque
1857 1201 1903 1239 ad
1932 1202 2104 1240 intimam
2138 1201 2419 1244 familiaritatem

1397 1262 1570 1302 capacem*-

1452 1316 1469 1351 ς
1502 1301 1665 1339 Multum
1686 1301 1810 1352 ubique
1829 1302 1999 1340 librorum
2026 1332 2036 1348 ‚
2075 1302 2163 1352 σε]
2201 1304 2332 1342 Paulus
2353 1305 2422 1352 JC.

1398 1352 1437 1390 in
1460 1354 1607 1391 caeteris
1630 1353 1734 1390 rebus
1756 1352 1913 1391 instrucsti
1937 1353 2039 1391 fundi
2062 1354 2295 1394 bibliothecas
2308 1357 2421 1394 etiam

1401 1407 1506 1451 ponsst
1527 1403 1606 1440 Lib.
1631 1403 1700 1440 Ill.
1724 1403 1822 1440 Sent.
1843 1405 1896 1442 tit.
1925 1403 2014 1440 VII.
2046 1403 2091 1442 de
2125 1405 2281 1453 Legatis.
2336 1406 2425 1444 Me-

1402 1454 1507 1492 minit
1531 1452 1716 1492 &Noster
1737 1451 1838 1501 supra
1869 1455 1908 1491 in
1942 1454 2183 1493 Laurentino.
2248 1455 2424 1496 Martialis

1404 1504 1485 1541 Lib.
1508 1504 1596 1541 VII.
1618 1503 1724 1550 Eng.
1747 1502 1873 1541 XVII.
1897 1505 2000 1542 Ruris
2029 1504 2234 1543 bibliotheca
2268 1504 2423 1545 delicati.

1403 1553 1451 1590 Et
1474 1553 1555 1591 fane
1579 1563 1665 1590 cum
1690 1551 1894 1590 studiorum
1925 1554 2024 1591 causa
2056 1555 2221 1594 Romani
2250 1556 2288 1592 in
2321 1557 2422 1596 villas

1402 1605 1441 1642 ὃ(
1462 1603 1606 1654 praedia
1628 1602 1687 1639 sua
1712 1613 1826 1651 quam
1849 1604 2012 1640 maxime
2043 1604 2199 1644 solerent
2231 1605 2426 1654 secedere,

1402 1657 1533 1703 quibus
1555 1664 1683 1692 vacare
1706 1653 1745 1689 in
1766 1652 1856 1690 urbe
1889 1664 1953 1702 per
1982 1657 2219 1701 negotiorum
2254 1656 2428 1706 frequen-

1401 1707 1490 1742 tiam
1515 1717 1593 1742 non
1613 1710 1688 1741 erat
1723 1704 1907 1751 integrum
1931 1731 1942 1748 ,
1978 1704 2202 1744 bibliothecis
2232 1709 2427 1756 praecipue

1403 1805 1618 1856 provinciali
1631 1803 1844 1854 solitudine,
1874 1803 1935 1842 ubi
1967 1805 2034 1854 nisi
2063 1806 2337 1855 intemperanter
2350 1807 2432 1855 stu-

1412 1857 1532 1894 demus
1547 1886 1557 1902 ‚
1585 1853 1714 1903 &fine
1729 1854 1857 1902 solatio
1873 1882 1884 1899 ,
1907 1854 2040 1905 &fine
2065 1858 2283 1905 excusatione
2312 1857 2430 1905 feceffi-

1414 1920 1502 1944 mus.
1554 1906 1652 1945 Vide
1676 1904 1853 1942 Nostrum
1877 1906 1957 1943 Lib.
1991 1906 2018 1943 Ι.
2049 1905 2158 1955 Epist.
2192 1907 2334 1945 XXIII.
2362 1909 2430 1946 So-

1412 1958 1535 1996 lebant
1563 1959 1601 1996 in
1627 1956 1851 1995 bibliothecis
1882 1956 1994 1994 iidem
2028 1958 2221 2006 praecipue
2247 1958 2436 2007 imagines

1414 2008 1616 2058 statuasque
1648 2008 1814 2044 virorum
1848 2006 2035 2046 illustrium
2059 2035 2070 2052 ,
2109 2007 2276 2045 doctrina
2305 2009 2434 2058 impri-

1412 2061 1505 2104 mis,
1532 2059 1665 2096 habere
1685 2057 1816 2106 positas
1839 2087 1849 2103 ‚
1886 2056 1933 2095 de
1964 2068 2041 2106 quo
2074 2056 2293 2096 Avuncidus
2324 2059 2436 2100 nostri

1414 2110 1530 2147 Libro
1554 2109 1712 2145 XXXV.
1737 2109 1819 2144 Nat.
1846 2106 1936 2145 Hist.
1960 2108 2050 2156 Cap.
2081 2107 2130 2144 11.
2163 2119 2275 2158 quare
2303 2109 2342 2147 &
2373 2110 2437 2148 hic

1413 2159 1547 2197 Plinius
1571 2170 1658 2196 cum
1678 2158 1902 2195 bibliothecis
1924 2155 2052 2195 statuas
2083 2159 2284 2207 conjungit.
2337 2159 2437 2200 Vide

1418 2209 1569 2247 &infra
1595 2210 1672 2246 Lib.
1700 2208 1765 2244 lV.
1786 2207 1816 2244 E
1844 2207 1932 2245 istol.
1956 2208 2136 2245 XXVIlI.
2164 2209 2375 2248 Euenum.

1467 2261 1491 2296 6
1518 2260 1629 2309 Cujus
1652 2257 1811 2295 natalem
1855 2258 1997 2306 Virgilii
2018 2259 2141 2297 natalis
2164 2259 2286 2298 Idibus
2318 2260 2437 2299 oeco-

1419 2309 1488 2349 bris
1511 2309 1589 2347 fuit.
1614 2309 1767 2346 Marti-al.
1803 2309 1987 2346 Octobres
2015 2309 2126 2347 Maro
2149 2310 2372 2349 consecravit
2399 2308 2435 2345 1-

1420 2359 1496 2399 dus.
1525 2361 1597 2398 Cui
1628 2360 1826 2397 sententiae
1861 2358 2071 2408 [Donatus]
2103 2359 2252 2399 accedit.
2283 2361 2433 2398 Cerea.

1419 2413 1532 2461 Cujus
1562 2409 1724 2447 natalem
1750 2408 1966 2459 religiosius]
2004 2409 2175 2448 Solebant
2215 2417 2433 2458 magnorum

1422 2463 1461 2500 &
1484 2461 1742 2501 excellentium
1766 2460 1932 2498 virorum
1954 2461 2112 2506 natales,
2140 2459 2341 2498 viventium
2355 2465 2432 2493 nori

1424 2513 1542 2551 inodo
1559 2540 1570 2557 ,
1595 2511 1747 2551 honoris
1759 2525 1770 2554 ;
1799 2510 1860 2548 sed
1882 2519 2117 2549 mortuorum
2130 2512 2236 2548 etiam
2251 2534 2262 2550 ,
2288 2516 2433 2542 memo·

1423 2564 1495 2601 riae
1518 2575 1560 2600 ac
1578 2563 1822 2601 venerationis
1844 2561 1968 2606 causa,
1995 2559 2172 2599 celebrari.
2223 2557 2359 2593 Seneca
2385 2554 2433 2591 E-

1423 2613 1499 2663 pist.
1525 2613 1664 2651 LXIV.
1691 2611 1852 2649 Multum
1873 2621 2015 2661 egerunt
2035 2636 2046 2652 ‚
2082 2607 2140 2657 qui
2162 2614 2245 2640 ame
2275 2615 2335 2640 7¹⁰5
2353 2606 2435 2651 sue·

1426 2675 1538 2709 runt,
1557 2665 1624 2714 sed
1645 2676 1713 2701 non
1730 2670 1961 2712 peregerunt.-
1988 2655 2189 2711 sustlclendl
2207 2659 2436 2702 tamensunt,

1425 2726 1470 2754 <J
1492 2716 1566 2753 ritu
1588 2719 1742 2752 Deorum
1769 2712 1912 2750 colendi.
1942 2731 1944 2734 >
1973 2707 2120 2762 Qldm·
2140 2717 2195 2750 ²30
2228 2715 2441 2760 magnffum

1426 2767 1589 2803 virorum
1612 2764 1832 2811 &imagines
1854 2759 2002 2796 habeam
2018 2782 2028 2797 ,
2053 2764 2286 2792 incitamenta
2310 2766 2440 2800 anima

1426 2827 1471 2854 ω·
1490 2816 1630 2853 natales
1652 2812 1841 2850 celebrem?
1871 2809 1943 2844 Ubi
1969 2814 2055 2842 nota
2081 2805 2280 2851 imaginum
2312 2802 2439 2843 finem:

1426 2878 1514 2914 quas
1536 2866 1622 2904 ideo
1643 2859 1800 2901 habuiffe
1831 2855 2000 2904 fignificat
2024 2883 2033 2898 ‚
2071 2863 2112 2891 tit
2146 2855 2334 2891 incitarent
2367 2857 2443 2894 ani-

1430 2927 1533 2953 mum
1571 2915 1617 2951 ad
1649 2905 1915 2958 ampieetendas
1948 2907 1985 2942 &
2018 2904 2249 2941 aemulandas
2298 2906 2446 2944 virtutes

1428 2966 1570 3003 illorum
1586 2990 1596 3006 ‚
1624 2969 1785 3009 quorum
1798 2954 2065 2992 fimilitulinem
2082 2955 2298 2992 exhibebant
2318 2954 2448 2992 Bucu-

1429 3025 1521 3050 κειι.
1546 3010 1654 3048 Adde
1688 3007 1841 3046 Statium
1878 3005 2029 3042 Praefat.
2058 3005 2137 3042 Lib.
2175 3004 2221 3042 ΙΙ.
2257 3005 2381 3043 Silvar.
2408 3007 2450 3045 ὃ(

1430 3057 1656 3110 Eciog.vil.
1679 3055 1951 3096 Genethliacon
1974 3056 2129 3095 Lucani.

2309 3118 2326 3148 ι
2357 3107 2452 3156 Nu}
