2616 3686
418 189 2151 280 ADLECTOREM.

199 361 440 416 animum
457 345 978 410 concelebremus.1s
998 347 1409 406 aCeleberrimo
1430 349 1835 407 Drakenborchio
1856 355 1945 409 vix
1980 357 2231 427 edofim,
2271 379 2370 421 no..

201 450 325 488 vam
350 421 716 487 hicterrarum
756 427 926 498 parari
971 426 1268 482 editionem
1310 427 1523 481 Secunda
1545 426 1919 498 Epzstolarum‚
1949 428 2038 484 sua
2067 432 2256 504 sponte
2271 438 2369 491 ob-

197 507 304 564 fert
340 505 539 561 *MSSti
575 503 774 560 codicis
812 501 1190 554 collationem,
1222 504 1348 572 qui,
1389 516 1446 555 ut
1478 515 1656 573 gratus
1694 502 2062 559 testificaretur
2124 509 2326 563 animus
2355 549 2372 574 ,
2409 513 2418 521 “

204 585 574 640 Arnzem'anus
615 575 782 632 dicius
834 573 924 629 est.
1000 575 1087 629 De
1131 574 1246 644 ipso
1294 575 1432 630 libro
1485 576 1705 648 ejusque
1756 581 1931 649 pretio
1978 579 2149 650 ipsum
2191 583 2371 638 audia-

203 675 364 714 mus:
409 656 437 676 ’'
486 651 697 709 Addidi
746 649 907 704 Pltmt
959 647 1301 720 Epzstolarum
1362 652 1713 706 collationem
1753 652 1821 707 ad
1872 655 2122 710 codicem
2163 655 2372 712 charta-

203 772 239 797 ‚‚
280 747 463 793 ceum,
506 744 665 783 manu
703 742 813 779 non
869 724 1166 778 admodum
1218 728 1465 798 antiqua,
1507 725 1563 780 ὃς
1602 726 1802 798 saepius
1841 730 2027 799 inepte
2068 729 2368 796 aberrante,

202 845 238 871 „
277 819 333 860 ut
356 804 508 860 facile
548 803 771 857 sciolum
811 798 963 854 fuisse
987 801 1328 870 intelligeres.
1408 800 1578 854 Certe
1618 800 1854 857 Graecas
1896 803 2100 860 litteras
2129 805 2371 876 ignoras-

199 919 236 947 „
275 879 327 933 se
366 880 567 934 docent
591 896 619 932 a
657 874 888 930 secunda
922 892 1083 930 manu
1118 874 1310 928 inserta
1348 874 1692 930 Graecorum
1730 877 2021 933 verborum
2059 880 2112 932 ἃ
2157 882 2370 936 lenten-

199 991 242 1018 ,‚
285 955 514 1016 riarum,
554 968 683 1025 quas
717 951 983 1005 adtulerat
1019 949 1246 1013 Plinius,
1284 949 1586 1021 fragmenta
1622 951 1792 1005 lacera
1820 950 2004 1022 paffim
2040 953 2094 1007 &
2119 953 2312 1009 hiulca.
2331 994 2367 1024 „

200 1026 361 1084 Haec
411 1027 515 1082 ille.
589 1026 746 1099 Quae
794 1024 933 1078 fud.
988 1022 1389 1097 Lindenbrogz‘us
1437 1027 1568 1079 olim
1628 1043 1696 1080 ex
1762 1025 1970 1080 vetusto
2037 1028 2233 1083 codice
2274 1048 2369 1085 ex-

194 1102 492 1173 cerpserat,
533 1120 599 1156 ex
625 1100 962 1154 Bibliotheca
1003 1099 1213 1170 publica
1254 1099 1406 1154 bonis
1447 1099 1646 1154 artibus
1689 1118 1801 1154 non
1843 1102 2013 1155 minus
2034 1119 2194 1174 quam
2230 1122 2370 1160 mer-

195 1191 378 1231 catura
422 1175 822 1230 florentiffimae
862 1175 1090 1229 civitatis
1129 1173 1554 1246 Hambu'rgenfis
1579 1215 1595 1239 ,
1637 1192 1763 1228 cum
1815 1174 1887 1228 ibi
1928 1193 2270 1242 moraretur,
2309 1180 2370 1234 li-

194 1250 511 1306 beralissime
533 1265 821 1322 exceptus,
866 1249 1046 1303 secum
1082 1249 1287 1302 Cornus
1324 1252 1647 1322 exportavit.
1724 1248 1843 1303 Nec
1885 1254 2265 1322 praetereunda
2305 1252 2380 1307 fi-

193 1325 363 1380 lentio
389 1368 403 1387 ‚
443 1344 579 1398 quae
619 1325 720 1379 fuit
760 1323 1069 1378 Venerandi
1109 1342 1217 1377 van
1262 1322 1352 1376 der
1395 1325 1580 1379 Hardt
1628 1322 1852 1377 facilitas
1879 1363 1896 1387 ,
1951 1343 2056 1398 qua
2097 1325 2371 1382 Heuma-

196 1399 434 1454 diensem
457 1401 706 1455 codicem
728 1415 868 1452 anno
905 1416 1062 1466 1477·
1103 1411 1382 1453 exaratum
1424 1398 1655 1471 Lipfiam
1697 1398 1931 1453 nostram
1983 1401 2201 1456 miserit.
2284 1402 2369 1457 De

193 1473 529 1546 Bongarssano
556 1518 569 1537 ,
610 1477 703 1547 qui
744 1475 904 1527 etiam
943 1471 1043 1527 fuit
1082 1472 1374 1536 adhibitus,
1414 1491 1526 1528 non
1568 1473 1667 1536 est,
1709 1473 1861 1545 quod
1903 1473 2158 1532 dicamuS.

269 1547 437 1604 Erant
474 1564 682 1621 praeter
724 1565 785 1602 ea
816 1547 883 1602 ad
925 1565 1141 1610 manuS,
1185 1565 1253 1600 ne
1314 1547 1555 1617 vulgares
1598 1565 1779 1600 omnes
1803 1565 2144 1612 enarremus,
2179 1552 2231 1604 in
2259 1552 2370 1623 pri-

195 1623 293 1675 mis
347 1624 612 1676 editiones
653 1625 916 1691 Anonyma
957 1643 1007 1689 4,
1063 1622 1308 1674 Catanaet
1349 1622 1565 1684 variae,
1614 1620 1834 1685 Aldmae
1890 1623 2047 1686 1508.
2102 1624 2153 1676 &
2204 1629 2364 1690 1518.

199 1697 245 1745 8.
292 1697 632 1749 Schurerz'ana
690 1699 838 1762 1614.
880 1716 932 1761 4.
989 1695 1203 1766 Grypht't'
1250 1711 1408 1760 1551.
1466 1694 1513 1748 8.
1565 1695 1811 1764 Stephani
1852 1713 2012 1765 ¹59¹·
2056 1696 2134 1752 Cl.
2172 1700 2367 1752 Minois

198 1773 356 1822 1608.
432 1788 514 1821 12.
570 1770 789 1820 Grutert
837 1774 993 1821 1611.
1043 1786 1129 1822 12.
1179 1767 1235 1821 &
1284 1769 1501 1835 Joanm's
1539 1766 1601 1820 de
1639 1766 1883 1830 Trt'dino‚
1937 1769 2006 1823 de
2049 1788 2155 1842 qua
2197 1773 2368 1845 supra.

265 1843 436 1897 Hisce
478 1847 677 1896 Cornus
713 1840 986 1896 instruPtus
1037 1841 1105 1894 ad
1143 1855 1296 1895 notas
1327 1841 1380 1895 se
1404 1841 1773 1897 convertebat.
1853 1843 1910 1896 In
1956 1859 2174 1914 promtu
2213 1862 2366 1904 erant

194 1916 468 1977 Catanaet,
511 1915 810 1984 Cafhuboni,
860 1915 1133 1988 Stephani,
1187 1915 1557 1985 Rittershzfii,
1617 1918 1835 1979 Minois,
1875 1917 2172 1987 Buchnert,
2225 1925 2370 1975 Gro-

194 1993 333 2042 novn'
368 1991 702 2063 aliorumque
726 2030 741 2054 ,
794 2008 923 2064 quas
980 1989 1277 2061 Veenhufius
1327 1991 1459 2044 olim
1496 2029 1511 2054 ,
1548 1990 1671 2045 licet
1711 1992 1937 2046 subinde
1974 1993 2109 2048 male
2133 1994 2363 2059 habitas.

192 2065 431 2118 inunum
473 2065 778 2136 collegerat.
856 2063 1211 2119 Access'erunt
1256 2065 1464 2118 Callani
1514 2067 1858 2138 praecipuae,
1899 2069 2142 2141 itemque
2193 2071 2371 2144 Schef-

169 2136 324 2208 firi,
365 2156 501 2210 quae
522 2139 772 2194 adhucin
812 2139 1162 2194 Lestionibus
1202 2138 1312 2210 ejus
1353 2139 1696 2194 Academicis
1736 2140 1851 2195 fere
1889 2141 2229 2198 delituerant.
2283 2146 2369 2201 In-

192 2224 271 2265 ter
327 2213 532 2284 Cafparz‘
566 2214 781 2267 Barthz'z'
820 2213 1305 2268 animadversiones
1355 2232 1465 2269 non
1516 2232 1745 2285 paucas,
1797 2214 2041 2279 Ledor,
2080 2219 2317 2273 invenies
2344 2258 2362 2284 ,

189 2303 318 2355 quas
343 2285 527 2342 frustra
553 2306 772 2361 quaeres
797 2289 850 2342 in
891 2288 1178 2360 libriS‚qui
1206 2289 1435 2357 reliquas
1477 2287 1719 2357 ejusdem
1761 2293 1941 2360 magni
1979 2291 2175 2345 Critici
2200 2311 2358 2364 prae-

186 2359 335 2413 stant.
412 2361 687 2417 Debemus
728 2379 809 2417 eas
840 2362 1210 2416 Bibliothecae
1251 2363 1527 2434 publicae,
1568 2380 1707 2433 quae
1731 2364 1986 2434 Cygneae
2008 2363 2357 2433 adservatur,

185 2434 332 2487 unde
364 2433 606 2503 ejusdem
629 2439 860 2490 Curator
889 2436 1271 2508 Gymnasiique
1312 2435 1545 2502 Recio&
1591 2438 1660 2490 V.
1695 2437 1779 2490 Cl.
1827 2439 2079 2509 Georgius
2114 2440 2362 2496 Andreas

186 2507 467 2560 Vt'nholdus
517 2509 666 2565 simul
707 2528 831 2564 cum
867 2509 1102 2580 pluribus
1127 2512 1235 2563 aliis
1273 2509 1627 2580 promtiffime
1664 2509 1923 2564 concellit
1963 2514 2208 2585 Stephani
2247 2517 2363 2571 edi.

188 2582 391 2635 tionem
425 2601 584 2653 1591.
626 2586 712 2637 cui
741 2584 953 2635 Barthzz
1002 2584 1315 2655 Daumiique
1346 2600 1531 2636 manus
1567 2582 1751 2653 passim
1791 2584 2092 2641 dostiffima
2137 2589 2364 2646 adnota-

184 2669 390 2710 verant.
419 2656 504 2712 Ne
531 2658 600 2712 de
629 2657 979 2712 Celeberrimi
1007 2657 1233 2711 Danielis
1271 2657 1530 2710 Gntlt'elmt'
1571 2655 1774 2711 ‘Trz'llert'
1811 2659 2046 2715 censuris
2093 2661 2149 2715 δε
2175 2681 2361 2720 emen·

183 2727 489 2786 dationibus
518 2732 697 2789 multis
730 2731 1035 2787 differamus
1066 2772 1081 2795 ‚
1109 2750 1245 2805 quae
1271 2746 1329 2785 ut
1357 2733 1748 2801 extemporales
1773 2772 1787 2795 ,
1840 2735 1910 2788 ita
1960 2736 2319 2806 pauciffimae.

252 2807 388 2862 Hoc
416 2808 538 2864 loco
563 2821 711 2862 erant
741 2825 824 2861 res
859 2807 1124 2861 Pltnz'anae
1144 2850 1157 2869 ‚
1190 2808 1361 2860 Cortio
1413 2805 1681 2879 Epistolae
1710 2807 1971 2862 XXXIII.
2001 2809 2119 2864 libri
2157 2813 2357 2870 decimi

181 2884 506 2945 mimortu0‚
532 2900 657 2938 cum
683 2880 947 2937 residuam
970 2885 1129 2939 telam
1153 2881 1542 2950 pertexendam
1565 2881 1693 2936 mihi
1710 2883 1946 2936 traderet
1973 2886 2361 2960 Waesbergz'us,

181 2954 281 3013 Vir
295 2957 363 3011 de
382 2975 440 3012 re
454 2959 706 3013 litteraria
718 2964 1051 3027 optimorum
1064 2958 1398 3027 Scriptorum
1414 2957 1652 3011 editione
1668 2956 2047 3013 meritiffimus.
2066 2959 2226 3016 Hanc
2240 2981 2364 3033 pro-

186 3033 411 3086 vinciam
427 3031 607 3088 nactus
635 3035 879 3087 maximo
903 3051 1070 3105 opere
1097 3031 1524 3096 contendebam,
1542 3045 1600 3085 ut
1618 3034 1782 3086 etiam
1809 3033 1877 3086 de
1890 3050 1977 3086 me
2006 3034 2209 3102 aliquid
2238 3052 2363 3107 opo·

188 3105 230 3157 ri
302 3105 620 3164 conferrem.
695 3107 963 3163 Inciderat
1018 3111 1072 3164 in
1127 3124 1312 3204 marius
1355 3124 1494 3164 meas
1541 3104 1799 3177 Juntina,
1857 3124 1995 3180 quae
2044 3107 2360 3166 Florentiae

1143 3181 1171 3207 ’ἃ

1277 3200 1311 3254 ²<
2194 3202 2353 3260 1515·
