2616 3686
269 433 305 484 4
346 416 617 472 immissus,

266 716 269 717 ’
347 705 792 776 probationibus,
844 701 1220 756 centurionem

336 147 439 264 464
598 148 2277 248 C.1’L1N11CAECILIISECU'Nnt

340 273 550 326 causam
580 282 592 303 ¹
616 272 873 327 Claudius
903 268 1119 326 Ariston
1145 303 1162 327 ‚
1189 295 1206 318 2
1242 267 1492 338 princeps
1532 264 1886 336 Ephesiorum
1914 303 1932 329 ‚
1980 265 2147 318 horno
2171 263 2481 333 munificus}

346 345 400 398 ἀ
445 359 459 385 ³
497 345 717 399 innoxie
744 344 1043 417 popularis:
1083 341 1211 396 inde
1230 339 1458 400 invidia,
1494 359 1512 384 ⁴
1536 337 1588 391 δε
1614 337 1968 393 dissimillimis
1993 335 2252 390 dissimilis
2275 336 2481 392 delator

692 417 874 488 Itaque
913 415 1178 470 absolutus
1227 412 1637 482 vindicatusque
1687 411 1777 466 est.
1854 409 2114 480 Sequenti
2165 407 2257 463 die
2305 409 2486 465 audita

348 489 421 543 est
457 490 469 515 ⁵
507 490 710 543 Galitta
749 489 997 544 adulterii
1035 503 1140 540 rea.
1217 485 1398 551 Nupta
1436 484 1567 537 baec
1594 482 1848 538 Tribuno
1877 484 2108 537 militum
2135 480 2365 536 honores
2387 500 2485 554 pe-

349 563 550 621 tituro‚
589 568 607 592 ⁶
646 563 699 615 &
733 563 876 616 suam
905 560 959 612 &
998 558 1175 611 mariti
1202 555 1519 626 dignitatem
1548 558 1879 610 centurionis
1906 571 2089 609 amore
2114 554 2487 610 maculaverat.

351 633 583 688 Maritus
626 632 839 702 Legato
869 627 1150 686 Consulari
1180 665 1193 688 ,
1235 643 1251 670 ⁷
1291 627 1378 680 ille
1416 625 1626 680 Caesari
1662 627 1951 701 scripserat.
2029 625 2221 682 Caesar
2264 624 2490 684 excuffis

1270 693 1287 719 ⁸
1337 698 1699 763 exauetoravit
1729 740 1746 765 ‚
1807 715 1970 773 atque
2015 703 2177 756 etiam
2220 700 2494 771 relegavit.

351 778 637 849 Supererat
676 776 928 838 crimini,
975 773 1129 847 quod
1168 769 1264 826 nifi
1299 769 1535 825 duorum
1569 769 1672 845 esse
1710 789 1819 834 non
1857 788 2110 845 poterat,
2149 773 2352 846 reliqua
2377 788 2494 842 pars

2336 846 2498 900 ultio-

350 1001 435 1028 ceus
460 1017 470 1034 ,
508 1000 579 1029 nec
610 990 669 1028 alii
702 987 810 1027 MSS.
842 987 986 1032 nostri,
1024 994 1073 1028 ne
1104 981 1201 1024 Edd.
1235 980 1388 1035 quidem
1416 981 1423 1005 ¹
1456 985 1602 1032 gantiae
1640 979 1755 1023 videri
1787 977 1941 1034 posset.
1989 986 2162 1035 coniungi
2198 983 2383 1032 munificus
2409 1012 2420 1030 ,
2459 984 2498 1022 &

351 1041 453 1089 vett,-
486 1041 701 1078 l’ronomen
721 1039 806 1077 haec
830 1041 1050 1088 exprimunt.
1080 1038 1211 1086 Itaque
1255 1036 1387 1074 delevi.

406 1105 421 1130 1
463 1091 639 1129 Claudius
675 1089 846 1138 Aristo.]
901 1093 1046 1130 Omnes
1079 1089 1188 1126 MSS.
1223 1089 1261 1125 &
1294 1086 1388 1124 Edd.

349 1140 456 1178 Vett.
489 1153 575 1179 cum
611 1141 782 1190 Gryphio
817 1139 973 1186 Ariston.
1005 1137 1117 1178 refte.
1157 1139 1306 1178 Graecis
1327 1138 1391 1173 ’A-

352 1206 480 1240 ξιςωυ,
510 1194 548 1230 &
576 1194 672 1230 hanc
704 1193 975 1230 extremitatem
1016 1190 1214 1239 saepissime
1247 1189 1391 1227 servant

355 1242 506 1287 Latini,
535 1251 575 1281 ut
599 1243 823 1282 ostendimus
847 1241 893 1280 ad
917 1242 1060 1280 Lucani
1084 1242 1164 1280 Lib.
1178 1241 1228 1277 V.
1238 1252 1290 1277 vs.
1310 1252 1389 1290 134.

404 1364 501 1446 ——f
531 1366 601 1375 --
651 1343 840 1383 barbarica
864 1356 942 1383 cum
965 1343 1130 1394 lampade
1151 1343 1304 1393 Python

409 1405 470 1433 Ar
485 1407 528 1434 tt.

356 1498 406 1537 ita
431 1499 529 1538 enim
556 1510 687 1537 omnes
711 1500 818 1539 MSS.
843 1501 881 1538 ὃς
905 1497 998 1536 Edd.
1021 1499 1124 1536 Vett.
1147 1509 1189 1536 ac
1222 1497 1393 1542 mediae,

356 1562 436 1587 non
461 1548 587 1598 Pytho.
617 1552 772 1589 Nomen
794 1550 942 1599 Ariston
962 1551 1139 1588 habemus
1161 1551 1271 1588 etiam
1294 1549 1392 1599 apud

356 1600 516 1639 Primum
550 1602 628 1639 Lib.
662 1602 845 1641 xxxiii.
877 1601 966 1640 rust.
999 1601 1084 1638 Nat.
1117 1612 1192 1648 cap.
1227 1601 1312 1638 xii.
1353 1602 1393 1638 δε
1428 1590 1430 1604 ’

361 1651 443 1689 Lib.
478 1653 656 1689 XXXIV.
691 1665 768 1702 cap.
803 1653 910 1691 VIII.
943 1645 1033 1690 it'em
1067 1653 1104 1689 in
1134 1652 1229 1689 libris
1252 1653 1394 1699 aliquot

361 1700 475 1790 'gullii
509 1704 556 1741 II.
591 1703 772 1742 Academi.
796 1716 872 1754 ca-p.
896 1702 1071 1741 XXXIX.
1098 1702 1245 1740 Ariston
1269 1704 1395 1741 Chius.

401 1767 518 1792 ORTE.

411 1817 431 1841 2
464 1803 687 1853 Ephestoram
707 1806 871 1856 princeps.
893 1804 909 1855 ἶ
939 1805 1081 1843 Primus
1102 1806 1140 1843 in
1161 1803 1251 1841 urbe
1273 1804 1397 1853 Ephe-

360 1853 412 1891 so.
443 1855 593 1905 Ephesas
616 1857 741 1894 civit-as
762 1858 893 1904 Joniae
912 1857 1146 1894 celeberrima
1172 1883 1182 1899 ,
1210 1857 1249 1893 ὃς
1271 1866 1396 1904 portus

361 1905 399 1941 in
433 1905 520 1945 sinu.
571 1906 757 1945 Herodot.
789 1908 931 1956 Lydiae
953 1905 1022 1944 ess:
1045 1906 1154 1951 dicit,
1182 1915 1336 1945 vocatur
1359 1909 1398 1946 ὃς

361 1962 517 2005 Smyrna
535 1985 545 2002 ‚
574 1958 618 1995 ab
666 1959 865 1996 Amazone
915 1960 1072 2005 Smyrna
1119 1957 1297 2006 appellata
1321 1987 1331 2002 ‚
1361 1960 1399 1997 δε

361 2011 530 2045 Sermona
545 2036 555 2052 ,
585 2010 623 2046 ὃ(
638 2010 790 2058 Ortygia
805 2038 816 2054 ,
845 2011 884 2049 &
908 2007 1028 2046 Ptelea
1040 2024 1050 2044 .-
1067 2007 1114 2047 ibi
1129 2016 1203 2046 erat
1214 2010 1400 2057 templum

362 2057 518 2096 Dianae.
551 2058 644 2096 Urbs
676 2060 713 2097 in
747 2071 841 2097 cavo
872 2061 960 2097 Ioco
984 2058 1158 2102 condita,
1183 2060 1401 2108 tempestate

363 2111 544 2147 iubineria
568 2108 636 2147 fuit
659 2111 780 2148 multis
802 2110 1038 2158 interemptis.
1082 2108 1327 2157 Lysimachus
1353 2112 1402 2148 ci-

363 2160 518 2198 vitatem
542 2159 742 2206 transtulit,
769 2161 830 2199 ubi
852 2172 950 2198 nunc
973 2159 1021 2198 est
1046 2187 1056 2204 ,
1083 2171 1197 2209 quam
1220 2160 1264 2197 ab
1285 2172 1403 2198 uxore

361 2208 421 2246 sua
449 2210 622 2259 Arfinoen
646 2212 880 2257 nominavit,
908 2210 967 2249 sed
991 2223 1037 2249 er)
1061 2218 1214 2248 mortuo
1239 2212 1403 2259 priorem

363 2262 648 2310 appellationem
672 2261 869 2311 resumpsit.
899 2262 1113 2310 Stephanus.
1143 2261 1299 2301 CATAN.

421 2324 440 2360 3
475 2311 643 2351 Innoxiae
673 2311 964 2362 popularitatis]
1005 2313 1151 2362 Populo
1182 2322 1303 2360 gratus
1330 2313 1405 2352 fine

369 2361 509 2401 damno
541 2364 692 2411 alicujus
718 2393 728 2409 ‚
766 2364 826 2403 vel
855 2363 1023 2403 innoxiae
1060 2362 1334 2413 popularitatis,
1360 2365 1407 2404 ad

368 2415 480 2454 idem.
513 2416 627 2453 lomi.
658 2415 772 2454 Vides
803 2417 910 2455 aliam
943 2414 1145 2454 leffionem
1173 2416 1295 2463 primo
1317 2417 1404 2454 Ioco

370 2477 557 2514 exponere
581 2467 808 2504 Catanaeum
825 2496 834 2512 ,
862 2478 975 2516 quam
995 2477 1091 2516 quae
1110 2467 1149 2504 in
1172 2467 1327 2514 vulgatis
1341 2468 1407 2505 cir-

369 2517 595 2556 cumfertur:
623 2518 789 2554 innoxiae
815 2517 1078 2568 popularitatis.
1133 2516 1205 2555 Sed
1229 2529 1292 2555 cur
1315 2516 1408 2556 diffi-

372 2570 515 2606 mu’ant
539 2569 633 2607 iram
657 2568 859 2606 leetionem
884 2569 1010 2606 Minos
1038 2597 1049 2612 ‚
1078 2568 1280 2613 Gruterus,
1308 2569 1410 2607 Box-

369 2619 550 2658 hornius?
579 2621 721 2658 Scilicet
754 2619 947 2658 Mediceus
971 2621 1009 2658 &
1031 2631 1162 2657 omnes
1183 2618 1299 2668 scripti
1324 2631 1410 2659 cum

373 2669 467 2708 Edd.
491 2671 595 2708 Vett.
618 2672 657 2709 ὃς
684 2671 878 2718 thpliio:
909 2670 1009 2707 homo
1035 2669 1223 2716 munificus
1244 2681 1287 2708 ω’
1309 2671 1412 2709 inno-

375 2723 428 2758 xie
448 2721 642 2771 popularis,
674 2720 777 2770 quod
799 2721 882 2760 sane
904 2729 1095 2768 tantopere
1119 2720 1302 2770 displicere
1335 2733 1413 2761 non

378 2773 495 2818 potest
511 2801 520 2814 ‚
551 2784 619 2810 nec
643 2772 761 2810 debet.
794 2773 940 2810 Innoxie
962 2771 1100 2810 addidit
1124 2800 1133 2815 ‚
1162 2779 1202 2809 ut
1227 2773 1304 2809 Cic.
1331 2773 1410 2812 Lib.

381 2820 468 2856 XII.
488 2822 590 2859 Fam.
611 2824 720 2872 Epist.
746 2824 812 2860 IV.
835 2836 870 2861 n.
895 2836 927 2860 2.
970 2829 1091 2872 Itaque
1112 2822 1161 2858 ad
1181 2837 1242 2860 nos
1267 2836 1411 2861 concur-

381 2870 499 2912 ritur,
520 2873 680 2920 saxiique
702 2875 773 2911 iam
802 2877 837 2912 in
863 2886 900 2912 re
924 2874 1060 2911 salutari
1076 2874 1265 2922 populares
1277 2875 1410 2920 famus.
1446 2880 1449 2898 ¹

382 2919 482 2955 Vide
516 2929 644 2957 notam
679 2925 723 2960 ad
752 2924 872 2962 Eiusd.
905 2925 986 2962 Lib.
1026 2924 1223 2971 1X.1{pist.
1249 2925 1355 2962 XIV.
1378 2938 1413 2963 n.

387 2980 444 3017 13.
471 2979 511 3024 uf
529 2970 671 3024 [anima
690 2974 860 3018 set-eritas
879 2975 1198 3022 animadver‘fionis
1224 2989 1293 3014 non
1317 2978 1416 3013 modo

385 3031 457 3056 non
491 3020 666 3065 invidiosa
692 3048 702 3063 ,
731 3022 793 3069 sed
820 3024 928 3058 etiam
954 3026 1135 3070 popularis
1157 3026 1243 3074 effet.
1298 3026 1414 3075 Quod

385 3072 429 3114 ni
453 3068 573 3109 Codri.
593 3069 688 3111 hinc
709 3070 908 3110 le6tioiiciii
933 3084 1064 3112 omnes
1095 3082 1282 3115 tuerentur
1304 3106 1316 3126 ‚
1344 3077 1416 3118 ele-

1457 1036 1627 1074 innoxiae
1655 1036 1909 1086 popularitatis
1933 1063 1944 1079 ‚
1989 1034 2035 1072 de
2066 1045 2139 1084 qua
2172 1037 2218 1074 ad
2250 1034 2384 1075 Sallust.
2421 1036 2499 1083 lug.

1463 1098 1541 1136 cap.
1578 1087 1699 1125 XCII.
1737 1098 1773 1125 n.
1813 1099 1846 1136 ς,
1885 1097 1964 1135 cap.
2007 1085 2111 1124 CIII.
2150 1098 2185 1125 n.
2224 1100 2256 1134 7.
2295 1089 2332 1126 ὃ(
2361 1087 2501 1137 pafiim.

1465 1139 1622 1176 Conna.
1655 1151 1658 1154 ’

1515 1202 1538 1234 4
1567 1194 1613 1226 Et
1649 1189 1693 1225 ab
1728 1188 1964 1236 diffimillimis
1998 1188 2135 1226 delator
2168 1186 2391 1238 immiffus.]
2447 1189 2505 1226 Sic

1463 1238 1581 1278 Aldus
1606 1268 1616 1285 ,
1655 1241 1844 1289 Gryphius
1874 1243 1912 1279 ὃς
1939 1241 2135 1289 pictaeque
2157 1241 2336 1287 vulgatae.
2394 1240 2504 1276 Cata-

1464 1301 1576 1328 naeus
1601 1293 1637 1329 &
1662 1293 1791 1340 pauci:
1821 1301 1865 1328 <9⁵
1885 1291 1931 1327 ab
1955 1290 2191 1338 diſjimillimis
2214 1289 2382 1338 diffimilis
2407 1289 2507 1326 dela·
2570 1320 2573 1323 .

1465 1351 1522 1378 tor
1551 1341 1736 1391 immissus.
1777 1340 1884 1379 MSS.
1917 1340 2022 1378 Vofl'.
2057 1341 2216 1379 Hermst.
2239 1343 2350 1378 Arnz.
2376 1342 2414 1380 &
2437 1340 2506 1379 Ed.

1466 1391 1553 1429 Ver.
1577 1404 1619 1431 (9¹
1641 1394 1691 1430 ad
1714 1392 1981 1441 diffimillimttm
2005 1391 2144 1430 delator
2177 1391 2349 1441 inmiffus.
2397 1392 2507 1430 Obti-

1465 1451 1550 1481 neat
1577 1442 1757 1482 Primarii'
1774 1443 1992 1484 auctoritas:
2018 1443 2100 1480 inde
2132 1444 2299 1488 invidia,
2339 1453 2383 1482 εν·
2413 1442 2508 1481 dissi-

1466 1495 1627 1532 millimis
1648 1494 1818 1533 dissimilis
1843 1493 1979 1532 delator
2001 1493 2160 1543 inmiffas
2177 1524 2186 1540 ,
2216 1493 2281 1532 nili
2306 1493 2401 1532 forte
2424 1505 2506 1532 ma-

1466 1544 1539 1582 lis:
1588 1556 1632 1584 ⁶27·
1673 1545 1910 1584 diffimfflimo
1953 1544 2118 1592 diffimilis
2153 1545 2289 1584 delator
2322 1543 2507 1594 inmzffus,

1467 1597 1789 1646 quia-terminatio
1809 1598 1838 1634 is
1862 1608 1907 1634 ex
1928 1596 2094 1646 sequenti
2114 1598 2300 1634 vocabulo
2311 1594 2509 1635 adbaefiffe

1467 1647 1612 1685 librario
1635 1648 1763 1695 potest.
1793 1648 1992 1697 Capitolin.
2014 1647 2172 1685 Maxim.
2185 1647 2380 1697 cap.XIlI.
2410 1652 2508 1684 Cum

1460 1699 1559 1745 ferre
1582 1711 1651 1735 non
1671 1699 1773 1749 peffet
1799 1728 1809 1744 ‚
1837 1700 1930 1749 quod
1951 1697 2122 1736 delatores
2142 1710 2303 1736 evocaret
2327 1727 2337 1742 ‚
2364 1697 2509 1746 accusa-

1469 1760 1581 1787 torem
1613 1750 1842 1789 immitteret.
1888 1750 2041 1789 Iustinus
2067 1748 2148 1787 Lib.
2174 1749 2317 1787 XXVI.
2340 1760 2417 1798 cap.
2440 1748 2511 1788 Vt.

1472 1800 1569 1846 Cui,
1598 1814 1676 1837 cum
1699 1803 1736 1838 in
1760 1802 1889 1840 lectam
1905 1802 2024 1849 fitcrus
2048 1799 2273 1850 conceffiffet‘,
2308 1797 2510 1850 percuffores

1470 1851 1732 1891 immittuntur.
1760 1853 1858 1892 Vide
1887 1852 1933 1891 ad
1966 1850 2099 1891 Sallust.
2120 1853 2202 1889 Cat.
2223 1863 2301 1901 cap.
2326 1850 2511 1889 XLVIII.

1472 1914 1510 1940 n.
1542 1902 1577 1941 8.
1610 1903 1649 1942 ὅ(
1681 1903 1726 1942 de
1751 1904 1900 1954 diffimili
1935 1903 2028 1942 infra
2051 1902 2097 1940 ad
2122 1903 2201 1941 Lib.
2227 1903 2290 1940 lx.
2313 1901 2422 1950 Epist.
2445 1900 2512 1940 IX.

1472 1964 1508 1990 n.
1531 1965 1564 1990 2.
1586 1966 1656 2002 qua
1677 1955 1806 2004 pietate
1831 1970 1910 1994 cam
1937 1954 2172 1993 dissimillimo
2202 1963 2304 2003 patre
2332 1953 2511 1992 vivebat?

1525 2017 1543 2053 ς
1576 2004 1769 2056 Galitta.]
1811 2005 1865 2045 Ita
1898 2009 2119 2045 recentiores
2152 2005 2259 2044 MSS.
2291 2003 2386 2042 Edd.
2408 2006 2514 2044 Vett.

1473 2055 1614 2101 Aldus,
1645 2057 1842 2107 Gryphius.
1875 2059 1924 2096 At
1949 2057 2143 2096 Mediceus
2164 2055 2314 2094 Galitia.
2505 2104 2508 2107 .

1529 2105 1553 2140 6
1583 2112 1627 2145 Et
1642 2107 1794 2159 suam]
1824 2110 1923 2148 Nam
1945 2108 2063 2147 mariti
2085 2109 2208 2146 honor
2231 2106 2277 2144 ad
2299 2117 2433 2146 uxores
2453 2116 2506 2144 re-

1476 2155 1624 2195 dundat.
1654 2158 1834 2207 Ulpianus
1854 2161 1891 2198 ff.
1913 2161 2058 2208 primo:
2091 2159 2269 2197 foeminae
2293 2167 2422 2208 nuptae
2437 2155 2505 2194 cla-

1475 2206 1610 2255 rsffimi5
1627 2209 1778 2258 personis
1802 2211 2074 2261 clarissimarum
2094 2211 2323 2260 personarum
2360 2205 2508 2258 appella-

1475 2259 1569 2295 tione
1594 2270 1759 2298 tenentur
1785 2292 1794 2307 ,
1825 2263 1990 2310 foeminis
2015 2263 2109 2300 enim
2131 2261 2348 2311 dignitatem
2371 2255 2513 2307 clartffi1

1477 2322 1578 2347 mam
1601 2312 1728 2349 mariti
1749 2314 1926 2352 tribuunt.
1957 2315 2114 2352 Cia-ran.

1532 2370 1550 2406 7
1588 2361 1646 2399 Ille
1681 2364 1827 2413 Caesari
1851 2365 2053 2415 scripserat.
2079 2364 2094 2414 ]
2125 2363 2326 2403 Helmstad.
2350 2371 2373 2398 ff
2392 2360 2504 2416 prii-¹1¹²

1480 2421 1628 2450 manu:
1668 2413 1725 2452 iili
1758 2418 1910 2466 Caesare
1940 2416 2156 2464 scripseram
2207 2415 2410 2463 Optimus:
2446 2405 2504 2444 ille

1482 2462 1643 2503 Caesaris
1665 2465 1854 2515 scripserat
1880 2496 1890 2513 ,
1938 2466 2037 2517 quali
2073 2466 2231 2505 Caesaris
2263 2465 2380 2509 legato
2404 2485 2422 2514 ν,
2443 2455 2501 2512 sed

1480 2524 1685 2562 perperam.
1736 2518 1827 2557 Sana
1860 2517 1909 2557 est
1941 2519 2086 2567 vulgata
2114 2545 2125 2562 ,
2152 2518 2191 2554 8<
2209 2513 2255 2550 fic
2274 2509 2371 2557 supra
2393 2504 2503 2562 hP¹st·

1482 2564 1607 2603 XXII.
1641 2578 1675 2604 n.
1710 2580 1740 2606 2.
1781 2570 1958 2609 Lustricus
1982 2567 2220 2606 Bruttianus,
2245 2571 2320 2597 cum
2342 2566 2502 2612 ⁶⁰'⁷¹¹¹f’⁷¹.

1444 2644 1446 2667 Ε
1474 2615 1584 2663 suum
1616 2618 1656 2655 in
1686 2619 1811 2658 multis
1838 2620 1988 2672 flagitiis
2015 2612 2218 2667 deprehendi
2242 2620 2275 2647 et
2299 2635 2309 2653 ,
2361 2607 2503 2644 Caci-ari

1478 2667 1625 2717 scripsit.
1649 2675 1687 2711 &
1709 2671 1847 2720 paffim.
2248 2712 2254 2717 ,
2286 2711 2291 2717 ,
2504 2710 2507 2713 ,

1536 2723 1556 2760 8
1588 2721 1888 2769 Εκαιιέὶοναυὶι.]
1914 2717 2091 2757 Removit
2110 2725 2129 2750 a
2149 2712 2368 2761 primipilatu
2382 2710 2506 2767 secun-

1486 2769 1575 2807 dum
1597 2771 1705 2819 leges.
1737 2773 1908 2810 Arrianus
1930 2769 1975 2806 de
2000 2777 2037 2803 re
2060 2764 2226 2806 militari,
2252 2762 2429 2800 adulterio
2447 2760 2506 2799 vel

1485 2821 1610 2870 aliquo
1630 2821 1763 2865 iudicio
1784 2821 1928 2870 publico
1951 2814 2132 2858 damnati,
2161 2815 2252 2851 inter
2276 2814 2405 2852 milites
2426 2824 2506 2849 non

1485 2872 1565 2909 sunt
1595 2866 1800 2919 recipiendi.
1852 2869 2047 2906 Asterorare
2095 2873 2219 2901 autem
2267 2864 2313 2902 est
2355 2864 2508 2912 pecunia

1486 2922 1653 2959 addicere
1674 2920 1733 2957 fibi
1757 2921 1911 2966 aliquem
1928 2945 1938 2961 ‚
1965 2918 2192 2952 exauctorare
2213 2927 2303 2953 vero
2329 2945 2339 2960 ‚
2370 2926 2388 2950 a
2413 2925 2509 2952 mer·

1486 2971 1576 3009 cede
1587 2970 1775 3008 constituta
1789 2979 1991 3005 removere.
2021 2966 2232 3016 Aliquando
2245 2963 2510 3004 tintummodo

1488 3032 1556 3069 pro
1578 3019 1764 3067 repudiare
1782 3018 1943 3055 sumitur.
1973 3018 2184 3055 Macrobius
2197 3047 2205 3060 ‚
2236 3020 2482 3054 Exaitllorata
2496 3044 2507 3062 ,

1448 3102 1457 3171 l
1489 3071 1629 3121 inquit,
1656 3068 1765 3107 verba
1781 3068 1863 3118 jam
1886 3069 2026 3120 desueta
2049 3081 2090 3111 v·
2112 3070 2258 3109 abolita.
2288 3070 2472 3156 Caram&

2385 3132 2401 3160 1
2469 3132 2512 3157 on
