2616 3686
264 221 358 273 154
470 204 532 253 C.
604 203 990 256 PLINII
1058 205 1564 257 CAEctLtt
1631 205 2143 264 SECUNDI

259 286 410 361 quod
445 287 604 340 altera
643 283 870 342 fenestra
901 286 1137 342 admittit
1178 285 1192 305 ⁸
1225 290 1489 345 orientem
1519 326 1535 351 ,
1571 285 1917 341 occidentem
1955 288 2114 342 altera
2153 287 2372 345 retine-tt.

263 361 420 416 l-laec
449 359 503 412 &
530 356 801 428 subjacens
829 375 975 413 mare
1006 359 1215 430 longius
1239 360 1459 433 quidem
1477 398 1493 422 ‚
1519 357 1613 414 sed
1637 358 1868 412 securius
1893 358 2146 414 intuetur.
2189 359 2372 432 Hujus
2440 370 2453 376 '

259 430 527 494 cubiculi,
567 429 621 484 &
650 429 866 483 triclinii
894 432 1028 485 illius
1055 432 1267 502 objectu
1294 431 1587 488 includitur
1612 430 1833 500 angulus
1857 468 1872 493 ‚
1906 430 2000 501 qui
2035 430 2371 500 purissimum

259 503 276 520 ²
325 503 492 558 solem
532 501 777 556 continet
804 539 820 564 ‚
872 503 927 555 ἂν
974 505 1241 558 accendit.
1318 503 1450 558 Hoc
1493 505 1507 532 ³
1537 502 1980 574 Hybernaculum
2005 538 2020 564 ‚
2069 501 2175 559 hoc
2208 508 2369 562 etiam

259 588 283 617 ⁴-
303 573 654 646 Gymnasium
681 590 925 628 meorum
954 574 1044 628 est.
1095 574 1169 628 lbi
1201 593 1390 630 omnes
1414 575 1563 630 silent
1585 574 1762 635 venti,
1801 574 2075 644 excepti3‚
2112 573 2206 643 qui
2231 573 2248 598 ⁵
2273 594 2371 634 nu.

261 646 427 702 bilum
456 647 754 706 inducunt,
791 644 847 698 &
873 645 1118 700 serenum
1141 642 1159 666 ⁶
1188 662 1469 719 antequam
1507 648 1659 702 usum
1708 647 1816 700 loci
1864 647 2112 714 eripiunt.
2187 645 2373 704 Adne·

262 718 421 774 &itur
450 717 644 789 angulo
667 716 976 773 cubiculum
1002 718 1018 745 ⁷
1047 719 1104 774 in
1126 719 1297 789 apsida
1321 730 1601 780 curvatum
1629 757 1644 782 ,
1684 717 1833 791 quod
1858 717 2116 773 ambitum
2151 715 2269 773 solis
2297 719 2378 775 fe-

261 791 442 847 nestris
467 789 712 845 omnibus
738 786 993 859 sequitur.
1032 790 1228 847 Parieti
1251 793 1360 862 ejus
1385 793 1438 847 in
1452 790 1803 846 bibliothecae
1819 784 2375 863 speciem³armarium

261 1021 352 1051 cant.
381 1011 550 1050 Cubicula
569 1012 680 1050 eti-‚rm
702 1011 894 1050 Vitruvius
916 1009 1005 1050 solet
1026 1013 1204 1063 appellare
1235 1015 1282 1053 ti-

259 1073 421 1111 gnorum
436 1065 473 1101 &
487 1061 640 1101 affetum
654 1062 896 1100 iustentacuia.
913 1063 1068 1102 CMAN.
1082 1066 1282 1103 Retractius

260 1113 511 1153 adverbialiter
532 1125 552 1150 a
574 1115 722 1151 ren-atre
750 1141 760 1157 ,
788 1125 858 1152 nec
880 1114 976 1152 enim
1003 1117 1179 1154 convenit
1201 1118 1284 1156 alias

259 1165 447 1201 retractius
469 1163 638 1211 amplum.
676 1161 793 1212 Quod
814 1175 892 1213 non
915 1163 1149 1204 observarunt
1169 1165 1286 1206 edito-

262 1224 317 1252 res
339 1212 424 1253 Fori
448 1216 634 1260 Romani,
664 1216 727 1264 qui
750 1226 817 1263 pro
852 1216 1007 1253 nomine
1040 1217 1285 1257 venditarunt.

263 1263 326 1302 Est
349 1273 474 1303 autem
499 1268 648 1304 retracta
673 1293 683 1309 ‚
712 1265 738 1303 fi
761 1264 850 1314 qu1d
872 1273 969 1303 retro
992 1267 1116 1305 aetum
1142 1298 1152 1314 ‚
1190 1269 1288 1319 post-

262 1322 345 1353 tum
372 1343 382 1360 ,
418 1317 653 1354 collocatum.
691 1317 907 1354 Scnfirfzn.
947 1317 1286 1359 Immo‘retrat‘tius

265 1366 314 1404 est
336 1368 484 1405 interius
498 1395 508 1411 ,
535 1374 576 1404 ut
597 1366 781 1403 redufftum
805 1367 902 1416 apud
925 1366 1102 1405 Senecam
1117 1369 1290 1420 frequen-

263 1424 327 1455 ter.
382 1417 461 1455 Lib.
496 1416 581 1454 VII.
616 1418 700 1454 Nat.
734 1417 880 1466 Quaest.
914 1427 990 1466 cap.
1025 1418 1166 1459 XXXI.
1220 1422 1289 1459 Illa

264 1480 402 1504 arcana
425 1481 495 1506 non
506 1467 697 1518 promiscue
712 1495 721 1511 ,
749 1481 808 1505 nec
829 1467 990 1506 omnihus
1001 1477 1128 1518 patent
1142 1487 1152 1506 :
1183 1473 1290 1512 redu-

263 1518 320 1556 &a
341 1530 384 1558 <9¹
402 1519 440 1556 in
463 1519 624 1557 interiore
636 1519 799 1568 sacrario
821 1519 940 1568 clausa
953 1518 1055 1568 sunt.
1109 1520 1168 1558 Eo
1191 1522 1290 1563 sensu

263 1569 400 1607 vallem
430 1570 613 1608 reductam
641 1570 779 1608 Poetae
801 1598 811 1615 ,
851 1581 964 1622 quam
989 1582 1067 1608 non
1087 1575 1184 1622 cepit
1205 1574 1291 1613 Bar-

261 1620 356 1658 thius
378 1620 424 1659 ad
449 1622 548 1659 Statii
568 1620 636 1658 VI.
659 1620 780 1659 Theb.
803 1632 854 1660 vs.
877 1634 959 1670 255.

318 1683 333 1709 1
366 1669 599 1720 Orientem]
642 1672 777 1709 Solem.
827 1673 928 1709 Nam
962 1672 1126 1712 cubicula
1149 1704 1159 1720 ,
1202 1676 1291 1716 ficut

264 1721 509 1761 bibliothecae
530 1722 713 1760 orientem
733 1722 892 1771 spectare
916 1721 1051 1761 debent
1075 1737 1084 1761 :
1123 1736 1210 1764 cum
1234 1729 1290 1766 illa

266 1773 435 1811 matutini
458 1773 604 1810 luminis
628 1773 733 1810 usum
757 1772 962 1822 postulent,
989 1773 1027 1810 in
1048 1773 1102 1813 his
1123 1776 1287 1817 librinon

266 1823 480 1872 putrescant.
512 1824 544 1861 C
558 1835 578 1859 A
596 1835 618 1860 τ
635 1835 656 1859 Α
672 1834 709 1860 N.
738 1825 878 1862 Retinet
891 1853 901 1869 ‚
929 1824 1059 1863 scilicet
1071 1836 1188 1876 usque
1201 1828 1288 1868 dum

266 1881 366 1913 totus
390 1874 541 1912 occidat.
570 1873 598 1910 B
614 1886 673 1911 An
692 1889 715 1913 τ
730 1885 763 1911 Η.
792 1876 979 1913 Admittit
990 1873 1170 1916 orientem.
1199 1881 1291 1919 Non

267 1925 381 1963 video
406 1954 416 1970 ,
446 1937 541 1975 quae
565 1923 605 1962 fit
628 1927 720 1963 ratio
742 1925 878 1963 horum
901 1926 1099 1965 verborum
1124 1956 1135 1973 ,
1163 1929 1291 1970 collata

267 1987 354 2013 cum
387 1975 617 2025 sequentibus
642 2005 652 2022 ‚
690 1977 900 2015 occidentem
920 1977 1037 2016 altera
1056 1979 1193 2019 retinet.
1219 1983 1293 2021 Po-

195 2066 198 2069 ,
269 2026 335 2064 test
357 2027 438 2065 sane
461 2029 615 2066 retinere
638 2029 748 2066 etiam
772 2030 834 2078 qui
854 2028 1023 2068 admittit.
1076 2031 1140 2068 An
1163 2032 1294 2083 scripsit

266 2077 389 2115 noster
411 2077 549 2115 amittit
564 2087 578 2114 ,ἕ
606 2077 662 2115 Ut
684 2078 725 2115 fit
746 2079 920 2117 sententia
934 2107 944 2124 ,
972 2081 1085 2119 solem
1110 2083 1292 2123 orientem

266 2138 347 2165 non
369 2128 445 2166 satis
462 2129 580 2176 longo
601 2135 773 2177 tempore
794 2131 842 2167 ibi
865 2130 1009 2175 durare,
1043 2139 1169 2170 contra
1207 2147 1294 2174 uam

270 2177 313 2215 fit
358 2181 397 2217 in
444 2179 517 2217 sole
567 2178 759 2217 occidente
807 2180 852 2218 ad
899 2180 1050 2219 alteram
1091 2181 1175 2221 fene
1208 2196 1294 2224 ram.

272 2230 492 2267 Scnfifma.
531 2230 638 2268 Haec
667 2233 852 2270 momenti
882 2230 962 2269 sunt
995 2233 1134 2281 prorsus
1156 2235 1295 2275 nullius.

274 2280 399 2318 Altera
423 2279 574 2318 fenestra
595 2280 638 2317 ad
664 2281 843 2319 orientem
869 2309 879 2326 ,
906 2283 1015 2320 altem
1046 2283 1090 2321 ad
1124 2287 1297 2326 occiden-

273 2339 352 2368 tem
383 2329 497 2419 gosita
528 2340 602 2370 erat
627 2344 635 2367 :
665 2332 862 2379 quomodo
885 2344 974 2381 ergo
994 2335 1048 2371 illa
1073 2363 1084 2380 ,
1121 2346 1216 2385 quae
1235 2339 1298 2377 ad-

275 2383 380 2420 mitte
407 2390 443 2420 -at
474 2384 631 2430 primam
663 2382 781 2420 statim
801 2384 924 2421 lucem
947 2412 960 2431 ,
996 2385 1168 2435 potuisset
1201 2392 1299 2430 occi-

276 2432 428 2471 dentem
452 2432 563 2471 solem
589 2433 773 2472 retinere?

2212 863 2377 919 inser-

1353 1013 1429 1062 prie
1449 1019 1579 1051 tamen
1601 1009 1646 1050 de
1666 1009 1808 1048 athletis
1822 1038 1832 1056 ‚
1861 1011 2039 1060 quoniam
2061 1011 2151 1050 nudi
2174 1012 2378 1052 contende:

1353 1064 1462 1109 bant,
1490 1062 1684 1113 postquam
1708 1061 1869 1109 primum
1901 1061 2019 1098 nudus
2053 1061 2194 1100 Orfitus
2223 1067 2376 1103 cucurrit

1354 1115 1392 1152 in
1427 1115 1618 1164 Olympia.
1671 1111 1803 1150 Fuerat
1837 1113 1938 1150 enim
1968 1112 2124 1161 antiquis
2161 1115 2377 1153 consuetum

1355 1164 1537 1212 subligaria
1573 1163 1667 1202 ferre
1700 1163 1838 1200 circum
1880 1160 2061 1211 pudenda<
2087 1163 2126 1199 in
2161 1163 2378 1211 gymnasiis:

1358 1214 1484 1253 Orfito
1506 1226 1597 1254 vero
1621 1212 1926 1252 Lacedaemonio
1949 1212 2100 1250 certanti
2130 1212 2244 1251 soluta
2275 1213 2383 1254 fibula

1361 1265 1508 1304 causam
1527 1265 1663 1304 doloris
1685 1263 1825 1302 incuffit
1849 1292 1861 1308 ‚
1897 1262 1997 1300 unde
2017 1264 2077 1301 lex
2098 1263 2289 1302 constituta
2303 1292 2315 1310 ,
2341 1274 2383 1306 ut

1360 1315 1591 1354 nudarentur.
1644 1315 1832 1353 Novimus
1880 1313 2037 1363 publicas
2086 1316 2195 1352 etiam
2242 1315 2385 1358 balneas

1357 1366 1543 1417 gymnafia
1567 1366 1659 1405 dici:
1688 1376 1799 1415 quare
1823 1365 1946 1404 Suidas
1969 1366 2185 1410 unt‘luaria,
2213 1367 2252 1404 &
2273 1365 2383 1405 tavae

1362 1430 1422 1454 cra
1454 1417 1618 1467 appellat.
1671 1416 1797 1454 Immo
1832 1417 1940 1454 etiam
1965 1417 2162 1453 certamina
2183 1417 2383 1466 equestria,

1364 1470 1402 1507 &
1424 1471 1638 1507 venationes
1663 1496 1674 1512 ,
1700 1466 1804 1517 quod
1826 1477 1955 1516 corpus
1979 1475 2201 1512 exerceant,
2231 1469 2382 1518 quidam

1367 1519 1491 1558 dixere
1510 1517 1697 1568 gymnasia
1722 1546 1732 1562 ‚
1771 1519 1809 1555 &
1841 1516 2002 1554 Baleares
2030 1517 2236 1567 gymnafias
2269 1520 2384 1559 Grae-

1367 1571 1399 1608 ci
1436 1577 1617 1608 vocarunt
1654 1581 1662 1605 :

1364 1621 1381 1658 1
1398 1634 1420 1658 D
1437 1635 1457 1659 E
1473 1635 1512 1660 M.

1415 1686 1433 1722 ς
1466 1672 1639 1712 Nubilum
1652 1671 1835 1711 inducunt.
1851 1669 1867 1719 ]
1884 1668 2055 1717 Tempus
2068 1670 2232 1709 nubilum
2247 1671 2383 1711 faciunt

1363 1725 1486 1773 quales
1497 1724 1575 1763 sunt
1596 1723 1759 1762 australes
1773 1751 1783 1768 ‚
1807 1729 1917 1760 notus
1930 1749 1940 1766 ‚
1963 1721 2128 1770 aphricus
2142 1722 2359 1768 ‚libonotus
2371 1751 2387 1770 ‚

1366 1777 1405 1813 &
1427 1787 1533 1813 eurus
1555 1775 1769 1825 plerunque.
1799 1774 1915 1811 IDEM.

1415 1827 1438 1863 6
1469 1831 1679 1877 Antequam
1703 1825 1805 1873 usum
1840 1819 1943 1870 ἱρά]
1979 1821 2081 1861 Prius
2114 1823 2382 1864 sol‘obducitur

1364 1877 1517 1915 nubibus
1532 1906 1542 1922 ,
1569 1888 1682 1926 quam
1705 1877 1802 1914 calor
1825 1874 1979 1913 faceffat.
2007 1872 2123 1912 IDEM.

1417 1939 1436 1976 7
1468 1935 1510 1964 ln
1530 1926 1687 1979 apfida.]
1720 1925 1763 1964 ld
1785 1926 1834 1965 est
1848 1955 1858 1971 ‚
1885 1927 1924 1964 in
1946 1932 2177 1964 curvaturam
2199 1934 2302 1965 rotae
2313 1926 2388 1967 five

1364 1978 1557 2018 testudinis.
1611 1979 1702 2016 Hoc
1723 1979 1823 2016 enim
1845 1976 2019 2024 significat
2041 1975 2135 2022 ἁψὶς
2159 2006 2170 2022 ,
2208 1976 2388 2018 familiaris

1369 2029 1481 2068 dieue
1500 2031 1621 2070 Plinio
1643 2029 1774 2068 seniori
1797 2057 1806 2074 ‚
1844 2028 1907 2065 ubi
1929 2028 1974 2067 de
1985 2028 2234 2065 astronomicis
2245 2029 2387 2071 tractat.

1368 2081 1415 2118 Et
1447 2092 1606 2120 cameras
1636 2079 1778 2127 0'2-421'523
1807 2078 1916 2118 dietas
1957 2077 2080 2117 Surdas
2121 2078 2388 2128 interpretatur.

1369 2133 1608 2170 Recentiores
1627 2131 1783 2169 scribunt
1803 2132 1841 2168 in
1862 2130 2001 2177 Bajano
2023 2129 2062 2166 ὃ(
2085 2128 2251 2168 Lucrino
2270 2130 2389 2170 adhuc

1369 2181 1506 2231 apfislas
1542 2191 1664 2220 extare
1694 2180 1778 2228 §elsi
1810 2180 2024 2230 superbique
2055 2181 2197 2229 operis:
2230 2187 2386 2231 quarum

1370 2242 1511 2281 partem
1534 2233 1661 2271 balnea
1675 2261 1686 2277 ,
1710 2239 1853 2280 partem
1875 2231 1995 2269 sacella
2010 2259 2020 2276 ‚
2042 2239 2184 2280 partem
2204 2233 2388 2277 cubicula,

1375 2284 1413 2320 &
1435 2284 1603 2323 villarum
1624 2284 1719 2321 aulas
1741 2294 1921 2332 occupare
1946 2298 1957 2326 ;
1995 2283 2031 2320 in
2055 2293 2179 2321 earum
2213 2283 2386 2334 aliquibus

1373 2331 1593 2373 ferramenta
1624 2334 1857 2373 semicorrosa
1886 2334 2038 2383 superne
2070 2333 2188 2371 adhuc
2220 2333 2389 2383 pendere.v

1374 2385 1522 2433 Legunt
1555 2387 1593 2424 &
1624 2387 1663 2423 in
1692 2386 1815 2435 aspida
1847 2396 2066 2430 curvatum,
2094 2384 2131 2423 id
2154 2383 2226 2428 est,
2250 2385 2293 2421 in
2309 2381 2380 2419 sor—

1372 2446 1472 2473 mam
1497 2436 1622 2485 aspidis
1644 2436 1919 2475 circumactum.
1948 2436 2053 2486 Aspis
2073 2434 2121 2474 est
2132 2433 2295 2482 serpentis
2306 2430 2380 2478 spe-

1702 1566 1806 1618 quod
1852 1567 1942 1606 nudi
1987 1567 2117 1607 aestate
2163 1570 2388 1621 incederent.

327 2495 348 2520 2
379 2485 488 2521 Solem
511 2482 702 2532 continet.]
742 2486 783 2523 ld
806 2485 890 2530 est,
928 2495 1073 2536 teporem
1086 2488 1170 2539 solis
1191 2491 1301 2542 infusi
1332 2504 1336 2537 ς
1371 2488 1451 2525 cies.
1492 2487 1546 2525 Iu
1562 2501 1637 2526 EM.
1675 2488 1763 2526 Hoc
1786 2487 2003 2526 notandum.
2053 2481 2225 2523 Habuiffe
2245 2488 2382 2520 veteres

277 2533 463 2591 reperfuffit
484 2547 587 2592 auget
611 2564 621 2580 ,
658 2542 698 2571 ut
722 2536 813 2573 intra
837 2536 882 2574 de
916 2537 1032 2585 Xysto
1062 2541 1100 2577 &-
1136 2542 1300 2592 Crypto-

282 2592 427 2674 ξξῑῑόιςδιι
446 2585 619 2635 loquitur.
646 2586 674 2624 B
689 2598 713 2622 υ
728 2598 750 2624 c
765 2598 789 2624 n
804 2598 827 2623 Ν
843 2599 863 2625 ε
877 2600 917 2625 R.
953 2589 1124 2631 Lucanus
1148 2592 1226 2632 Lib.
1250 2594 1299 2633 V.

331 2737 534 2778 Incendere
557 2739 656 2779 diem
679 2741 783 2780 nubes
805 2741 931 2780 oriente
949 2753 1111 2781 remotae.

285 2835 376 2874 adde
399 2839 479 2877 Lib.
506 2842 569 2878 IX.
592 2854 643 2881 vs.
665 2856 747 2893 409.

341 2898 358 2934 3
391 2889 709 2942 Hybernaculum.]
728 2897 851 2935 Locus
862 2896 1030 2944 hyberno
1042 2904 1212 2946 tempore
1224 2896 1304 2936 ido-

286 2948 397 2974 neus:
427 2937 513 2976 ficut
546 2940 780 2986 hybernacula
803 2948 959 2984 militurn
983 2946 1105 2985 stativa
1129 2959 1192 2995 per
1211 2948 1303 2997 hye-

286 2987 567 3077 tgitzimslolemus
589 2993 775 3040 appellare.
803 2996 900 3034 Vide
915 2998 1068 3044 pluribus
1080 2999 1306 3037 Vitruvium.

336 3099 364 3134 4
389 3089 662 3143 Gymnafium]
693 3092 817 3150 Locus
839 3095 1192 3139 ubiexetccbantur:
1222 3110 1307 3149 pro-

1372 2539 1533 2577 cubicula
1567 2538 1680 2588 figura
1713 2551 1789 2577 non
1821 2539 1964 2588 semper
1985 2549 2030 2575 ex
2052 2532 2294 2587 rectisqlineis,
2321 2528 2385 2567 sed

1375 2590 1413 2626 &
1435 2591 1552 2629 curvis
1575 2591 1761 2629 constante
1775 2618 1786 2635 ‚
1814 2589 1929 2639 specie
1951 2586 2071 2625 lunari.
2122 2580 2376 2629 videnturque

1375 2639 1411 2677 id
1438 2640 1558 2680 fecisse
1579 2641 1732 2680 studiose
1747 2669 1757 2686 ,
1783 2649 1824 2678 ut
1845 2641 1883 2678 in
1905 2640 1953 2676 eis
1974 2637 2083 2673 solem
2104 2631 2276 2668 haberent
2298 2642 2377 2678 per-

1373 2698 1527 2738 petuum
1541 2720 1552 2736 ,
1579 2693 1682 2742 quod
1704 2693 1740 2730 in
1762 2692 1875 2729 alteris
1897 2687 1970 2725 fieri
1982 2695 2056 2722 non
2066 2679 2195 2742 POtess'-
2219 2681 2380 2738 Seuere.

1376 2741 1475 2779 Voff.
1499 2745 1537 2781 &
1563 2743 1715 2782 Helmst.
1735 2743 1774 2779 in
1800 2738 1943 2789 aspida;
1971 2734 2081 2770 Arnz.
2105 2730 2268 2779 ltqsptda5
2297 2733 2381 2769 Rpf-

1376 2793 1469 2832 card.
1501 2793 1661 2843 haspida.
1713 2793 1765 2828 At
1797 2787 1983 2826 Mediceus
2012 2780 2180 2837 hapfida..
2221 2782 2380 2820 Pluribu:

1374 2843 1419 2881 de
1440 2844 1581 2894 abside,
1609 2852 1649 2881 ut
1670 2843 1740 2890 ipse
1761 2839 1893 2880 scribit,
1919 2836 1990 2883 agit
2012 2833 2281 2871 Gronovius-ad
2293 2834 2384 2872 Plin.

1376 2895 1466 2933 Hist.
1492 2896 1575 2932 Nat.
1602 2894 1681 2930 Lib.
1705 2887 1878 2926 XXXVI.
1900 2895 1975 2933 cap.
1999 2883 2083 2922 XII.
2106 2884 2163 2920 cui
2185 2883 2293 2921 addas
2307 2885 2383 2934 Sallff

1375 2946 1459 2982 mas.
1480 2945 1524 2982 ad
1545 2945 1653 2990 Spart.
1676 2939 1842 2977 Pescenn.
1868 2935 1968 2983 Nigr.
1991 2946 2066 2983 cap.
2089 2935 2156 2972 Vl.

1425 2996 1445 3031 8
1474 2988 1731 3035 Amutrium]
1771 2987 1910 3023 Rerum
1943 2985 2209 3034 receptaculum
2236 3014 2244 3029 ‚
2274 2985 2385 3025 veluti

1374 3044 1598 3083 vestiarium:
1627 3041 1662 3076 in
1686 3039 1785 3087 cujus
1808 3037 1968 3074 formam
1987 3037 2100 3077 vidim
2109 3051 2144 3077 u:
2157 3035 2388 3076 bibliothecas

1377 3100 1602 3143 comparatas
1623 3089 1825 3131 interdum..
1847 3087 2001 3140 Carsu.
2329 3138 2374 3175 a‘l‘

2237 3148 2253 3178 1
2284 3143 2328 3177 Le
2359 3148 2387 3177 t·
