2616 3686
547 194 890 246 LIBER
955 194 1034 244 1⁴1.
1100 194 1216 246 ΕΡ

211 262 570 343 *Laurentina
593 279 649 334 ὅτ
676 274 968 358 Hpstienfis
992 277 1188 333 eodem
1219 279 1428 343 ferunt,
1463 283 1555 337 sed
1588 284 1918 344 Laurentina
1958 307 1984 343 a
2017 305 2306 363 quartode,

203 357 347 414 cimo
369 352 386 371 ²
405 351 610 424 lapide,
646 346 896 404 Ostiensis
918 347 982 401 ab
1005 348 1298 405 undecimo
1329 353 1676 425 relinquenda
1708 356 1782 410 est

1251 198 1343 248 118
1379 200 1429 250 Τ
1463 204 1513 252 O
1548 202 1592 254 L
1628 208 1672 254 A
1740 209 1912 262 XVII.
2218 233 2298 292 ¹5¹1

1867 360 1881 384 ³
1909 360 2179 440 Utrinque
2205 391 2299 430 ex-

198 426 326 498 cipit
348 424 450 480 iter
476 424 647 496 aliqua
671 438 741 476 ex
765 432 916 492 parte
945 421 1223 478 arenosum
1243 425 1260 451 ⁴
1285 423 1475 480 iunffls
1513 426 1688 498 paullo
1726 432 1937 501 gravius
1975 432 2028 486 ἃ
2058 437 2144 492 10„
2153 445 2300 510 gius,

244 644 319 673 ;..;
369 640 504 673 Interea
525 628 686 679 revoluta
713 625 839 667 ruebat

248 694 400 726 Matura
418 687 494 733 jam
516 680 584 718 luce
603 679 684 717 dies.

199 791 277 844 'Qui
297 789 335 827 δε
353 782 440 822 Soles
459 789 617 818 maturos
641 780 679 817 in
701 779 889 829 Georgicis
912 781 1023 828 dixit,
1052 783 1098 823 de
1121 785 1201 826 Sol-

195 839 305 883 stin'ali
323 842 513 882 tempore,
536 842 621 868 cum
644 830 748 879 plena
771 830 879 870 aestas
902 832 950 870 est
970 862 980 878 ,
1009 836 1047 872 &
1071 836 1132 873 Sol
1155 850 1200 876 ex

190 885 415 935 incrementis
435 881 509 919 suis.
522 881 683 918 maxime
704 888 844 928 potens.
898 883 997 921 Nam
1021 884 1126 924 fimul
1139 887 1202 926 de-

191 942 321 981 clinare
337 933 484 982 incipit,
511 929 614 980 quod
635 942 656 969 a
676 931 822 969 solstitio
844 934 997 978 accidit,
1025 933 1130 975 simul
1143 949 1200 977 re-

188 989 283 1031 mitti
302 989 340 1026 &
361 983 456 1022 calor
477 982 552 1029 ejus
574 981 672 1020 solet.
726 986 922 1021 Maturum
944 986 1066 1035 itaque
1088 989 1125 1025 jn
1148 996 1201 1026 ta..

185 1041 273 1080 libus
293 1036 420 1074 τέλειον
435 1060 446 1078 ,
472 1032 571 1080 ἄκρον
591 1032 660 1069 est:
687 1032 761 1069 hoc
783 1032 831 1069 est
846 1062 857 1078 ‚
884 1034 988 1083 quod
1019 1036 1065 1073 ad
1086 1037 1187 1076 suam

2153 529 2298 586 equo

1272 635 1387 691 Unde
1420 637 1459 674 δε
1490 637 1623 688 mansio
1656 639 1784 678 locum
1807 640 2007 690 significat,
2034 642 2096 683 ubi
2120 648 2296 692 confeeio

1271 683 1343 724 diei
1354 687 1482 724 itinere
1494 689 1699 738 quiescendi
1713 690 1813 728 causa
1826 704 2019 732 manemus
2032 706 2095 742 per
2107 698 2258 738 noitem
2273 732 2286 748 ,

1271 736 1374 784 quod
1396 738 1432 774 in
1458 737 1639 776 Glossario
1663 739 1874 779 docendum
1909 745 1986 781 erit.
2024 745 2052 782 Β
2066 758 2090 781 υ
2105 758 2128 782 c
2143 759 2167 784 H
2183 761 2207 785 N
2222 762 2242 787 ε
2257 767 2294 791 R·

1267 786 1376 823 Salvo
1403 787 1487 835 jam
1521 798 1564 827 Θ*
1599 789 1774 839 compofito
1807 792 1900 843 die.]
1952 793 2089 833 Frustra
2123 797 2222 837 sudat
2243 803 2297 843 his

1268 834 1490 875 Buchnerus.
1542 838 1651 877 Salvo
1689 852 1733 880 (φ
1769 844 1943 893 composito
1979 845 2031 883 die
2055 874 2066 890 ,
2104 847 2153 884 est
2190 857 2295 894 omni

1267 887 1381 933 penso
1412 888 1483 927 diei
1517 889 1693 928 confecto
1720 903 1729 927 :
1767 900 1808 929 ut
1840 895 1927 932 nihil
1951 896 2295 951 omiseriseorum,

1268 946 1363 985 quae
1382 938 1444 976 illo
1469 938 1526 976 die
1549 940 1706 978 curanda
1726 942 1881 980 habebas
1905 946 1944 982 ὃ(
1962 944 2084 984 c'urare
2099 949 2294 993 constitue-

1267 996 1344 1031 ηις,
1392 997 1434 1027 ut
1465 999 1544 1026 non
1573 993 1777 1039 temporius
1812 1004 1857 1030 ex
1889 994 1978 1032 urbe
2012 1007 2117 1035 exeas
2141 1027 2151 1042 ‚
2179 1012 2291 1050 quam

1234 1070 1239 1104 ἶ
1268 1035 1414 1077 ξιιηέὶιιε
1438 1041 1544 1078 omni
1566 1040 1690 1079 officio
1713 1042 1788 1089 ejus
1810 1043 1878 1081 diei
1904 1043 2023 1083 fueris.
2053 1048 2131 1086 Dies
2156 1061 2224 1097 pro
2248 1066 2291 1092 ο-

183 1084 295 1133 33⁸&
331 1083 509 1136 Pervenit,
570 1080 685 1133 Apud
718 1082 872 1121 Statium
904 1086 943 1123 in
978 1087 1079 1127 Silvis
1111 1089 1200 1138 legi·
1233 1117 1236 1151 ἰ
1264 1097 1352 1135 pere
1374 1088 1470 1135 diei,
1497 1091 1588 1128 haec
1609 1092 1731 1129 omnis
1755 1092 1951 1132 difficultas.
1979 1095 2091 1134 Adde
2115 1099 2154 1136 ὃ(
2177 1102 2290 1142 Sene-

190 1150 271 1180 mus
285 1151 293 1176 :

230 1238 326 1287 Jam
348 1236 513 1275 moriente
534 1234 585 1273 die
608 1236 730 1284 rapuit
749 1248 803 1274 me
822 1246 930 1274 caena
953 1237 1091 1288 benigni

235 1288 393 1328 Vindicis.

177 1392 357 1430 'Morienee
379 1389 454 1433 die,
481 1387 518 1426 id
541 1387 588 1426 est
603 1416 613 1433 ‚
641 1386 844 1425 declinante
867 1414 877 1430 ,
906 1389 945 1425 &
974 1389 1052 1437 jam
1086 1398 1198 1430 eunte

178 1445 221 1482 in
244 1443 429 1491 vesperam
453 1449 494 1474 ac
516 1439 679 1492 noetern.
731 1438 847 1474 Porro
867 1444 907 1474 ut
929 1441 1084 1477 moritur
1097 1441 1171 1480 dies
1186 1469 1197 1487 ,

182 1495 232 1535 ita
255 1495 293 1532 &
314 1491 489 1540 sepelitur.
515 1487 709 1534 Virgilius:

228 1593 230 1596 ’
231 1596 332 1630 Ante
355 1592 444 1629 diem
466 1586 578 1635 clauso
599 1591 779 1632 componat
800 1585 916 1635 vesper
937 1585 1079 1637 olympo.

179 1693 355 1733 Horatius
369 1705 378 1730 ι

228 1793 361 1832 Condit
382 1792 520 1843 quisque
541 1789 633 1826 diem
655 1784 790 1825 collibus
811 1785 849 1825 in
862 1780 950 1834 suis.

1233 1394 1234 1398 ’
1262 1386 1352 1426 dum
1395 1392 1570 1439 intelligo.

1233 1468 1235 1477 .
1264 1437 1311 1475 έὶί
1344 1439 1464 1478 sumus
1488 1470 1499 1486 ‚
1537 1442 1612 1479 dies
1643 1443 1758 1480 veluti
1777 1443 1940 1488 laborat,
1966 1447 2086 1485 noster
2108 1461 2187 1489 non
2209 1455 2285 1501 est,

1264 1148 1345 1175 cam
1381 1138 1426 1178 de
1459 1141 1516 1179 Ira
1548 1141 1618 1179 111.
1652 1141 1710 1190 36.
1737 1142 1993 1183 Gnouovms.
2048 1147 2118 1185 Sed
2142 1148 2167 1185 fi
2193 1152 2288 1200 dies,

1262 1199 1330 1236 pro
1353 1200 1465 1239 opere
1489 1190 1559 1230 diei
1580 1191 1731 1230 sumitur
1746 1222 1757 1237 ,
1783 1193 1834 1231 bis
1857 1194 1956 1233 idem
1979 1196 2111 1246 scripsit
2128 1198 2287 1244 Plinius:

1256 1242 1427 1286 permis,
1453 1254 1542 1292 quae
1563 1243 1701 1291 agenda
1714 1244 1857 1290 fuerint
1871 1273 1881 1290 ,
1899 1245 2009 1294 salvo
2031 1249 2105 1286 iam
2130 1261 2174 1288 ω’
2197 1265 2289 1293 com-

1255 1288 1360 1336 pofito
1381 1292 1444 1330 die.
1496 1292 1580 1340 Ego
1602 1292 1693 1330 diem
1717 1297 1863 1342 proprie
1886 1297 2027 1346 accipio
2051 1327 2062 1344 ,
2100 1299 2160 1338 sed
2191 1310 2288 1343 tem-

1260 1349 1326 1385 pus
1348 1340 1417 1380 diei
1438 1343 1607 1391 quietum
1629 1343 1807 1393 nullisque
1839 1349 2140 1395 occupationibus
2173 1354 2286 1394 turbiss

1625 1393 1819 1440 Quamdiu
1855 1396 1956 1433 enim
1980 1401 2140 1446 negotiis
2175 1403 2288 1445 distri-

1262 1489 1436 1539 varieque
1457 1491 1642 1548 turbatur:
1669 1492 1849 1549 laboribus
1869 1501 1993 1533 autern
2008 1499 2159 1545 peraffls
2173 1530 2183 1546 ,
2202 1504 2285 1552 sal-

1261 1551 1308 1574 vo
1327 1549 1369 1576 ac
1390 1540 1565 1591 composito
1589 1541 1643 1579 dte
1683 1541 1753 1581 frui
1781 1542 1876 1581 licet.
1908 1545 2102 1587 Mediceus
2126 1566 2137 1587 :
2167 1552 2284 1601 salva

1209 1619 1216 1625 .
1262 1588 1335 1627 iam
1357 1600 1401 1628 ΕΤ
1417 1590 1593 1640 composito
1614 1592 1677 1629 die.

1313 1650 1328 1676 1
1361 1640 1618 1688 Laurentina}
1648 1643 1756 1689 Quae
1780 1643 2011 1684 Laurentum
2035 1647 2135 1688 ducit
2157 1665 2166 1689 ε
2196 1653 2285 1696 ficut

1258 1687 1440 1738 Hostienfis
1454 1717 1464 1735 ,
1492 1702 1586 1740 quae
1618 1691 1799 1730 Hostiam.
1838 1694 1871 1732 C
1884 1707 1907 1730 A
1922 1709 1945 1734 τ
1960 1709 1982 1733 A
1996 1710 2032 1736 N.
2067 1700 2282 1754 Mediccus‚

1260 1741 1523 1778 laurentiana.

1270 1838 1276 1844 .
1305 1799 1326 1845 9..
1355 1791 1518 1841 capide]
1549 1792 1720 1832 Miliari0.
1746 1794 1881 1833 Unum
1904 1799 2003 1836 enim
2017 1801 2195 1852 quodque
2207 1812 2279 1849 mi-

1250 1837 1394 1877 liarium
1429 1841 1613 1890 signabant
1645 1844 1690 1881 ab
1721 1846 1811 1883 urbe
1842 1846 1961 1895 lapide
1982 1850 2022 1886 in
2043 1853 2102 1889 via
2127 1856 2275 1895 erecto:

182 1899 387 1943 componere
400 1889 719 1934 enim&condere,
744 1886 890 1935 sepelire
902 1885 961 1924 est.
989 1886 1188 1930 Horatius:
1253 1889 1292 1927 &
1314 1901 1411 1928 nunc
1435 1904 1587 1943 quoque
1610 1895 1773 1943 plurimis
1797 1897 1884 1935 vicis
1905 1899 2036 1938 mansit
2057 1904 2277 1955 appellatio„

405 1991 463 2038 Est
484 1989 546 2028 tibi
568 1997 709 2025 mater?

227 2042 379 2092 Cognati
399 2051 414 2079 3
451 2041 543 2091 queis
563 2049 596 2077 te
608 2037 714 2088 salvo
736 2036 782 2086 est
801 2046 879 2088 opas
902 2047 919 2089 ,ξ
965 2038 1066 2079 baud
1095 2044 1187 2086 mihi

277 2093 460 2142 quisquam
476 2119 486 2134 ‚

229 2149 358 2181 Omnes
378 2141 552 2194 composui.

177 2248 301 2294 Quare
335 2246 372 2284 δε
399 2244 458 2283 hic
487 2242 685 2295 compositus
719 2243 788 2282 dies
820 2243 973 2293 sepultus
996 2244 1086 2290 eri't,
1112 2240 1187 2286 hoc

176 2297 223 2333 est
239 2324 247 2339 ‚
276 2294 394 2333 finitus
415 2303 524 2345 atque
545 2293 720 2344 peractus.
772 2294 902 2331 salvus
924 2302 1048 2331 autem
1074 2324 1084 2340 ,
1121 2300 1185 2346 qui

171 2345 291 2382 adbuc
314 2345 415 2383 durat
438 2348 475 2382 ὅ(
499 2347 588 2384 vivit
611 2343 720 2392 quasi.
745 2344 850 2384 Vivit
863 2345 961 2382 enim
974 2344 1072 2388 dies,
1100 2357 1184 2385 cum

162 2396 289 2437 ⁴adhuc
310 2396 429 2440 lucet,
455 2406 523 2432 nec
546 2396 618 2442 jam
642 2393 772 2442 elapsus
796 2402 894 2430 totus
916 2393 973 2430 est.
1022 2393 1119 2431 Nam
1147 2398 1185 2434 ὃς

167 2446 372 2493 Sophocles
407 2448 492 2480 Ζῶον
520 2445 634 2490 χρὸνον
666 2443 711 2480 de
742 2442 915 2491 praesenti
948 2445 986 2480 ὃ(
1009 2443 1180 2483 nondum

169 2498 365 2544 praeterito
380 2503 570 2543 'tempore
608 2494 705 2531 dixit.
760 2493 810 2530 At
846 2503 1003 2542 quanam
1041 2494 1180 2534 ratione

163 2545 294 2594 salvus
322 2554 431 2594 atque
467 2544 663 2593 compofitus
689 2573 698 2589 ,
725 2551 766 2580 ut
788 2543 863 2581 duo
885 2543 1062 2581 contraria
1085 2573 1096 2589 ,
1122 2545 1180 2584 hic

171 2597 440 2645 conjunguntur
466 2593 481 2630 ?
510 2595 571 2631 An
596 2623 605 2638 ‚
634 2605 700 2642 pro
718 2593 823 2642 salvo
838 2608 848 2637 ;
870 2592 1008 2641 salutm
1043 2595 1096 2632 :el
1116 2595 1179 2632 ab-

165 2643 276 2692 Jbluto
291 2675 302 2690 ‚
328 2645 524 2694 legendum
549 2645 597 2682 est
620 2643 634 2679 ?
675 2646 773 2682 Nam
797 2656 841 2681 cx
864 2643 1052 2692 scn'pturac
1074 2655 1178 2684 corn-

174 2695 304 2740 pendio
329 2696 429 2734 facile
453 2697 571 2744 potuit
591 2696 774 2742 corrumpi
797 2695 909 2731 locus.
936 2695 984 2731 Et
1000 2695 1095 2744 solvi
1124 2706 1176 2734 et-

175 2742 247 2781 iam
276 2753 384 2795 atque
405 2744 564 2794 absolvi,
594 2745 817 2796 quandoque
842 2746 937 2782 moti
963 2745 1020 2782 cst.
1048 2747 1110 2783 An
1125 2757 1179 2785 re-

173 2791 358 2833 utiendum
391 2796 496 2832 Salvo
521 2812 531 2839 ;
571 2798 609 2834 δε
642 2795 884 2843 disjunctione
903 2806 946 2832 ac
967 2795 1179 2837 inductione

181 2843 362 2884 particulae
383 2856 425 2884 ω’
446 2847 662 2884 tentandum
687 2843 920 2883 remedium?
950 2846 1002 2883 Ita
1025 2847 1174 2888 scilicet:

181 2891 228 2941 U?
254 2895 388 2936 ,erueris
415 2909 501 2945 quae
527 2897 721 2945 peragenda
736 2895 843 2944 salvo
865 2910 876 2938 ;
899 2896 980 2942 jam
999 2899 1175 2949 compcfito

184 2935 337 2993 d1epqffis
356 2943 398 2980 ibi
418 2958 565 2983 manere.
617 2948 672 2983 Ut
695 2945 867 2994 significet
890 2947 1025 2985 eodem
1050 2948 1107 2986 die
1140 2950 1174 2988 sc

179 2986 331 3031 potuisse
362 2995 478 3032 venire
509 2997 546 3034 in
578 2997 697 3033 villam
723 3025 733 3040 ‚
781 2998 819 3035 δί
842 2995 1008 3034 ordinare
1030 3002 1174 3047 negotia

182 3044 264 3071 anre
287 3038 460 3085 vesperam
485 3071 495 3087 ,
528 3047 566 3082 &
587 3046 634 3084 ibi
657 3045 786 3084 deinde
810 3046 990 3096 quiescere
1014 3060 1077 3097 per
1107 3062 1175 3087 noe

180 3089 292 3125 4⁴:411]-
322 3088 416 3125 Nam
436 3103 569 3132 manere
592 3123 603 3140 ‚
637 3107 700 3144 per
722 3098 872 3135 noelcm
903 3098 1084 3147 quiescere
1117 3100 1174 3141 est.

1252 1951 1273 1978 a
1297 1951 1454 1980 numero
1475 1943 1648 1992 lapidum.
1680 1947 1834 1985 CATAN.

1302 2001 1320 2041 3
1352 1992 1539 2042 Utrinque
1559 1995 1686 2045 excipit
1708 1996 1814 2045 iter.]
1855 1997 1961 2036 MSS.
1985 2001 2088 2040 Voff.
2113 2005 2152 2042 δε
2174 2007 2278 2047 Βοη-’

1249 2043 1334 2089 gars.
1357 2054 1443 2081 Cum
1464 2045 1658 2094 Gryphio:
1687 2049 1858 2098 Utraque
1868 2050 1992 2099 excipit
2006 2052 2084 2089 iter.
2111 2053 2272 2098 Fortafle

1248 2098 1444 2144 Utramque
1475 2095 1606 2144 scripsit
1637 2097 1782 2137 Plinius.
1836 2098 2008 2140 Lucanus
2037 2103 2117 2142 Lib.
2151 2107 2199 2146 ΙΙ.
2222 2121 2273 2150 vs.

1247 2155 1330 2193 429.
1354 2143 1399 2183 de
1422 2144 1672 2194 Appennino:

1301 2244 1439 2284 Gallica
1461 2258 1548 2284 rura
1569 2249 1695 2295 videt,
1724 2251 1945 2302 devexasque
1964 2255 2097 2302 excipit
2119 2256 2247 2307 Alpes.

1253 2394 1259 2400 ἢ
1299 2357 1322 2391 4
1350 2346 1573 2397 Jumentis.]
1604 2350 1675 2388 Alii
1692 2349 1852 2397 saneris,
1877 2351 1914 2389 id
1939 2351 1987 2390 est
2011 2381 2021 2397 ,
2050 2358 2151 2405 equis
2174 2362 2267 2398 com

1246 2398 1387 2441 jugatis.
1424 2396 1537 2433 Unde
1568 2398 1708 2449 Tranq.
1742 2400 1839 2437 Suet.
1869 2401 1908 2438 in
1942 2403 2135 2445 Dictatore
2161 2437 2171 2453 ,
2218 2411 2267 2457 ost

1239 2444 1324 2491 Jblt's
1347 2448 1502 2494 occasum
1523 2449 1629 2486 mulis
1653 2463 1668 2485 e
1699 2452 1859 2497 proximo
1885 2450 2026 2500 ptstrino
2057 2457 2107 2492 ad
2136 2420 2265 2498 velen.

1247 2494 1332 2530 dum
1344 2495 1490 2543 junfz‘is.
1542 2497 1781 2548 Sequentium
1801 2508 1926 2539 tamen
1957 2502 2170 2554 scriptorum
2201 2522 2267 2548 au-

1250 2544 1392 2600 ctoritas
1408 2546 1512 2590 facit,
1540 2555 1582 2584 ut
1603 2551 1717 2598 magis
1738 2551 1884 2588 credam
1905 2551 2102 2600 legendum
2118 2556 2263 2607 jumen·

1246 2604 1288 2631 tis
1313 2624 1323 2639 ‚
1351 2597 1452 2646 quod
1485 2598 1594 2635 ctiam
1625 2601 1664 2637 in
1696 2599 1907 2650 quibusdam
1938 2604 2122 2644 codicibus
2163 2622 2264 2650 rece-

1244 2647 1492 2701 ptum3ldem
1516 2647 1656 2699 Tranq.
1677 2651 1714 2688 in
1738 2650 1826 2688 Ner.
1877 2654 1942 2689 Sed
1960 2664 2004 2691 cf
2023 2656 2060 2692 in
2083 2658 2163 2696 viae
2188 2667 2262 2712 Ap-

1239 2705 1316 2743 pme
1339 2708 1410 2733 wco
1431 2706 1565 2746 repente
1581 2708 1727 2747 puerum
1760 2701 1880 2740 citatis
1905 2704 2078 2751 jumentis
2106 2710 2206 2748 haud
2232 2713 2261 2749 i-

1241 2759 1375 2793 gnarus
1389 2747 1547 2787 obtinuit.
1576 2749 1690 2788 Ionii.
1710 2752 1937 2801 Jumentis.]
1968 2754 2056 2792 Hoc
2067 2757 2175 2797 habet
2186 2762 2261 2802 edi-

1245 2797 1297 2833 tio
1331 2798 1486 2837 Manutii
1513 2828 1523 2843 ‚
1560 2808 1596 2837 at
1628 2812 1670 2838 ea
1702 2804 1837 2850 priores
1861 2804 1994 2852 junciis
2017 2833 2029 2850 ,
2056 2808 2096 2844 δε
2117 2807 2165 2846 fic
2185 2811 2259 2851 Pal.

1246 2858 1396 2897 quoque
1419 2850 1538 2887 noster
1561 2878 1572 2895 ,
1609 2862 1677 2888 nec
1700 2853 1840 2901 prorsus
1871 2852 2038 2901 displicet.
2066 2858 2258 2902 GRUTER.

1243 2898 1395 2936 Veteres
1416 2899 1574 2938 habuifle
1593 2901 1718 2938 iunczis
1739 2902 1883 2940 testatur
1909 2904 2120 2945 Catanaeus.
2151 2910 2255 2951 idern

1241 2948 1276 2983 in
1300 2949 1406 2986 Pal-ar.
1428 2951 1570 2999 reperiri
1590 2952 1639 2989 ait
1662 2952 1847 2991 Gruterus.
1876 2960 1985 3003 atque
2020 2955 2067 2994 fic
2098 2962 2256 3001 omnino

1239 2999 1434 3045 legendum
1459 3000 1516 3038 est.
1545 3003 1669 3037 Junffta
1691 3010 1821 3041 notant
1843 3004 2052 3043 vehiculum
2076 3007 2150 3046 five
2173 3023 2253 3047 cur-

1240 3059 1329 3085 rum.
1384 3051 1481 3089 Solet
1513 3059 1636 3089 autem
1670 3053 1707 3090 in
1738 3062 1846 3091 arena
1878 3055 1946 3091 iter
1978 3055 2047 3095 effe
2078 3058 2251 3098 difficilius

1242 3100 1411 3139 velncuhs
1433 3129 1444 3147 ,
1492 3103 1577 3152 quia
1604 3103 1978 3165 rotaetiiiipediuntur
1999 3107 2042 3145 ab
2064 3118 2168 3144 arena
2192 3119 2251 3145 ce·-

1722 3153 1749 3194 εἷ
2147 3156 2255 3198 dente
