2616 3686
359 223 451 291 598
603 195 2281 268 C.PLINIICAECILIISECUNDI

309 370 311 372 1
365 321 423 358 re
455 342 470 366 ,
513 299 708 355 sentire
733 336 748 362 ,
789 292 1024 352 resistere
1049 301 1231 344 tamen
1259 328 1272 350 ,
1316 282 1575 340 &solatia
1602 280 1886 336 admittere
1911 295 1935 346 ⁸,
1977 298 2088 338 nou
2119 322 2134 348 ‚
2179 282 2373 340 solatiis
2397 271 2509 347 non

327 392 549 450 yegere.
627 370 838 428 Verum
865 370 933 424 de
954 366 1031 423 his
1055 364 1204 436 plura
1231 355 1478 421 fortass'e‚
1514 372 1677 430 quam
1707 353 1897 418 debui,
1924 353 2016 410 sed
2038 358 2322 429 pauciora,
2346 375 2508 432 quam

372 454 535 508 volui.
609 453 623 477 ¹
663 447 754 503 Est
791 447 936 500 enim
976 438 1244 515 quaedam
1280 436 1440 489 etiam
1477 431 1703 486 dolendi
1725 430 2005 502 voluptas:
2060 432 2373 506 praesertim
2396 434 2510 495 siin

371 528 532 583 amici
559 522 672 579 smu
703 521 904 578 defleas
921 558 938 584 ,
978 513 1122 588 apud
1144 527 1311 584 quem
1334 508 1581 583 lacrymis
1608 509 1710 563 tuis
1736 506 1819 564 vel
1844 507 1955 561 laus
1981 507 2041 562 fit
2068 521 2248 582 parata
2272 548 2288 574 ,
2319 513 2403 568 vel
2421 529 2512 570 ve-

376 606 478 659 nia.
518 598 660 657 Vale.

541 745 720 806 XVII.
798 742 865 798 C.
942 739 1372 795 PL1N1us
1455 732 1956 790 MAcR1No
2033 733 2217 790 Suo'
2289 734 2343 791 S.

376 904 506 958 Cum
528 898 718 956 Dberis
736 891 924 950 crebris
943 908 1000 944 ac
1014 888 1198 965 fiibitis
1212 883 1529 942 incrementis
1538 893 1813 957 augeretur
1825 886 1972 957 ,petit
1988 884 2190 939 Plinius
2209 882 2297 949 [ibi
2315 890 2516 945 nunciet

625 974 931 1034 Macrinus,
957 965 1013 1039 st
1035 963 1329 1040 qmdstmile
1349 963 1402 1015 in
1426 961 1627 1033 regione
1647 956 1992 1031 transpadana
2014 960 2274 1033 accidisset.
2508 957 2517 964 ¹

544 1129 660 1184 ΠΜ
696 1124 806 1180 istic
832 1136 1055 1198 quoque
1083 1117 1294 1174 immite
1321 1112 1376 1167 &
1403 1108 1687 1166 turbidum
1717 1107 1934 1165 coelum
1958 1108 1974 1162 ?
2018 1108 2105 1164 hic
2129 1108 2361 1168 assiduae
2381 1124 2520 1169 tem-

377 1130 521 1273 N
544 1202 797 1279 pestate3‚
833 1204 885 1253 ὅῑ
913 1195 1102 1251 erebra
1128 1192 1340 1249 diluvia.
1416 1185 1637 1243 Tiberis
1665 1185 1875 1240 alveum
1899 1192 1917 1215 ²
1942 1183 2162 1240 exceffit
2190 1228 2202 1248 ‚
2250 1187 2302 1240 &
2332 1188 2524 1245 demis..

331 1282 601 1338 2s10ribus
623 1279 750 1351 ripis
778 1275 883 1330 alte
918 1269 1343 1344 superfunditur.
1421 1263 1751 1336 Quanquam
1786 1260 1941 1324 forsa,
1988 1278 2151 1334 quarn
2181 1266 2196 1294 ³
2234 1263 2524 1334 providen-

375 1357 601 1412 tissimus
628 1356 925 1424 Imperator
955 1346 1084 1402 fecit
1108 1388 1123 1412 ,
1177 1339 1460 1399 exhaustus
1486 1379 1501 1404 ‚
1548 1338 1747 1411 premit
1787 1338 1952 1392 valles
1980 1379 1991 1399 ‚
2044 1338 2249 1391 innatat
2292 1340 2513 1411 campis:

372 1439 625 1507 fquaque
650 1429 871 1503 planum
894 1423 1094 1486 solum,
1118 1438 1221 1495 pro
1249 1417 1367 1474 solo
1395 1414 1652 1470 cernitur.
1733 1412 1899 1481 Inde,
1932 1419 1946 1447 ⁵
1971 1429 2110 1483 quae
2135 1411 2267 1467 solet
2291 1411 2514 1471 flumina

376 1509 623 1582 accipere
649 1546 672 1570 ,
718 1504 773 1558 δε
796 1500 1065 1575 permixta
1089 1494 1393 1556 devehere,
1432 1492 1453 1520 ⁶
1489 1490 1633 1546 velut
1659 1487 1850 1545 obvius
1878 1527 1895 1553 ‚
1936 1485 2318 1561 sisterecogit3
2359 1503 2519 1563 atque

2449 1567 2518 1621 ita

376 1684 530 1723 verbum
549 1683 661 1730 longe
690 1679 916 1729 frequentius
941 1674 1100 1714 absolute
1127 1671 1286 1723 pofitum
1310 1681 1416 1720 repe·
1482 1665 1509 1705 Β
1525 1677 1583 1705 AR
1598 1676 1624 1704 Τ
1640 1677 1677 1704 1-1.
1716 1665 1776 1703 De
1807 1674 1913 1703 more
1940 1663 2002 1704 illo
2022 1663 2165 1714 prorsus
2180 1665 2330 1706 Poetice
2350 1666 2514 1709 Lucanus

378 1737 475 1774 ritur.
500 1732 746 1773 Nihilominus
769 1737 914 1779 propter
932 1725 1095 1766 additum
1113 1725 1268 1763 verbum
1286 1721 1417 1773 sentire
1483 1718 1566 1757 Lib.
1593 1717 1661 1757 1V.
1690 1728 1739 1756 vs.
1765 1727 1850 1765 141.

379 1794 523 1825 mutare
544 1783 743 1834 quidquam
765 1791 843 1818 non
877 1778 991 1816 ausim
1014 1790 1023 1814 ι
1059 1788 1146 1814 cum
1177 1775 1348 1814 familiare
1376 1771 1418 1810 fit

381 1838 498 1876 Plinio
519 1835 624 1882 adfici
646 1845 751 1876 cura,
770 1829 1002 1881 fhllicitudine
1016 1856 1027 1873 ,
1055 1838 1172 1872 metu,
1197 1825 1323 1876 gaudie
1337 1853 1347 1869 ‚
1376 1825 1415 1861 δε
1535 1824 1592 1858 Αε
1616 1834 1655 1859 ne
1676 1820 1760 1872 quid
1780 1819 1897 1858 sicoris
1917 1819 2062 1870 repetitis
2083 1820 2213 1858 audeat
2230 1821 2358 1868 undis,

383 1889 460 1928 alia.
514 1886 612 1925 Vide
633 1884 714 1922 Lib.
734 1882 780 1919 11.
816 1881 922 1929 Epist.
948 1880 1011 1917 IX.
1046 1891 1082 1916 n.
1109 1890 1143 1917 1.
1178 1877 1288 1927 Epist.
1310 1874 1414 1913 XlX.
1538 1871 1717 1921 Spargitur
1735 1873 1772 1910 in
1789 1871 1902 1910 sulcos
1917 1899 1928 1915 ‚
1953 1881 1996 1910 ω’
2008 1870 2108 1922 sciffo
2125 1872 2258 1921 gurgite
2276 1873 2376 1911 rivus

385 1952 421 1978 n.
445 1951 479 1990 3.
510 1938 589 1977 Lib.
610 1936 681 1973 VI.
707 1932 815 1982 Epist.
832 1931 901 1969 VI.
929 1942 966 1968 n.
986 1943 1023 1968 2.
1050 1931 1124 1968 &c.
1293 1943 1297 1947 ·
1538 1928 1616 1961 Dat
1637 1932 1760 1973 poenas
1785 1923 1925 1973 majoris
1952 1935 2072 1973 aquae.

438 2003 470 2029 1.
497 1988 553 2036 Est
574 1986 747 2040 quaedam
768 1984 926 2033 voluptas
945 1981 1122 2032 dolendi]
1159 1978 1203 2018 In
1230 1977 1358 2017 dolore
1380 1976 1420 2016 fit

383 2040 566 2092 quaedam
589 2040 770 2085 voluptas.
798 2033 978 2072 Ovidius:
1540 2038 1575 2072 4.
1601 2027 1757 2080 Quaque
1784 2024 1933 2075 planum
1959 2024 2075 2074 fhlum
2095 2052 2105 2069 ‚
2137 2033 2198 2074 pro
2228 2022 2300 2074 fhlo
2337 2023 2508 2075 amima]

1490 2076 1580 2114 Non
1597 2078 1777 2125 inelegans
1798 2075 2005 2121 conjestura
2018 2074 2193 2123 LipsiLad
2215 2074 2243 2113 1.
2269 2075 2511 2115 Anna1.Taciti

434 2163 549 2175 .—.
578 2160 690 2173 ...-
716 2137 761 2185 est
780 2135 950 2188 quaedam
967 2133 1051 2182 flere
1070 2132 1264 2182 voluptas,
1489 2135 1578 2165 extr.
1602 2127 1673 2173 est,
1702 2127 1871 2176 legenti33
1902 2127 2058 2182 ,Quique
2070 2125 2243 2176 planum,
2268 2127 2358 2166 solus
2371 2135 2426 2176 pro
2435 2124 2505 2176 filo

438 2194 590 2232 sedatur
606 2190 790 2241 lacrymis,
818 2187 1024 2237 egeriturque
1051 2183 1157 2222 dolor.
1490 2178 1653 2216 cernitur.
1684 2178 1709 2215 Β
1725 2192 1747 2214 υ
1763 2189 1784 2214 c
1797 2189 1860 2215 HN
1875 2190 1895 2215 E
1908 2191 1944 2216 R.
1974 2178 2071 2215 Nihil
2091 2186 2248 2215 movent
2269 2178 2506 2220 membranae,

1490 2241 1558 2267 nec
1576 2231 1721 2268 moveri
1743 2228 1943 2279 quidquam
1979 2228 2084 2266 debet
2105 2244 2115 2273 ;
2154 2240 2374 2278 quamquam
2403 2227 2508 2265 etiam

385 2297 452 2336 CA
466 2308 522 2334 τΑ
536 2308 575 2333 u.
625 2291 724 2331 Vide
746 2292 785 2329 &
804 2287 952 2327 Aristor.
979 2284 1060 2324 Lib.
1084 2284 1114 2325 1.
1137 2284 1422 2322 Rhetoricorum
1491 2282 1673 2318 Masenius
1696 2281 1852 2318 l‘alaestr.
1877 2279 1949 2318 Stili
1961 2280 2103 2329 fidum,
2132 2291 2199 2328 pro
2210 2280 2322 2331 solum
2338 2277 2514 2327 conjecta·

384 2361 461 2398 cap.
480 2347 546 2386 Xl.
574 2345 599 2382 B
618 2360 636 2381 υ
652 2356 676 2382 c
692 2355 716 2381 H
729 2355 754 2380 N
767 2353 790 2380 Β
803 2354 842 2379 a.
1488 2331 1579 2370 verit
1605 2343 1682 2380 pag.
1696 2332 1784 2379 269.
1812 2332 1995 2381 Repetitio
2015 2340 2110 2369 certe
2129 2331 2289 2381 ejusdem
2310 2328 2405 2367 verbi
2422 2327 2514 2366 adeo

439 2412 473 2436 2.
506 2394 686 2446 Exceffit.]
726 2394 831 2431 Licet
857 2388 1009 2429 inclusus
1044 2388 1215 2438 utrinque
1249 2385 1427 2425 lateribus.
1490 2383 1578 2421 nihil
1601 2383 1676 2421 vitii
1705 2383 1813 2420 hibet
1835 2410 1845 2427 ‚
1884 2391 1922 2420 ut
1952 2383 1989 2420 ὅ(
2021 2381 2065 2419 ad
2096 2383 2309 2430 elegantiam
2339 2379 2517 2418 referatur.

384 2451 481 2489 Alibi
511 2460 588 2486 non
618 2447 687 2495 legi
709 2439 903 2484 excrevisse
935 2441 1103 2479 Tiberim
1134 2438 1194 2477 sub
1221 2436 1388 2489 Trajano
1411 2466 1422 2482 ‚
1491 2433 1812 2483 Composuionem
1831 2442 1955 2472 autem
1977 2433 2124 2483 planum
2137 2433 2269 2483 filum,
2290 2441 2423 2473 nemo,
2450 2426 2512 2466 nisa

383 2511 489 2539 antea
511 2499 644 2547 saepius
664 2524 674 2541 ,
715 2498 753 2534 &
777 2495 908 2545 pollen.
960 2493 1060 2530 Nam
1089 2490 1150 2528 sub
1167 2488 1323 2526 Othone
1343 2501 1421 2528 me·
1491 2487 1697 2534 imperitus,
1726 2485 1978 2533 reprehendet.

387 2560 532 2591 morant
555 2549 709 2587 Tacitus
734 2548 772 2585 &
796 2544 997 2583 Plutarchus
1020 2571 1030 2587 ,
1058 2552 1246 2591 nunquam
1271 2541 1365 2588 prius
1387 2541 1424 2577 in
1546 2549 1579 2584 ς.
1606 2539 1715 2590 ,Οκιιαε
1725 2537 1813 2587 solet
1824 2535 1977 2586 flumina
1999 2534 2181 2580 accipere]
2207 2529 2339 2567 Tinnia
2359 2554 2370 2570 ‚
2396 2537 2510 2575 quem

386 2612 528 2642 tantum
549 2600 723 2639 sublatum
750 2626 761 2644 ,
800 2607 924 2646 neque
951 2601 1007 2632 tot
1029 2604 1083 2631 res
1102 2589 1301 2642 perdidiffe.
1337 2592 1424 2628 Ca·
1493 2587 1619 2625 Strabo
1657 2590 1796 2625 sonam
1821 2587 1905 2625 dicit
1927 2614 1937 2631 ,
1975 2587 2012 2622 ὅ(
2035 2584 2154 2621 Glanis
2176 2607 2186 2622 ,
2225 2578 2328 2626 primi
2356 2575 2510 2614 fluvium

389 2668 414 2693 τ
430 2668 451 2692 Α
467 2668 503 2692 Ν.
1492 2639 1657 2677 Tiberim
1678 2638 1832 2677 influunt
1856 2651 1864 2675 :
1903 2633 2078 2685 praecipui
2105 2639 2225 2668 tamen
2262 2626 2334 2663 Nar
2354 2627 2391 2664 ὅ(
2412 2626 2513 2664 Anio

442 2718 475 2753 3.
503 2699 855 2749 Providentiffimus]
890 2696 1061 2745 Epitheto
1081 2693 1345 2736 convenienti,
1385 2693 1423 2730 δε
1495 2701 1580 2728 eum
1606 2690 1756 2728 fluvium
1781 2695 1921 2736 augent.
1950 2685 2014 2720 CA
2030 2691 2133 2717 TAN.

391 2765 602 2805 opportuno
630 2752 833 2802 Trajanum
863 2747 1192 2800 providentissimum
1213 2744 1425 2794 appellavit,
1546 2743 1579 2779 6.
1609 2742 1707 2778 Velut
1740 2739 1860 2776 obvius
1882 2744 1974 2773 retro
1996 2730 2118 2778 cogit.]
2161 2727 2246 2763 Hoc
2284 2726 2411 2774 plicuit
2447 2729 2516 2767 im·

392 2817 430 2843 ut
452 2808 512 2853 qli
535 2805 661 2843 urbem
683 2804 820 2852 majora
845 2800 977 2838 damna
1000 2798 1215 2846 prospiceret
1236 2793 1427 2844 paffuram,
1461 2779 1464 2815 ³
1495 2793 1618 2840 preffis
1639 2791 1830 2831 omnibus,
1860 2787 1896 2822 &
1914 2783 2000 2839 novi
2022 2808 2032 2823 ‚
2059 2789 2149 2834 QQC
2173 2775 2442 2833 <ic-flaminibus
2462 2794 2514 2817 re·

395 2857 456 2893 nisi
480 2856 634 2894 {luminis
653 2856 919 2892 incrementum
950 2849 1039 2887 fossa
1062 2850 1274 2887 exhauriret.
1301 2849 1428 2896 Quare
1495 2854 1548 2881 tro
1576 2840 1762 2893 fluentibus
1798 2848 1841 2874 ex
1874 2842 2014 2889 ¹majore
2053 2829 2165 2865 Plinio
2208 2833 2351 2884 alasque
2388 2829 2517 2868 adferri

395 2907 433 2943 in
461 2907 610 2953 epistolis
629 2904 672 2941 ad
696 2903 852 2942 eundem
875 2904 1130 2947 imperatorem
1147 2929 1156 2944 ,
1173 2901 1260 2938 dum
1281 2905 1427 2936 veretur
1494 2901 1639 2942 queant.
1691 2889 1760 2927 Sed
1781 2884 1993 2938 Mediceusg
2013 2878 2108 2915 velut
2131 2878 2250 2915 olm-uis
2274 2878 2386 2916 were
2409 2882 2515 2929 rogim

396 2968 442 2993 ne
462 2958 554 2992 lacus
574 2955 711 2991 flumini
733 2951 940 2990 cornmiffus
958 2961 1054 2989 totus
1075 2953 1109 2989 in
1130 2963 1228 2989 mare
1249 2949 1429 2991 efflueret,
1495 2955 1563 2980 nec
1581 2941 1736 2979 multum
1753 2937 1823 2975 abit
1841 2932 1939 2982 quod
1965 2935 1978 2965 (
1998 2939 2163 2985 ata-naeus
2193 2941 2319 2976 repent
2344 2945 2350 2967 ;
2384 2931 2517 2979 nststere

399 3006 693 3057 pudentissimum
717 3003 914 3050 appellavit.
956 3002 1009 3037 11st
1029 3010 1151 3038 amem
1176 3000 1358 3038 prudentia
1379 2999 1429 3036 sa-
1495 2994 1596 3037 cogit,
1625 2988 1725 3041 quod
1745 2989 1865 3025 tamen
1886 2994 1930 3020 ex
1951 2980 2072 3036 Glolla
2091 2980 2215 3017 leviter
2234 2992 2441 3031 corruptum
2456 2980 2514 3020 est.

403 3058 557 3107 pientiae
571 3065 658 3102 pars,
687 3053 699 3088 1
717 3065 737 3088 n
754 3064 827 3088 EM.
857 3050 1022 3087 Similiter
1036 3044 1252 3098 liuplua'tem
1267 3047 1428 3087 cavernis
1498 3040 1627 3078 Noster
1640 3039 1751 3088 sistere
1772 3063 1781 3080 .
1809 3044 1873 3082 pro
1894 3032 2056 3081 consistere
2077 3059 2086 3074 ‚
2126 3030 2238 3074 dixit,
2270 3045 2337 3082 qua
2362 3034 2510 3071 notione

405 3106 571 3159 ἀρρςςῃῑς
595 3102 860 3142 exhauriebant,
888 3100 968 3137 vid:
1004 3100 1104 3138 Cffit,
1135 3102 1210 3138 μῆ),
1228 3101 1275 3138 V,
1301 3110 1378 3147 cap,
1401 3096 1433 3135 1,
1495 3084 2065 3135 verbumilludapudLucretium
2092 3082 2168 3120 Lib.
2186 3082 2391 3122 1.x·s.1:16.
2412 3093 2515 3129 1057.

2385 3136 2421 3172 &
2443 3129 2518 3170 alibi
