2616 3686
340 201 444 260 502

609 190 1125 247 c.1>1.1⁷N11
1191 184 1694 241 canetur
1761 166 2273 244 ssscunn‘r

342 279 453 347 ego
472 269 719 343 jusseram
744 272 758 294 ¹
787 269 1078 344 proscribi,
1102 284 1213 325 non
1241 266 1539 341 exspectata
1561 268 1578 288 ²
1606 264 1852 346 aufiione
1881 282 1980 338 pro
2007 281 2131 320 meo
2154 266 2502 340 ’quincunce‘-⁴

345 347 414 402 ex
438 345 788 418 septingentis
814 342 1045 400 millibus
1080 341 1351 398 Corelliae
1375 340 1673 396 addixerit:
1713 338 1927 410 adjicis,
1954 337 2100 411 poss'e
2126 355 2220 395 eos
2245 356 2500 415 nongen-

346 422 417 476 tis
444 421 675 476 millibus
708 421 954 481 vaenire,
992 433 1053 470 ac
1083 428 1235 471 tanto
1261 415 1425 486 magis
1451 415 1689 488 quaeriS,
1725 413 1743 439 ⁴
1767 430 1831 467 an
1851 451 1865 476 ‚
1904 411 2055 484 quod
2084 410 2241 482 gestit
2262 451 2277 477 ,
2315 430 2493 472 ratum
2567 439 2610 496 χ

350 491 573 548 servem,
651 491 774 562 Ego
811 507 942 544 vero
980 488 1169 543 servo:
1218 486 1412 559 quibus
1434 504 1501 542 ex
1527 488 1691 542 caulis
1721 485 1925 557 accipe.
1955 485 2116 554 cupio
2143 487 2286 541 enim
2313 487 2367 542 &
2394 488 2493 546 tibi

352 565 639 637 probatum
669 565 721 618 &
750 561 1111 617 coheredibus
1136 563 1267 614 meis
1297 560 1609 614 excusatum
1636 558 1772 621 effe,
1799 556 1952 631 quod
1979 573 2067 611 me
2095 557 2157 611 ab
2183 558 2314 623 illis,
2346 559 2492 617 '‘ma-

347 644 466 712 jore
491 638 680 693 officio
707 637 952 702 iubente,
993 633 1232 686 secernO.
1269 629 1559 686 Corelliam
1583 650 1707 686 cum
1733 631 1936 686 summa
1961 632 2262 685 reverentia
2291 631 2491 705 diligo:

354 713 585 784 primum
626 722 686 764 ut
725 709 964 762 sororem
1002 702 1227 759 Corellii
1263 701 1391 756 Ruti
1418 742 1434 771 a
1482 702 1629 774 cujus
1673 705 1803 759 mihi
1842 705 2103 758 memoria
2129 699 2147 724 ⁶
2171 703 2497 763 sacrosancta-

359 784 457 840 eli:
497 781 697 839 deinde
738 793 797 835 ut
838 778 993 834 matri
1017 793 1167 835 meae
1190 774 1659 832 familiariffimam.
1735 777 1870 833 Sunt
1898 775 2028 832 mibi
2057 775 2112 831 &
2141 794 2268 833 cum
2295 782 2491 837 marito

351 997 504 1037 extollit.
561 994 719 1033 Alterius
767 992 904 1032 medici
950 989 1065 1031 Libro
1103 988 1150 1028 X.
1203 991 1390 1029 meminit.

358 1054 430 1139 L?
445 1058 637 1141 ΊΡῗοῗῑονίὺὶ.
662 1095 680 1146 ]
722 1096 870 1145 Exponi
903 1094 1060 1134 venales.
1107 1093 1211 1131 Hinc
1241 1093 1392 1142 proscri-

347 1158 432 1202 ptus
454 1144 586 1188 serius.
617 1149 672 1186 M.
697 1149 796 1186 Tull.
818 1148 863 1185 dc
887 1147 982 1185 offic.
1013 1144 1072 1182 Ille
1094 1146 1186 1195 quod
1199 1143 1392 1193 nonplace-

351 1203 415 1239 bat
448 1201 648 1250 proscripsit
670 1229 680 1244 ,
718 1211 757 1237 tu
793 1199 884 1249 quod
919 1196 1080 1249 placebat
1121 1195 1244 1242 emisti.
1293 1195 1415 1236 Item,

350 1253 489 1292 ibidem
513 1266 521 1290 :
563 1252 738 1289 claudius
771 1252 869 1290 aedes
895 1279 905 1294 ‚
943 1263 1032 1299 quas
1065 1248 1102 1285 in
1128 1247 1248 1285 Caelio
1269 1255 1394 1286 montc'

351 1303 504 1341 habebat
533 1332 542 1347 ‚
582 1302 794 1353 proscripsit.
850 1300 1064 1350 Aliquando
1094 1301 1203 1337 etiam
1224 1299 1389 1346 proscribi

351 1355 401 1393 est
423 1356 458 1393 in
484 1357 634 1393 exilium
660 1355 780 1398 mitti,
807 1354 891 1403 qnia
919 1353 1059 1401 publice
1082 1352 1117 1388 in
1130 1350 1258 1388 tabella
1270 1351 1387 1400 scripti

350 1406 640 1455 exponebantur.
686 1404 800 1454 Apud
824 1405 1001 1441 Tacitum
1028 1401 1201 1450 fignificat
1223 1404 1385 1451 proponi

346 1458 388 1494 &
411 1456 621 1504 praetendi,
649 1467 735 1494 cum
758 1465 875 1493 narrat
900 1455 980 1491 Lib.
1004 1454 1070 1491 Xl.
1097 1452 1222 1491 frustra
1245 1455 1382 1492 Arme-

346 1508 451 1544 nium
482 1507 663 1556 proscribi.
718 1507 768 1545 At
799 1504 1025 1556 praescribere
1046 1505 1232 1542 interdum
1256 1504 1304 1543 est
1322 1506 1386 1554 ju-

347 1558 435 1596 bere
459 1586 470 1602 ‚
507 1566 546 1595 ut
583 1558 713 1596 Caesar
745 1570 824 1596 non
854 1557 902 1596 ad
930 1558 1075 1596 alterius
1112 1556 1383 1606 praescriptum,

349 1609 410 1647 sed
455 1610 501 1648 ad
541 1609 644 1647 suum
683 1610 869 1649 arbitrium
909 1611 1091 1657 impiare
1131 1608 1382 1647 consueverat.

349 1659 406 1698 ln
423 1673 444 1697 E
459 1674 500 1699 M.
527 1661 749 1710 Proscribere.
771 1659 787 1710 ]
819 1660 1028 1710 Proscribere
1052 1659 1100 1698 est
1123 1662 1174 1698 rei
1195 1660 1384 1698 vendibilis

350 1711 529 1750 indicium
551 1714 720 1765 ifriptura
742 1714 883 1760 publice
907 1712 1036 1750 facere.
1092 1709 1193 1748 Nam
1217 1712 1279 1760 qui
1303 1712 1386 1760 pos-

348 1762 542 1800 sessionem
576 1772 638 1799 aut
672 1763 830 1801 fundum
865 1762 1028 1800 vendere
1060 1763 1170 1805 vellet
1196 1789 1206 1806 ‚
1254 1761 1388 1811 figebat

346 1821 411 1850 aut
434 1812 670 1862 suspendebat
690 1814 849 1851 tabulam
875 1813 1021 1861 publice
1050 1842 1059 1858 ‚
1089 1813 1124 1849 in
1150 1824 1221 1861 qua
1246 1815 1285 1851 ὃς
1308 1825 1387 1860 res,

349 1863 390 1901 δε
422 1866 474 1903 rei
502 1865 659 1914 pretium
694 1865 930 1914 perscriptum
965 1872 1048 1901 erat.
1100 1863 1214 1902 Unde
1244 1864 1388 1904 venales

345 1915 492 1964 pindere
523 1914 734 1952 dicebantur
759 1945 768 1959 ‚
808 1925 970 1964 quorum
1004 1915 1103 1952 bona
1139 1915 1185 1952 ad
1207 1914 1308 1952 istam
1334 1927 1387 1953 ra-

348 1967 493 2003 tionem
528 1965 722 2015 profetam-:1
755 1973 866 2004 erant.
927 1965 1058 2003 Noster
1082 1965 1175 2004 infra
1198 1967 1271 2004 hoc
1292 1967 1384 2005 libro

350 2015 462 2065 Epist.
485 2016 649 2054 XXVII.
678 2019 826 2063 Deserta
849 2016 930 2055 inde
948 2027 993 2056 (7·
1009 2016 1387 2065 damnatasolitudine

350 2067 477 2104 domus
501 2096 511 2110 ‚
539 2078 683 2118 totaque
704 2068 761 2106 illi
783 2068 931 2114 monstro
954 2067 1077 2106 relicta
1098 2085 1109 2105 :
1139 2068 1387 2108 PROSCRI-

350 2117 608 2156 BEBATUR
631 2131 754 2156 tamen
780 2136 790 2156 .·
828 2119 885 2165 feu
909 2119 982 2166 quis
1003 2131 1114 2157 emere
1137 2146 1147 2163 ‚
1167 2120 1232 2168 seu
1257 2120 1388 2157 condu-

349 2180 423 2206 cere
438 2196 448 2213 ‚
474 2170 622 2217 ignarus
646 2174 744 2208 tanti
767 2171 856 2206 mali
879 2169 997 2207 vellet.
1035 2171 1175 2207 Titulus
1198 2169 1246 2207 est
1267 2172 1389 2210 tabula

351 2219 434 2264 illa,
463 2219 706 2264 fivelibellus,
732 2233 808 2270 quo
821 2220 1103 2269 proicribcbatur
1117 2219 1262 2259 domus.
1292 2223 1392 2262 Hinc

345 2269 415 2360 ,Εὐ
440 2270 598 2359 {guium
631 2272 679 2310 ire
702 2300 713 2318 ,
750 2272 798 2311 est
827 2272 1006 2322 proscribi.
1035 2271 1203 2311 Tibullus
1230 2273 1313 2313 Lib.
1341 2274 1390 2314 ΙΙ.

353 2434 359 2472 ·,
405 2424 507 2475 Qu‘n
528 2425 637 2463 etiam
662 2427 751 2471 sedes
769 2427 894 2476 jubeat
911 2426 946 2478 fi
965 2427 1116 2465 vendere
1137 2427 1284 2472 avitas.

460 2476 554 2514 ITE
593 2477 661 2528 sub
708 2480 893 2529 imperium
934 2479 1001 2529 sub
1052 2479 1393 2531 TITULUMque

741 2530 845 2570 lares.

356 2629 567 2669 Rucuma.
604 2631 707 2669 Plura
741 2633 873 2671 dehac
894 2634 1157 2684 proscriptione
1178 2646 1302 2674 rerum
1326 2648 1392 2675 ve-

357 2683 498 2720 nalium
535 2682 682 2720 lli'ill'on.
716 2685 845 2723 Seleu.
880 2698 923 2723 ex
959 2686 986 2723 Ι.
1018 2688 1063 2724 C.
1095 2687 1184 2725 Ant.
1217 2688 1301 2725 Lib.
1322 2687 1392 2725 111.

360 2743 440 2789 cap.
488 2733 595 2771 Vlll.
643 2737 681 2772 &
721 2736 881 2786 Interpp.
917 2737 1080 2777 Petronii
1117 2738 1162 2776 ad
1201 2739 1272 2777 Sat.
1311 2751 1391 2790 cap.

361 2783 584 2826 xxxviii.
604 2787 642 2824 ἃ
663 2785 840 2825 XXXIX.

417 2845 437 2869 2
469 2836 689 2891 Amfion]
736 2838 775 2875 In
808 2839 948 2888 publica
981 2840 1196 2879 venditione
1221 2869 1231 2886 ‚
1279 2841 1391 2880 aneto

370 2884 545 2938 gra-laum
568 2888 611 2922 ab
635 2891 858 2936 emptoribus
887 2893 1035 2940 precio,
1064 2904 1146 2929 cum
1171 2903 1226 2930 res
1252 2904 1391 2942 propo-

369 2941 466 2987 nitur
499 2936 575 2990 plus
607 2938 786 2976 offerenti.
822 2943 1017 2980 CATAN.
1048 2942 1260 2992 Auctione]
1291 2944 1392 2983 Ante

369 2985 549 3037 auetionis
571 2985 678 3023 diem.
709 2993 833 3026 Auctio
856 2994 1020 3030 venditio
1044 2994 1184 3041 publica
1197 2987 1256 3032 est'.
1287 2995 1393 3035 Haec

369 3041 417 3070 ita
445 3031 573 3089 fiebat,
602 3040 870 3082 proponebatur
893 3043 1026 3079 libellus
1048 3046 1227 3082 auctionis
1252 3045 1394 3083 futurae

372 3083 537 3131 publzce:
567 3097 600 3121 in
619 3085 786 3123 res-‚mur
806 3090 901 3131 dez,
930 3094 1006 3137 Qui
1029 3105 1112 3129 cum
1129 3094 1299 3141 venisset,
1331 3107 1395 3133 ve-

369 3134 520 3173 mebant
543 3137 676 3174 emturi
699 3138 736 3176 ὃς
754 3138 988 3180 considebant
1010 3153 1073 3190 per
1093 3144 1268 3185 subsellia:
1298 3156 1393 3196 quae

2382 854 2494 925 ejus

1462 991 1679 1028 circumiens
1715 998 1851 1038 praeco
1882 988 2071 1027 licentium
2108 992 2223 1039 pretia
2272 994 2496 1043 exquirebat,

1463 1044 1543 1089 Qui
1564 1043 1773 1080 maximum
1795 1039 1829 1077 se
1852 1038 2022 1077 daturum
2046 1039 2185 1078 dixerat
2209 1069 2219 1086 ,
2248 1042 2333 1080 huic
2355 1056 2411 1083 ris
2433 1048 2497 1086 ad.

1463 1093 1662 1142 dicebatur.
1690 1091 1788 1129 Vide
1803 1090 2025 1129 Suetonium
2040 1088 2203 1138 Caligula
2219 1092 2262 1130 C.
2275 1093 2494 1138 XXXVIII.

1461 1145 1669 1183 Euenum.

1516 1209 1534 1246 3
1567 1191 1814 1245 Q1incunce.]
1846 1190 1995 1231 Semiffe
2015 1194 2136 1230 minus
2152 1196 2259 1233 uncia
2273 1223 2286 1241 ,
2311 1209 2405 1247 quae
2415 1212 2495 1248 pars

1464 1246 1698 1295 pervenitad
1718 1257 1793 1283 me.
1823 1245 1891 1282 CA
1908 1257 1930 1281 τ
1946 1256 2017 1281 ΑΝ.
2045 1244 2121 1281 Alii
2145 1257 2154 1280 :
2176 1247 2240 1294 sex
2259 1249 2497 1296 septingentis,

1462 1299 1608 1336 Verum
1634 1299 1681 1337 est
1703 1310 1744 1334 ex
1761 1325 1772 1342 ‚
1798 1305 1840 1334 ut
1862 1295 1964 1333 vides
1989 1307 2033 1332 ex
2067 1294 2178 1344 Epist.
2210 1296 2315 1336 XIV.
2344 1300 2498 1342 Bam-H.

1463 1351 1580 1389 Penes
1603 1361 1672 1388 nos
1694 1346 1800 1386 Voss.
1817 1349 1883 1398 sex
1903 1346 2085 1395 p1·acfert;
2119 1347 2276 1386 Helmst.
2302 1361 2357 1388 (7.
2385 1353 2500 1400 Opti.

1465 1413 1546 1439 mus
1589 1403 1628 1440 ὃς
1670 1401 1801 1448 reliqui
1829 1399 2017 1445 vulgatam
2050 1398 2193 1436 servant
2216 1427 2227 1443 ‚
2269 1412 2499 1451 quamquam

1465 1451 1626 1497 fuerint,
1654 1453 1717 1501 qui
1740 1449 2055 1499 Praepositionein
2069 1449 2500 1497 pessimeinteltexetunt.

1466 1504 1568 1553 Lege
1592 1506 1752 1542 omnino
1773 1503 1945 1556 Gronov.
1971 1500 2055 1537 Lib.
2079 1501 2145 1538 IV.
2170 1500 2215 1538 de
2226 1502 2409 1543 Pec.Vet.
2424 1517 2502 1554 cap.

1464 1556 1513 1592 V.
1545 1556 1642 1593 Mox
1666 1552 1883 1592 Mediceus:
1915 1551 2052 1590 Adjicis
2078 1580 2088 1597 ‚
2115 1552 2185 1590 hos
2207 1555 2390 1604 nongentis
2413 1557 2499 1596 mil·

1466 1605 1557 1644 lzbus
1580 1605 1682 1657 posse
1703 1605 1836 1644 venire.
2491 1600 2498 1609 '

1513 1670 1537 1705 4
1566 1666 1629 1696 An
1645 1687 1656 1705 ,
1684 1657 1777 1707 quod
1798 1653 1965 1704 gesserit,
1992 1664 2116 1692 ratum
2132 1655 2286 1702 servem.
2311 1656 2327 1706 ]
2373 1658 2500 1709 Scripti

1465 1710 1504 1747 ὃς
1535 1709 1630 1748 Edd.
1662 1710 1765 1747 Vett.
1799 1707 1892 1757 quod
1914 1704 2018 1753 geffit.
2048 1707 2170 1745 Simile
2200 1709 2331 1746 vitium
2356 1709 2503 1749 obiece-

1469 1770 1547 1800 rant
1568 1761 1653 1799 Lib.
1676 1761 1746 1799 ΙΙΙ.
1768 1758 1876 1808 Epist.
1897 1757 2001 1796 XXI.
2022 1769 2058 1796 n.
2078 1770 2111 1804 4.
2151 1760 2327 1811 Quaeris,
2355 1762 2413 1810 qui
2436 1761 2503 1802 lint

1467 1811 1647 1863 verficuli,
1675 1813 1806 1862 quibus
1820 1809 1981 1859 gratiam
2005 1810 2123 1848 retuli.
2168 1808 2344 1850 Fecerant
2367 1825 2504 1864 nempe

1465 1864 1660 1902 retulerim.
1685 1863 1768 1902 vide
1795 1863 1854 1901 ibi.

1519 1929 1537 1964 ς
1570 1915 1708 1964 Majore
1731 1914 1832 1963 officio
1856 1911 2043 1963 jubente]
2076 1912 2254 1952 Officium
2291 1914 2340 1952 est
2359 1943 2373 1966 ἶ
2397 1915 2500 1966 quod

1470 1968 1549 2014 quis
1573 1967 1673 2005 alteri
1695 1966 1813 2004 debet.
1852 1964 1938 2003 Plus
1954 1972 2080 2002 autem
2102 1966 2229 2003 amicis
2251 1994 2262 2011 ‚
2302 1977 2414 2015 quam
2438 1979 2501 2006 co·-

1467 2016 1658 2057 heredibus
1680 2016 1869 2056 debemus.
1896 2015 1986 2053 Hoc
2007 2017 2115 2065 igitur
2134 2019 2290 2056 nomine
2313 2018 2501 2060 excusabat

1468 2069 1503 2107 se
1532 2070 1668 2110 Plinius
1699 2067 1837 2107 Fabato
1860 2096 1871 2113 ‚
1899 2067 2003 2117 quod
2023 2067 2258 2112 seceffionem
2282 2068 2326 2106 ab
2349 2070 2498 2110 coherc-

1470 2120 1571 2159 dibus
1595 2121 1720 2160 ceteris
1743 2120 1879 2159 faceret
1907 2147 1917 2164 ,
1945 2120 2008 2169 qui
2028 2118 2260 2157 contractum
2286 2120 2495 2169 Hermetis,

1469 2173 1573 2218 quod
1609 2172 1671 2211 fibi
1701 2171 1926 2221 praejudicio
1959 2169 2070 2216 effet,
2106 2171 2423 2218 improbabant&
2441 2183 2494 2211 ro-

1469 2221 1608 2271 sciffum
1640 2223 1825 2262 volebant.
1879 2221 1998 2271 Quod
2029 2223 2090 2260 hic
2119 2221 2266 2268 officium
2292 2251 2302 2269 ‚
2330 2223 2418 2262 infra
2429 2222 2492 2272 jus

1468 2283 1590 2313 vocat.
1618 2282 1708 2314 Sunt
1733 2274 1820 2313 mihi
1840 2284 1884 2313 ey
1905 2287 1984 2310 cum
2006 2271 2137 2311 marito
2155 2273 2227 2322 ejus
2254 2274 2405 2312 Minutio
2423 2278 2493 2311 Fu·

1465 2326 1518 2373 sco
1533 2355 1543 2371 ,
1570 2328 1694 2375 optimo
1717 2327 1796 2364 viro
1811 2355 1822 2371 ‚
1853 2335 1976 2363 vetera
1991 2325 2091 2374 jura.
2145 2324 2194 2362 Et
2215 2325 2290 2364 fine
2312 2338 2378 2362 non
2398 2322 2491 2362 enim

1471 2378 1544 2414 illis
1563 2380 1683 2416 eadem
1706 2390 1783 2415 eum
1809 2376 1963 2415 Corellia
1978 2378 2067 2426 jura
2084 2377 2185 2426 sunt.
2214 2375 2311 2415 Alibi
2326 2373 2489 2421 vincula,

1472 2430 1562 2468 item
1587 2429 1840 2476 neceffi'tudines
1863 2428 1963 2466 dixit.
1985 2427 2014 2465 B
2028 2440 2053 2464 u
2067 2439 2090 2464 c
2105 2440 2128 2464 n
2144 2440 2167 2463 N
2184 2441 2204 2466 E
2218 2442 2256 2466 n.
2279 2424 2428 2464 Helmst.
2452 2427 2491 2465 δι

1471 2481 1585 2518 Arn7..
1610 2482 1741 2519 maiore
1762 2479 1865 2528 officio
1887 2479 2033 2518 vivente
2047 2508 2056 2524 ‚
2084 2479 2183 2517 unde
2206 2480 2299 2518 forte
2321 2476 2377 2514 alii
2400 2477 2492 2514 deri-

1470 2541 1602 2570 varunt
1624 2533 1789 2570 vincente
1813 2560 1823 2577 ‚
1860 2530 1963 2580 quod
1987 2530 2173 2580 Gryphius
2194 2529 2347 2577 margini
2367 2526 2493 2564 adscn'·

1468 2583 1547 2632 psit.
1583 2583 1903 2623 Praestantiffimus
1932 2580 2082 2621 iubente.
2120 2581 2290 2619 Lucanus
2319 2577 2399 2615 Lib.
2421 2572 2489 2627 lx.

1469 2646 1518 2674 vs.
1543 2648 1624 2684 444.

1512 2757 1578 2770 -..
1628 2744 1699 2773 -.·
1751 2758 1821 2771 —-
1871 2737 1939 2775 hac
1957 2736 2007 2775 iro
2027 2738 2199 2776 Catonem.

1515 2796 1622 2829 Dura
1644 2792 1742 2831 iubet
1764 2791 1884 2829 virtus.
1959 2787 1964 2791 ’

1471 2894 1554 2933 Lib.
1576 2892 1625 2932 II.
1647 2904 1699 2932 vs.
1719 2892 1804 2941 298.

1515 3013 1588 3024 —-
1636 3012 1708 3023 —
1759 2989 1900 3035 longum
1920 2984 2100 3032 producere
2114 2980 2232 3027 sunus

1517 3044 1586 3079 Ad
1605 3039 1758 3080 tumulos
1779 3038 1878 3076 iubet
1892 3035 1960 3086 ipse
1983 3032 2098 3073 dolor.

1516 3141 1539 3178 6
1566 3139 1835 3192 sacrosanfflaff
1873 3136 2099 3191 Venerabilis
2122 3165 2133 3183 ,
2159 3144 2338 3188 tanquam
2360 3146 2414 3175 res
2429 3134 2485 3225 ¹dii

2399 3196 2462 3224 vin
