2616 3686
568 177 915 232 [ABER
980 178 1731 236 111.EPISTOLA
1798 190 1866 239 v.
2170 216 2261 261 199

164 268 430 343 aiiquanto
462 259 742 332 pauciores
778 265 969 310 erant.
1020 253 1222 307 Nonne
1260 242 1479 307 videtur
1520 255 1617 308 tibi
1652 261 1962 317 recordanti
2003 281 2262 336 quantum
2312 282 2367 331 18

162 339 409 423 legerit,
445 344 705 403 quantum
740 325 1000 400 scripserit
1023 363 1041 389 ‚
1079 341 1180 378 nec
1219 325 1274 378 in
1313 322 1513 408 officiis
1551 327 1700 407 uili3‚
1740 328 1754 348 ¹
1795 347 1897 385 nec
1937 336 1998 388 in
2035 342 2266 398 amicitia

160 409 407 484 principis
431 403 617 459 fuisse?
654 402 827 458 rursus
851 414 1019 471 quum
1049 397 1228 461 audis,
1265 397 1283 414 ²
1303 397 1435 470 quid
1461 397 1643 453 stud1is
1684 400 1882 457 laboris
1913 404 2264 478 impenderit,

157 484 308 542 ,⁸5nec
347 475 595 548 scripfiffe
631 475 747 531 satis
783 490 884 528 nec
932 470 1130 543 legisse.
1205 469 1358 542 Quid
1404 470 1479 526 est
1505 473 1684 536 enirn,
1723 473 1875 545 quod
1901 493 2124 536 nonant
2150 485 2265 540 iliae

159 554 537 625 occupationes
566 547 827 620 impedire
851 584 867 608 ,
907 559 995 599 aut
1023 544 1152 598 haec
1179 542 1420 599 instantia
1444 561 1554 599 non
1581 543 1741 617 poffit
1769 545 1991 603 efficere
2020 551 2038 603 ?
2079 554 2264 625 ltaque

156 627 303 682 soleo
327 624 504 679 ridere
528 623 548 648 ⁴
567 627 694 674 'cum
721 636 822 686 me⁴
839 616 1060 689 quidam
1087 616 1379 673 studiosum
1401 633 1628 672 vocant:
1668 621 1762 691 qui
1787 619 1824 674 fi
1852 638 2136 691 comparer
2161 629 2233 684 illi
2250 668 2266 694 ,

157 699 272 753 sum
295 692 733 752 defidiofissimuS.
786 690 799 716 ⁵
826 688 950 761 Ego
978 705 1156 745 autern
1183 703 1422 760 tanturn,
1461 708 1624 763 quem
1648 694 1839 762 partim
1864 694 2114 765 publica,
2147 717 2269 771 par-

160 772 258 824 tim
292 768 583 822 amicorum
622 762 804 819 officia
842 761 1164 834 distringunt
1191 763 1210 815 ?
1265 756 1405 834 Quis
1430 780 1500 819 ex
1524 762 1630 818 istis
1655 802 1672 827 ‚
1705 767 1799 836 qui
1823 778 1939 822 tota
1966 769 2074 823 vita
2099 771 2267 828 literis

160 839 424 901 adsident,
462 837 680 891 collatus
701 836 804 898 illi»,
842 850 954 889 non
979 835 1122 905 quafi
1147 834 1337 890 somno
1361 834 1667 891 &inertiae
1705 838 2264 900 dedituserubescat?

158 910 396 970 Extendi·
417 908 719 981 epistolam,
755 903 775 927 ⁶
798 909 1038 980 quamvis
1064 907 1169 962 hoc
1196 907 1363 961 solum
1393 909 1545 979 quod
1569 911 1877 983 requirebas
1903 913 2139 971 scribere
2167 916 2263 973 de·

156 981 438 1044 stinaffem‚
474 996 613 1051 quos
635 980 796 1036 libros
822 980 1128 1052 reliquisset.
1207 979 1452 1036 Confido
1475 994 1657 1037 tamen
1683 1024 1698 1047 ,
1753 984 1884 1040 haec
1913 1004 2135 1059 quoque
2167 992 2265 1048 tibi

153 1069 263 1112 non
302 1055 473 1109 minus
517 1066 663 1124 grata
689 1085 730 1117 ‚>
764 1069 923 1125 quam
961 1052 1100 1124 ipsos
1126 1051 1291 1109 libros
1318 1052 1496 1109 futura
1524 1094 1540 1117 ‚
1578 1071 1715 1126 quae
1744 1069 1798 1110 te
1822 1075 1935 1112 non
1962 1073 2168 1116 tantum
2196 1065 2265 1121 ad

152 1125 405 1202 legendos
444 1143 537 1180 eos
562 1165 576 1189 ,
634 1142 821 1181 verum
855 1126 1016 1180 etiam
1052 1125 1120 1180 ad
1161 1125 1326 1182 fim‘rle
1373 1128 1576 1201 aliquid
1611 1129 1996 1187 elaborandum
2046 1134 2261 1204 possunt

152 1198 512 1254 aemulationis
532 1197 769 1272 stimulis
792 1199 1049 1252 excitare.
1089 1196 1247 1254 Vale.
2154 1276 2210 1336 V

147 1370 256 1426 Epist
287 1373 393 1411 XIV.
424 1383 459 1409 n.
492 1383 527 1420 9.
561 1371 757 1421 Perperam
781 1368 983 1409 Lindenbr.
1006 1370 1162 1411 Helmst.
1235 1373 1392 1413 amicitia
1413 1376 1582 1426 principis
1604 1375 1804 1415 districtum
1823 1375 1932 1417 fuiffe
1950 1378 2055 1428 (illae
2079 1380 2180 1418 enim
2204 1393 2269 1421 oc-

150 1427 278 1464 oxon.
294 1442 296 1445 ·
310 1425 422 1462 Arnz.
445 1433 532 1460 curn
552 1421 730 1470 impreffis
750 1422 908 1476 multisr
927 1423 1051 1458 Lartio
1075 1423 1163 1460 Lici-
1237 1425 1450 1471 cupationes
1469 1428 1596 1464 omnia
1617 1427 1715 1475 apud
1735 1428 1847 1465 alium
1869 1430 2164 1479 impedivissent,
2193 1435 2268 1483 ne)

148 1478 204 1514 nio
227 1491 236 1520 ;
276 1472 443 1522 Bongars.
469 1471 589 1508 Larcio
610 1486 620 1514 ;
658 1471 764 1509 Voff.
788 1477 928 1508 Laertto
951 1497 962 1514 ‚
998 1471 1035 1510 id
1062 1473 1165 1522 quod
1235 1472 1384 1512 licuiffet
1406 1487 1469 1524 per
1491 1487 1533 1513 ea
1557 1485 1703 1514 tantum
1725 1478 1847 1524 legere
1869 1507 1881 1524 ,
1918 1487 2065 1518 tantum
2101 1483 2266 1524 scribere.

149 1526 336 1576 thpffius
358 1521 534 1570 expreffit,
850 1568 856 1574 ο
1236 1524 1370 1562 Rursus
1394 1524 1419 1561 fi
1440 1524 1644 1565 confideres
1667 1536 1848 1575 quantum
1882 1529 2015 1569 laboris
2048 1531 2168 1570 studiis
2199 1535 2270 1572 irn-

200 1589 215 1614 1
250 1581 319 1611 Nec
341 1573 380 1609 in
400 1570 560 1608 amicitia
583 1570 788 1617 principum
799 1568 937 1617 staffen]
967 1570 1021 1607 Ita
1044 1572 1168 1619 vulga·
1237 1573 1422 1620 penderit,
1451 1586 1527 1613 nec
1549 1575 1714 1626 scripfisse
1736 1577 1814 1615 satis
1837 1590 1909 1617 nec
1930 1580 2052 1629 legisse
2076 1582 2271 1625 videbitur.

148 1637 205 1664 ree
226 1623 320 1662 Edd.
344 1633 474 1659 omnes
500 1649 510 1665 ‚
548 1630 618 1655 nec
639 1620 785 1673 moveri
805 1621 985 1674 patientur
1016 1630 1166 1670 propter
1240 1628 1352 1670 (nam
1377 1625 1438 1662 ista
1460 1625 1519 1663 sua
1534 1626 1698 1665 instantia
1722 1628 2012 1668 &intentissimo
2025 1631 2142 1671 studio
2155 1633 2270 1684 longe

149 1688 188 1716 n.
210 1688 243 1724 7,
267 1673 536 1723 impeditumque
558 1680 629 1715 qua
648 1667 772 1706 officiis
795 1681 965 1706 maximis
982 1698 993 1714 ‚
1039 1683 1107 1721 qua
1129 1683 1166 1708 a·
1236 1674 1335 1722 plura
1347 1675 1596 1725 legere,longe
1609 1679 1710 1727 plura
1723 1678 1849 1727 scripta
1861 1682 2066 1731 relinquere
2079 1684 2267 1736 potuiffet)

149 1728 287 1766 micitia
308 1723 524 1772 principum.
552 1719 600 1756 Et
620 1727 746 1757 tamen
770 1718 835 1756 Ed.
858 1719 944 1757 Vct.
968 1721 1056 1758 item
1082 1722 1166 1760 Me·
1234 1723 1336 1762 Nihil
1357 1725 1529 1772 profecto
1552 1728 1590 1765 in
1616 1729 1669 1765 his
1697 1728 1893 1768 obscurum
1916 1760 1927 1776 ,
1970 1740 2033 1769 aut
2053 1733 2243 1774 absonum.

151 1778 296 1820 diceus,
326 1772 485 1811 Riccard.
509 1769 854 1826 Lincienaniton.
875 1769 1044 1826 Bongars.
1069 1780 1166 1810 cete-
1292 1786 1311 1824 3
1343 1779 1415 1811 Nec
1431 1775 1595 1826 scrivfiffe
1608 1778 1739 1829 satis.]
1783 1779 1970 1830 Respectu
1988 1782 2094 1822 studii
2111 1786 2273 1827 intentis-

152 1830 255 1879 1ique
280 1827 385 1863 MSS.
409 1835 561 1861 omnes:
589 1833 624 1856 m
646 1830 803 1858 amicitia
828 1830 1000 1870 principa.
1054 1822 1165 1862 Intel-
1239 1823 1331 1864 fimi.
1361 1826 1518 1865 CATAN.

148 1881 226 1927 ugit
248 1878 408 1915 maxime
434 1874 477 1911 de
499 1870 744 1928 Vespasiano,
771 1871 815 1928 de
837 1883 913 1920 quo
934 1883 967 1908 n.
990 1886 1026 1920 9.
1065 1879 1166 1914 Ante
1280 1890 1304 1924 4
1333 1881 1430 1933 Cum
1450 1892 1502 1915 me
1523 1880 1673 1929 quidam
1688 1880 1816 1933 stud.]
1846 1884 2039 1924 Mediceus
2065 1900 2073 1923 :
2111 1901 2166 1926 me
2190 1892 2272 1938 qui-

154 1930 261 1965 lucem
282 1927 357 1963 ibat
380 1926 429 1961 ad
451 1924 708 1971 Vespananum
723 1952 729 1960 .
744 1952 773 1960 ..
793 1924 874 1962 mde
894 1924 943 1980 qd
967 1923 1162 1974 delegatum
1231 1926 1318 1965 dem
1335 1927 1529 1979 studtosum
1547 1959 1557 1977 ,
1583 1933 1622 1970 ὃς
1645 1931 1749 1982 supra
1771 1935 1988 1985 occupatione
2002 1964 2013 1981 ,
2041 1949 2108 1986 pro
2129 1949 2271 1990 occupa-

147 1977 215 2028 fibi
240 1977 413 2014 officium.
440 1974 564 2011 Verba
585 1973 711 2012 eadem
734 1973 841 2012 habet
863 1974 944 2012 Lib.
968 1973 1034 2013 IV.
1056 1975 1164 2024 Epist.
1231 1979 1351 2016 tiones.
1381 1980 1545 2018 Riccard.
1568 1981 1669 2032 quast
1691 1995 1867 2035 comparer
1890 1987 1943 2024 illi
1957 2014 1968 2030 ,
1997 1998 2065 2036 pro
2088 1990 2147 2037 qui
2160 1989 2206 2039 fi.

153 2028 341 2065 xxlv.n.
364 2036 396 2074 3.
419 2024 525 2061 illum
545 2023 703 2061 civilibus
722 2021 836 2071 officiis
857 2025 1026 2076 principis
1038 2028 1164 2066 amici·
1288 2043 1304 2078 ς
1337 2034 1409 2078 Ego
1431 2033 1597 2082 autem]
1629 2035 1718 2071 Sum
1741 2035 2032 2075 desidiosiffimus
2053 2039 2091 2076 in
2115 2051 2266 2091 compa-

153 2080 203 2116 tia
225 2077 362 2115 exemit.
1229 2081 1514 2121 rationemihius
1529 2112 1540 2128 ,
1567 2084 1626 2122 sed
1649 2085 1804 2124 alioruin
1828 2099 1932 2133 non,
1960 2099 2045 2126 cuin
2071 2088 2137 2127 sun
2157 2102 2269 2130 occu-

198 2141 221 2166 2
250 2128 349 2176 Qid
368 2126 485 2164 studiis
506 2124 632 2162 laboris
651 2125 701 2162 im
723 2125 897 2182 end-erin]
942 2127 1060 2178 Atqui
1088 2130 1161 2167 iam
1230 2136 1335 2178 patus
1358 2133 1511 2181 publicis
1534 2136 1572 2172 δε
1594 2136 1742 2184 privatis
1765 2136 1906 2177 officiis.
1947 2139 1980 2176 C
1994 2152 2017 2176 A
2032 2152 2055 2178 T
2071 2154 2092 2177 A
2108 2152 2145 2179 N.
2199 2148 2268 2192 Ego

148 2186 256 2223 ante,
283 2177 475 2215 recordanti
495 2186 669 2224 quantum
704 2187 808 2226 eger-tt
830 2207 840 2223 ,
876 2190 1054 2227 quantum
1071 2180 1163 2229 scri-
1228 2191 1350 2219 autem
1374 2183 1552 2222 tantum?
1582 2186 1682 2236 tyn]
1714 2188 2018 2237 Interrogationis
2038 2201 2127 2229 nota
2148 2192 2223 2230 sola
2247 2206 2266 2232 a

142 2230 246 2279 pserit
262 2257 272 2272 ‚
299 2227 400 2278 quod
421 2226 468 2265 est
487 2225 584 2264 idem
605 2237 671 2272 ae,
698 2225 780 2276 quid
796 2226 920 2275 studiis
946 2229 1074 2268 laboris
1096 2231 1165 2267 im·
1230 2242 1292 2268 me
1325 2231 1388 2270 est.
1438 2234 1563 2272 Verba
1597 2238 1636 2274 &
1667 2238 1793 2277 literae
1824 2240 1976 2277 Palatini
1998 2242 2037 2277 δε
2059 2241 2267 2282 editionum

145 2281 318 2330 penderit.
371 2278 538 2316 Debebat
568 2286 693 2315 autem
728 2279 940 2325 oppositum
975 2281 1051 2318 hoc
1076 2281 1165 2318 loco
1230 2289 1414 2320 veterum.
1441 2283 1667 2325 Invexerant
1691 2292 1792 2327 enim
1816 2291 2030 2327 Novatores
2056 2291 2109 2329 isti
2134 2305 2144 2328 ι
2193 2300 2265 2342 rigo

150 2330 242 2375 dici,
271 2331 354 2380 quia
376 2327 556 2377 praecedit
575 2327 694 2377 rursus
707 2341 784 2366 cum
795 2331 898 2367 audis
912 2357 924 2375 ,
958 2329 994 2368 id
1007 2341 1166 2380 nempe,
1192 2333 1196 2389 ᾗ
1229 2342 1350 2370 autem
1373 2345 1522 2372 tantum
1548 2349 1728 2386 quantum
1748 2339 1882 2387 partim
1906 2338 2043 2389 publica
2066 2368 2078 2386 ,
2126 2345 2266 2390 partim

149 2384 253 2431 quod
290 2381 399 2429 priori
437 2379 486 2416 est
522 2377 725 2416 adversum.
778 2378 906 2429 Itaque
940 2380 1197 2434 legendtun,5
1231 2383 1430 2420 amicorum
1462 2384 1571 2431 officia
1605 2400 1674 2425 non
1707 2388 1923 2439 distringunt
1946 2417 1958 2435 ,
1993 2401 2142 2429 tantum
2165 2407 2264 2434 vaco.

175 2433 237 2469 uid
259 2436 297 2471 iis
319 2430 447 2467 laboris
470 2428 697 2478 impenderit,
723 2428 885 2479 illudque
907 2430 948 2468 iis
971 2430 1016 2468 dc
1040 2430 1167 2469 officiis
1194 2445 1197 2474 i
1232 2432 1320 2477 Qis
1337 2461 1346 2476 ‚
1376 2443 1447 2471 σε.
1487 2436 1620 2472 Lectio
1643 2438 1717 2473 sine
1739 2440 1815 2473 ullo
1836 2440 1939 2475 sensu
1962 2453 1974 2482 ;
2006 2447 2102 2478 certe
2127 2441 2265 2484 diversa

150 2445 190 2520 g<
210 2482 365 2520 amicitia
388 2481 590 2529 principum
609 2478 873 2528 accipiendum.
926 2481 1004 2527 Qui
1027 2483 1170 2518 nonin·
1194 2475 1199 2553 b
1235 2491 1254 2516 a
1279 2490 1407 2520 mente
1420 2483 1578 2522 auctoris
1593 2513 1603 2528 ,
1631 2488 1811 2534 quaejam
1825 2488 1998 2527 omnibus
2011 2499 2119 2538 patet.
2150 2494 2265 2533 Gau-

148 2533 285 2570 tellexit
300 2560 311 2576 ‚
334 2530 420 2568 illud
442 2530 482 2567 iis
497 2530 688 2578 explicavit
701 2529 745 2567 de
757 2529 902 2575 studiis,
926 2531 1012 2568 hinc
1025 2530 1169 2577 Gioss‘a‚
1238 2543 1328 2568 TER.
1375 2531 1474 2570 Inter
1508 2535 1588 2573 illos
1621 2546 1819 2575 novatores
1842 2537 1890 2576 est
1914 2541 2026 2578 etiam
2050 2542 2264 2592 Gryphius,

151 2583 190 2620 ὃς
209 2594 272 2632 per
295 2579 459 2618 Gloriam
481 2588 599 2618 textus
624 2580 848 2630 depravatio.
878 2582 899 2619 S
913 2593 935 2617 c
951 2593 973 2617 Η
988 2593 1009 2617 E
1025 2593 1041 2617 1:
1059 2593 1076 2617 r
1093 2594 1114 2619 ε
1131 2595 1167 2619 n.
1235 2582 1292 2618 cui
1309 2582 1403 2619 forte
1419 2584 1500 2622 MS.
1513 2584 1617 2622 Voss.
1630 2589 1782 2636 praeivit
1796 2617 1807 2633 ,
1828 2590 1865 2627 in
1878 2601 1956 2639 quo
1976 2590 2036 2630 ista
2047 2593 2265 2643 interpolata

152 2632 284 2677 Nescjo
304 2659 316 2676 ‚
352 2631 415 2680 qui
438 2629 498 2668 fiat
522 2660 533 2676 ,
559 2640 599 2668 ut
623 2631 839 2680 plerumque
862 2631 956 2668 adeo
977 2629 1170 2671 infelicite'r
1199 2662 1202 2679 ,
1237 2632 1348 2670 lectio
1370 2633 1532 2685 habetur.
1586 2638 1731 2687 Reliqui
1754 2639 1865 2678 nostri
1889 2641 1997 2681 MSS.
2022 2654 2106 2680 cum
2134 2645 2265 2686 Palati-

153 2680 338 2731 ingenium
362 2684 466 2720 suum
490 2683 695 2730 experiatur
717 2682 836 2721 bonus
850 2681 1063 2721 Schefferus.
1092 2683 1170 2720 Ha·
1197 2690 1200 2728 ι
1236 2694 1286 2719 no
1321 2684 1359 2721 ὃς
1392 2683 1484 2722 Edd.
1515 2696 1603 2725 vett.
1638 2689 1822 2728 incedunt.
1879 2692 2023 2731 Notam
2055 2702 2183 2733 tamen
2210 2698 2265 2735 in-

155 2728 214 2770 het
231 2741 355 2771 tamen
372 2733 432 2770 hic
453 2731 568 2770 socios
593 2732 827 2771 dubitationis
842 2761 853 2778 ,
873 2733 937 2782 qui
960 2732 1171 2772 ediderunt:
1197 2729 1200 2762 Ι
1236 2736 1489 2782 tetrogationis
1515 2766 1526 2783 ‚
1565 2749 1677 2788 quani
1709 2741 1885 2779 Gruterus
1909 2746 1995 2782 voci
2015 2754 2162 2783 tantum
2184 2747 2263 2785 sub-

159 2781 241 2828 quia
260 2783 465 2822 officiorum
488 2782 607 2821 studiis
629 2782 981 2834 laborisimpendcrit.
1010 2784 1172 2823 Barthius
1197 2763 1201 2824 i
1236 2786 1341 2829 iecit,
1371 2787 1502 2826 rectius
1534 2788 1612 2839 post
1643 2791 1796 2830 verbum
1830 2791 2045 2844 distringunt
2067 2797 2158 2844 poni
2185 2799 2263 2837 exi-

162 2831 267 2870 etiam
286 2834 496 2873 conficiebat
517 2831 630 2884 uftbus
645 2862 656 2878 ‚
678 2844 745 2882 pto
757 2832 884 2881 studiis
901 2864 910 2878 ,
931 2834 1174 2874 scribendum.
1236 2835 1385 2875 stim-avi.
1414 2838 1578 2879 Barthius
1601 2841 1806 2881 divinabat:
1827 2844 1934 2892 Lego
1956 2856 2076 2883 autem
2089 2857 2236 2885 tantum
2250 2877 2262 2894 ‚

167 2875 314 2922 Codices
332 2883 438 2922 nostri
461 2884 686 2922 constanter:
714 2885 930 2934 quidltudiis
952 2884 1080 2923 laboris
1091 2886 1171 2937 imp.
1247 2901 1266 2923 i.
1351 2897 1382 2931 p.
1405 2898 1439 2939 p.
1465 2903 1500 2928 a.
1528 2905 1557 2929 0.
1584 2904 1654 2929 non
1681 2892 1903 2944 distringunt.
1931 2907 2009 2945 quo
2047 2897 2134 2936 nihil
2169 2910 2262 2949 opus

169 2925 214 2979 ξί-
231 2931 288 2968 vei
312 2933 495 2984 sequentia
516 2949 525 2973 :
561 2935 663 2984 Qid
692 2935 735 2981 est
754 2936 847 2974 enim
863 2966 873 2982 ,
901 2937 993 2987 quod
1013 2949 1083 2973 non
1104 2949 1171 2975 aut
1234 2947 1424 2978 mutemus,

168 2972 246 3014 ullae
262 2985 478 3032 occupationes
500 2993 567 3024 cet.
601 2984 702 3024 istam
735 2985 938 3026 leftionem
971 2987 1171 3036 planissime
1194 2994 1199 3029 l
1283 2989 1305 3025 6
1332 2991 1516 3038 Quamvis
1536 2992 1597 3031 hoc
1609 2994 1769 3045 fhlum]
1789 2997 1954 3035 Riccard.
1978 2997 2080 3035 Voss.
2105 2999 2262 3038 Helmst.

168 3024 338 3082 adserunt.
358 3033 482 3090 Sensus
502 3035 550 3073 est
569 3046 734 3085 apertus:
763 3035 941 3089 sireputes
955 3066 966 3083 ,
988 3047 1170 3088 quantum
1194 3032 1198 3087 ξ
1235 3040 1364 3077 Oxon.
1378 3042 1488 3079 Arnz.
1513 3044 1551 3081 ὃς
1572 3045 1716 3094 aliquot
1739 3047 1919 3096 impressi:
1945 3060 2030 3088 cum
2052 3047 2116 3087 hoc
2129 3050 2261 3101 fialam.

167 3072 293 3124 legent
319 3079 358 3118 ὃς
381 3081 543 3132 scripserit
562 3114 575 3134 ‚
610 3097 691 3127 non
718 3088 844 3131 credas
865 3101 954 3130 eum
974 3088 1102 3130 officiis
1131 3091 1169 3129 δε
1233 3090 1304 3130 Sed
1327 3090 1521 3134 Mediceus
1546 3096 1716 3145 quamvis
1737 3104 1851 3138 tenet.

2134 3162 2150 3189 1
2182 3154 2254 3198 SE‘,

2312 923 2372 960 20
