2616 3686
554 172 900 226 LIBER
968 171 2015 234 v111.E1>15ToLAxX111.
2232 200 2328 251 σῳ

196 262 438 322 'maxime
460 255 810 326 praecipimus
827 289 843 315 ‚
879 263 1160 322 repugnet.
1201 253 1455 325 Quisquis
1476 256 1599 319 ille,
1628 263 1642 286 ¹
1663 260 2080 334 qualiscunque,
2103 266 2324 325 sileatur:

197 341 228 373 Ὁ
251 351 410 410 quem
432 327 682 400 insignire
708 366 724 391 ,
765 326 999 398 exempli
1023 341 1135 380 non
1168 328 1298 384 nihil
1326 365 1342 393 ,
1387 345 1498 384 non
1521 329 1770 402 insignire
1792 373 1808 398 ,
1849 334 2186 395 humanitatis
2210 345 2327 413 plu-

196 413 400 466 rimum
428 402 611 459 refert.
654 400 798 460 Vale.

271 549 473 613 XXIII.
548 550 616 609 C.
691 551 1117 608 Pennus
1195 549 1907 613 MARCELLINO
1983 558 2160 615 Suo
2236 563 2288 618 S.

194 709 424 780 [Junium
447 703 674 756 Avitum
695 697 970 781 aedilitatis
993 698 1349 765 candidatum,
1356 704 1477 776 jam
1502 702 1787 760 Trzbmmta
1809 705 2029 761 militum
2059 707 2123 769 (ἔγ
2147 713 2319 782 Qcae.

258 782 411 855 stura
424 776 669 853 func'ium
686 817 699 838 ,
740 772 970 845 deceffisse
991 812 1008 838 ‚
1048 780 1368 859 impatienter
1392 777 1520 832 dolet
1542 801 1559 832 .·
1596 784 1761 854 impar·
1781 784 1943 857 igztar
1971 795 2114 839 tanto
2135 787 2320 857 dolori,

277 851 570 910 Marcellino
591 867 697 903 rem
722 861 883 903 totam
907 863 1122 922 expomt.

358 1000 510 1056 Mnia
549 997 677 1054 mihi
709 996 878 1052 studia
905 1040 918 1059 ,
973 997 1163 1055 omnes
1194 1017 1346 1055 curas
1369 1040 1385 1066 ,
1437 1005 1619 1060 omnia
1659 1010 1674 1039 ³
1709 1021 2060 1064 avocamenta
2082 1013 2315 1078 exemit,

361 1073 624 1138 excuffit,
664 1074 856 1143 eripuit
884 1072 1044 1129 dolor
1071 1118 1088 1143 ,
1137 1091 1302 1147 quem
1328 1095 1394 1131 ex
1419 1092 1597 1135 morte
1612 1079 1759 1150 Junii
1785 1084 1932 1138 Aviti
1956 1084 2317 1154 gl‘aviffimum

192 1155 330 1225 cepi.
404 1157 425 1187 ⁴
458 1151 660 1207 Latum
691 1148 900 1203 clavum
924 1149 979 1203 in
1002 1149 1171 1205 domo
1194 1168 1313 1205 mea
1338 1153 1587 1208 induerat
1613 1172 1625 1208 ε
1674 1153 1924 1229 suffragio
1955 1176 2078 1213 meo
2104 1160 2360 1231 adjutusz

196 1229 250 1282 in
276 1225 521 1300 petendis
547 1221 842 1280 honoribus
864 1222 1072 1279 fuerat:
1113 1224 1180 1279 ad
1211 1225 1317 1281 hoc
1343 1227 1416 1282 ita
1444 1235 1567 1284 ’me
1586 1227 1869 1302 diligebat,
1909 1233 1981 1287 ita
2000 1234 2318 1302 verebatur,

1340 1323 1345 1326 ·
1808 1334 1811 1335 ’
2256 1327 2317 1367 ut

191 1411 382 1462 particulae
403 1412 482 1450 usus
500 1411 642 1461 elegans
661 1409 732 1457 est,
760 1408 806 1451 de
826 1422 902 1462 quo
913 1410 1092 1452 Heins.ad
1103 1414 1217 1454 Ovid.
1243 1426 1252 1495 Ἄ
1285 1414 1459 1456 saubonus
1472 1430 1480 1457 ι
1493 1417 1552 1459 sed
1571 1431 1640 1459 nec
1654 1420 1701 1460 ad
1719 1420 1861 1470 gustum
1876 1434 2000 1461 meum
2021 1424 2210 1472 explicatio
2222 1424 2317 1462 Gru-

195 1464 286 1502 Her.
313 1463 418 1512 Epist.
436 1464 581 1501 XVlll.
607 1473 660 1500 vs,
678 1474 739 1510 59.
1285 1468 1351 1504 teri
1413 1471 1515 1515 Quin
1536 1470 1562 1508 fi
1584 1473 1670 1520 quid
1693 1472 1801 1510 video
1826 1501 1836 1517 ‚
1864 1474 1920 1512 hic
1943 1474 2057 1512 sensus
2078 1476 2126 1512 est
2149 1488 2157 1512 :
2189 1476 2315 1515 Refert

245 1547 347 1579 Luna
367 1539 442 1577 fere
464 1536 650 1575 tremulum
669 1534 851 1579 praebebat
870 1535 986 1574 lumen
1006 1537 1125 1582 cumi,
1286 1519 1444 1567 exempli
1460 1519 2200 1580 infigniri‚ma-§.nsmu'gsoesffitraduci
2215 1537 2317 1587 eum:

296 1596 340 1628 υτ
363 1602 468 1626 ‘0⁸⁷⁷’
488 1589 524 1626 ³²²
543 1587 674 1636 wast
693 1586 832 1636 0ffi⁶³0s2
850 1587 939 1624 a...
1286 1572 2093 1670 isttnzutff⁰ssffi²l3²02ffsantistites&
2106 1578 2314 1667 232123‘3}

195 1667 318 1707 Habet
337 1678 459 1709 autem
480 1680 558 1708 non
575 1677 649 1708 tarn
672 1666 873 1713 dubitandi,
898 1677 1008 1718 quarn
1027 1667 1221 1708 adfirman-
1284 1676 1353 1707 tur.
1405 1671 1458 1708 At
1478 1671 1537 1710 ubi
1556 1673 1703 1720 persona
1732 1685 1810 1711 non
1831 1675 1880 1713 est
1902 1703 1913 1719 ,
1948 1687 2041 1725 quae
2070 1687 2313 1718 commovere

193 1719 231 1758 di
251 1721 323 1758 vim
346 1750 356 1764 ,
395 1721 497 1771 quod
523 1720 678 1769 pluribus
696 1719 822 1758 adstrui
838 1726 988 1767 poterat.
1023 1720 1115 1759 Illud
1145 1733 1222 1757 cum
1284 1729 1510 1768 quemquam
1541 1722 1646 1770 poffit
1668 1750 1679 1767 ‚
1718 1724 1757 1760 ὃς
1780 1724 1920 1762 factum
1952 1737 2022 1763 nec
2046 1737 2220 1775 magnum
2242 1742 2313 1769 nec

193 1772 346 1808 maxime
361 1783 473 1821 quam
506 1771 677 1809 familiare
706 1768 748 1807 fit
774 1769 889 1808 Plinio
908 1794 919 1815 ,
956 1770 1150 1817 cognosces
1172 1783 1219 1809 ex
1283 1769 1463 1817 publicum
1474 1772 1584 1814 mihil
1600 1773 1646 1810 ad
1666 1775 1878 1822 exemplum
1902 1777 2057 1825 pertinet
2078 1777 2185 1828 hujus
2207 1790 2308 1825 nota;

194 1820 382 1859 obiervatis
399 1821 445 1860 ad
474 1821 555 1859 Lib.
572 1822 641 1859 VI.
677 1820 784 1869 Epist.
802 1820 938 1858 XXXI.
971 1831 1009 1859 n.
1031 1831 1088 1870 15.
1123 1820 1221 1867 cuius
1281 1821 1435 1867 pertinet
1462 1829 1588 1860 autem
1618 1823 1665 1862 ad
1697 1824 1960 1864 humanitatem
2005 1830 2244 1869 transmittere
2271 1834 2310 1870 ὃς

194 1868 231 1905 in
251 1870 324 1915 [inu
338 1872 383 1918 fit
402 1884 488 1910 cum
511 1873 672 1911 maxime
687 1880 822 1921 portus.
858 1870 926 1909 Co
940 1882 964 1908 a
979 1882 1005 1908 τ
1020 1882 1056 1908 13.
1280 1872 1488 1912 connivere.
1514 1873 1549 1910 G
1563 1887 1587 1911 a
1602 1886 1625 1910 o
1641 1887 1664 1912 N
1677 1885 1702 1911 o
1717 1887 1750 1912 v.
1779 1877 1969 1915 Verissime
1992 1878 2219 1918 Casaubonus
2232 1909 2242 1925 ,
2270 1883 2309 1920 ὃς

251 1932 280 1958 1.
307 1922 610 1974 Qaliscunque.]
638 1922 803 1972 Cujusvis
821 1920 1036 1959 conditionis
1057 1921 1096 1959 &
1116 1929 1220 1960 natu·
1279 1920 1404 1970 injuria
1430 1924 1678 1963 contradicunt
1706 1926 1879 1965 Gruterus
1909 1929 1946 1965 ὃς
1974 1928 2193 1967 Gronovius,
2244 1933 2308 1971 Ne

193 1979 265 2009 rae.
318 1973 578 2024 Qualiscunque
605 1971 786 2011 interdum
818 1982 885 2021 pro
920 1973 1018 2010 malo
1048 1973 1216 2020 ponitur,
1279 1983 1389 2019 porro
1409 1972 1470 2011 fiat
1493 2002 1503 2019 ,
1529 1975 1659 2020 testor,
1686 1976 1722 2014 in
1744 1978 1961 2015 membranis
1985 1978 2157 2018 Mediceis
2177 1982 2306 2030 perspi-

193 2020 344 2060 Tacitus
370 2023 450 2061 Lib.
469 2023 554 2060 XV‘.
585 2023 757 2062 invidiam
789 2021 1028 2070 praetendens
1054 2023 1130 2061 Piso
1150 2051 1160 2066 ‚
1189 2024 1215 2063 fi
1277 2032 1346 2060 cue
1363 2024 1452 2072 legi:
1479 2026 1622 2076 exempli
1641 2038 1718 2064 non
1738 2026 1847 2072 nihil,
1875 2029 1999 2067 scilicet
2011 2030 2119 2068 refert
2154 2033 2305 2073 l‚ib.IX.'

188 2070 280 2109 sacra
299 2072 442 2111 mensae
462 2072 582 2123 diique
607 2073 794 2122 hospitales
820 2073 931 2111 caede
954 2073 1210 2124 qualiscunque.
1277 2072 1385 2122 Epist.
1412 2075 1508 2113 XIII.
1545 2089 1582 2114 n.
1614 2091 1670 2123 ις.
1707 2078 1851 2116 Interest
1884 2090 2003 2117 tamen
2040 2083 2196 2131 exempli
2218 2111 2227 2127 ‚
2261 2094 2302 2122 ut

190 2122 355 2172 principis
390 2132 664 2162 cruentarentur.
723 2123 910 2162 Interdum
942 2134 1010 2172 pro
1045 2125 1216 2164 minimo.
1276 2137 1361 2162 vera
1383 2126 1582 2164 videantur.
1619 2126 1778 2167 Barthius
1802 2129 2022 2179 adscripserat
2043 2131 2229 2171 Budaeum
2257 2134 2302 2172 ad

187 2171 296 2210 Idem
336 2173 484 2212 Tacitus
504 2173 608 2213 XIV.
647 2180 684 2211 Se
725 2180 815 2212 Nero
847 2174 885 2211 in
910 2187 1022 2212 omnes
1057 2174 1214 2214 libidines
1274 2173 1442 2214 Pandeet.
1468 2188 1549 2226 pag.
1579 2190 1658 2224 ³4¹·

191 2221 310 2270 effudit
330 2252 341 2269 ,
379 2237 464 2274 quas
501 2224 592 2261 male
624 2223 780 2262 coercitas
809 2224 1067 2275 qualiscunque
1094 2228 1220 2266 matris
1328 2237 1363 2275 3.
1389 2229 1676 2279 Avocamenta.]
1707 2230 1856 2273 Solatia,
1881 2231 1983 2269 lusus.
2012 2233 2147 2271 CATA
2163 2247 2199 2271 N.

196 2276 390 2312 reverentia
418 2275 678 2313 retardaverat.
702 2274 735 2311 C
750 2287 770 2311 Α
786 2286 810 2311 τ
825 2287 844 2310 Α
859 2286 897 2311 Ν.
1324 2288 1358 2322 4.
1387 2282 1518 2314 Latum
1540 2278 1721 2330 clavum]
1753 2281 1985 2319 Laticlaviam
2013 2283 2168 2320 tunicam
2181 2312 2191 2328 ,
2204 2282 2299 2329 five,

242 2334 279 2360 2.
311 2328 426 2364 Ouem
445 2324 604 2377 insignire
626 2352 637 2368 ‚
662 2323 805 2373 exempli
820 2323 932 2368 nihil,
958 2324 1052 2374 eya]
1084 2325 1214 2374 Lego,
1275 2325 1372 2363 Lato
1391 2329 1495 2364 clavo
1529 2337 1695 2366 ornatam
1727 2332 1885 2368 tunicam
1907 2359 1917 2375 ‚
1957 2343 2050 2380 quae
2080 2334 2298 2373 Senatorum

190 2385 292 2423 quem
304 2363 468 2426 &ignire
486 2374 628 2424 exempli
646 2374 833 2417 nonnihil,
860 2386 927 2411 non
942 2372 1121 2424 inssgnere,
1148 2377 1214 2413 hu·
1273 2377 1437 2424 propria,
1460 2377 1792 2428 intelligit2equites
1815 2382 1910 2418 enim
1935 2382 2082 2430 angusto
2103 2386 2206 2422 clavo
2217 2395 2299 2424 ute-

191 2426 377 2463 manitatt‘s
399 2426 591 2475 plurimum
616 2425 729 2472 refert.
783 2426 869 2473 Qua
895 2424 1212 2464 emendatiuncula
1273 2426 1408 2466 bantur.
1460 2426 1530 2465 Sed
1548 2428 1604 2467 lati
1626 2431 1714 2468 clavi
1734 2430 1905 2469 induendi
1920 2432 1977 2480 jus
2001 2434 2173 2472 Senatorii
2194 2437 2297 2483 juve-

190 2474 373 2514 reddimus
391 2476 528 2514 auctori
547 2476 643 2513 suam
664 2475 874 2512 sententiam
900 2501 910 2517 ,
935 2486 1091 2524 eamque
1110 2476 1213 2524 plane
1273 2487 1335 2514 nes
1355 2487 1376 2513 a
1400 2478 1601 2526 parentibus
1619 2479 1792 2519 habebant
1813 2508 1823 2524 ,
1861 2485 2022 2531 equitum
2043 2484 2140 2523 liberi
2159 2498 2175 2523 a.
2198 2487 2298 2525 Prin-

189 2534 330 2564 acutam
358 2555 369 2572 ‚
393 2537 478 2564 cum
499 2533 581 2564 ante
603 2525 662 2563 vel
683 2525 817 2562 Gallica
838 2525 922 2563 nive
942 2522 1027 2563 effet
1047 2525 1216 2573 frigidior.
1270 2527 1350 2575 cipe
1379 2528 1697 2577 consequebantur.
1751 2531 1847 2570 Vide
1875 2534 2128 2573 casaubonum
2151 2535 2194 2573 ad
2218 2539 2298 2574 Au·

191 2575 357 2615 Casan
375 2589 426 2614 no
440 2589 478 2615 N.
505 2577 625 2630 Qum
645 2574 839 2625 infignire.]
876 2574 1008 2613 Leetio
1027 2574 1128 2620 sana,
1153 2577 1211 2615 sed
1271 2577 1412 2624 gustum
1432 2577 1593 2618 Suetonii
1618 2592 1693 2630 cap.
1715 2582 1928 2621 XXXVIII.
1963 2585 2070 2624 Clavi
2099 2587 2148 2623 illi
2170 2613 2181 2630 ‚
2210 2588 2296 2626 nihil

188 2627 335 2667 acutior.
389 2626 609 2676 Exemplum
631 2633 717 2663 tunc
737 2624 879 2675 prodest
901 2653 912 2669 ,
939 2636 1023 2663 cum
1045 2636 1121 2672 pars
1137 2637 1213 2664 ma·
1272 2627 1365 2666 aliud
1380 2657 1390 2673 ,
1418 2641 1529 2679 quam
1553 2632 1676 2679 plagae
1697 2644 1741 2670 ex
1769 2645 1921 2682 purpura
1945 2663 1956 2679 ,
1993 2637 2120 2685 quibus
2144 2646 2294 2676 ornatae

190 2686 260 2724 gna
277 2678 401 2728 populi
421 2685 520 2716 extra
541 2677 667 2716 virium
690 2689 699 2713 ε
741 2687 869 2714 verum
892 2675 951 2713 ubi
970 2677 1083 2724 plures
1102 2675 1211 2715 delin-
1241 2656 1246 2708 f
1272 2680 1412 2717 tunicae
1434 2681 1648 2719 Senatorum
1678 2684 1716 2721 ὃς
1748 2687 1911 2734 equitum
1934 2699 1945 2727 ;
1983 2686 2115 2724 horum
2142 2687 2297 2735 quidem-

189 2736 324 2775 quunt;
356 2728 416 2767 ubi
434 2728 521 2767 vitia
539 2737 661 2766 mores
681 2725 780 2771 sunt;
810 2725 870 2763 ubi
892 2737 1039 2773 peccare
1054 2726 1210 2764 seculum
1240 2709 1246 2776 i
1272 2728 1475 2768 aretioribus
1492 2745 1503 2773 ;
1545 2732 1722 2770 latioribus
1748 2735 1899 2772 illorum.
1938 2736 2010 2772 Res
2042 2748 2086 2773 ex
2117 2739 2298 2777 veteribus

192 2784 370 2823 vocatum
407 2778 455 2817 ibi
477 2790 591 2817 nemo
612 2775 726 2827 potest
749 2804 759 2820 ‚
794 2786 907 2814 nemo
929 2776 1033 2815 debet
1049 2775 1203 2823 infigniri
1274 2782 1523 2820 monumentis
1548 2793 1589 2819 ac
1619 2783 1758 2831 picturis
1787 2784 1930 2833 perspici
1971 2787 2110 2833 optime
2142 2788 2257 2836 potest
2280 2817 2293 2834 ‚

194 2825 354 2866 Adeatur
374 2829 508 2868 Seneca
536 2829 619 2867 Lib.
638 2828 666 2866 1.
703 2826 749 2864 de
772 2826 973 2864 Clementia
999 2838 1075 2875 cap.
1095 2828 1213 2865 XXII.
1272 2829 1392 2876 quales
1410 2831 1523 2878 plures
1545 2832 1687 2870 exhibet
1710 2836 1829 2872 Roma
1853 2835 2007 2874 Antonii
2028 2836 2119 2876 ssofii
2143 2866 2153 2882 ,
2180 2850 2291 2888 quam

198 2875 236 2912 ὅ(
257 2876 392 2916 XXIII.
430 2880 524 2918 Item
552 2879 630 2917 Dio
666 2876 802 2916 Caffius
838 2877 918 2915 Lib.
937 2877 1023 2914 VII.
1061 2877 1120 2915 ubi
1143 2878 1211 2915 Ti—
1238 2893 1242 2920 l
1272 2879 1517 2919 subterraneae
1552 2882 1656 2920 titulo
1694 2883 1869 2924 Hetrusca
1914 2885 2032 2934 lingua
2077 2888 2294 2939 conscripsit.

196 2923 311 2964 berius
331 2927 450 2967 resistit
466 2929 611 2968 Senatui
634 2955 645 2973 ‚
681 2928 837 2966 censenti
864 2929 1062 2966 Luxuriam
1083 2928 1210 2976 Populi
1237 2921 1243 2954 ἶ
1270 2927 1332 2968 Bu
1347 2940 1406 2968 cn
1419 2943 1440 2967 Ν
1459 2944 1479 2969 ε
1494 2947 1530 2970 rt.

197 2974 357 3030 Romani
385 2980 508 3026 poenis
541 2978 795 3018 coercendam.
829 2979 936 3017 Gau
952 2991 1060 3017 ren.
1096 2979 1210 3027 {Quem
1323 2993 1356 3029 ς.
1385 2987 1445 3018 Me
1466 2982 1666 3034 diligebat.]
1706 2985 1762 3024 Sic
1782 2985 1867 3026 MS.
1888 2986 1926 3026 ὃς
1948 2988 2105 3041 plerique
2123 2988 2294 3040 impreffi.

196 3025 374 3076 thgm‘re,
397 3029 534 3080 exempli
551 3028 672 3083 nihii]
707 3029 897 3084 I’erperam
916 3031 988 3084 hoc
1008 3037 1122 3071 mutat
1141 3031 1207 3083 Ca·
1271 3030 1404 3073 Aldus:
1432 3046 1485 3075 me
1505 3034 1695 3126 dilexerat}
1710 3084 1717 3091 ·
1731 3084 1759 3092 ..

1708 3097 1760 3124 ιιι
1786 3097 1806 3124 2
2167 3103 2198 3129 1.
2226 3096 2294 3128 Ra·
