2616 3686
224 354 258 402 4
306 348 406 401 diis
452 347 696 400 homines

303 201 392 274 382
566 191 1654 250 C.1’L1N110AECIL1¹
1727 193 2243 250 SECUNDI

303 291 498 346 magna
539 284 854 327 ornamenta
898 271 1189 327 recitantis.
1268 271 1484 327 Etenim
1515 269 1723 333 nesci0,
1761 288 1874 342 quo
1898 272 2054 341 pacto
2083 278 2248 349 magis
2277 279 2329 334 in
2349 279 2457 338 stu-⁴

739 346 750 366 ¹
790 347 990 408 timor,
1039 360 1200 417 quam
1241 345 1434 400 fiducia
1478 343 1655 397 decer.
1734 345 1820 399 Ne
1857 347 2043 414 plura:
2107 354 2453 426 (quanquam

308 421 436 474 libet
470 420 646 488 plura,
684 435 797 491 quo
830 417 945 471 sunt
972 418 1276 489 pulchriora
1303 418 1373 471 de
1393 415 1622 487 juvene,
1661 420 1678 438 ²
1702 416 1900 470 rariora
1929 418 1998 472 de
2026 423 2225 488 nobili)
2265 428 2456 480 recita-

309 494 456 546 tione
495 489 641 544 finita
664 529 680 553 ,
727 492 954 544 multum
992 508 1050 542 ac
1092 489 1184 544 diu
1212 490 1543 544 exosculatus
1572 489 2001 556 adolescentem,
2039 497 2130 565 qui
2161 496 2235 550 est
2261 501 2458 554 acerri-

313 581 430 618 mus
455 563 691 617 stimulus·
718 562 1018 622 monendi,
1057 562 1300 615 laudibus
1339 561 1584 623 incitavi,
1610 573 1895 634 pergeret,
1936 584 2040 636 qua
2069 570 2301 637 coepiffet
2323 610 2336 630 ‚
2376 573 2457 624 lu-

313 655 527 707 menque
561 636 699 707 quod
733 637 824 697 scin·
867 639 879 664 ³
916 634 1139 703 majores
1164 635 1258 700 sui
1280 635 1694 703 praetuhſjent,
1731 640 1746 662 ⁴
1762 635 1979 706 posteris
2008 640 2114 709 ips&
2127 645 2460 712 praeferret.

316 709 628 764 Gratulatus
663 708 772 760 sum
799 708 1035 774 optimae
1083 707 1271 766 matri,
1311 707 1601 776 gratulatus
1630 706 1687 762 &
1725 708 1914 770 fratri,
1949 713 2039 781 qui
2081 731 2149 766 ex
2187 716 2460 772 auditorio

315 782 408 835 illo
448 799 555 834 non
598 782 863 833 minorem
906 779 1112 848 pietatis
1154 779 1408 848 gloriam,
1447 794 1608 846 quam
1650 778 1662 804 ⁵
1704 781 1791 834 ille
1831 782 1962 836 alter
2001 786 2345 859 eloquentiae
2375 806 2461 845 tu-

315 855 392 908 lit.
431 865 448 887 ⁶
487 866 592 906 tam
634 852 940 906 notabiliter
978 868 1076 919 pro
1116 851 1280 904 fratre
1319 851 1578 904 recitante
1615 853 1849 920 primurn
1903 871 2077 910 metus·
2127 856 2237 928 ejus
2263 900 2278 923 ‚
2329 879 2463 918 mox

316 924 572 996 gaudium
612 924 851 978 eminuit.
930 923 1019 977 Dii
1060 922 1285 987 faciant,
1328 939 1385 976 ut
1427 921 1544 976 talia
1591 923 1686 977 tibi
1724 925 1925 994 saepius
1965 932 2238 987 nunciem.
2278 932 2461 990 Faveo

316 1000 459 1051 enim
502 1000 703 1058 seculO,
749 996 765 1022 ⁷
805 1015 872 1053 ne
912 996 970 1050 lit
1013 995 1185 1051 sterile
1224 997 1278 1050 δε
1321 995 1625 1051 effoetum:
1668 997 1913 1065 mireque
1951 1003 2116 1070 cupio
2143 1041 2158 1066 ‚
2206 1022 2273 1058 ne
2310 1008 2467 1063 nobi..

317 1070 447 1124 biles
487 1071 648 1124 nostri
689 1070 821 1124 nihil
860 1072 913 1124 in
953 1068 1206 1123 domibus
1245 1069 1347 1124 suis
1387 1067 1671 1138 pulchrum
1698 1108 1715 1132 ‚
1780 1068 1874 1123 nili
1914 1072 2168 1142 imagines
2207 1077 2465 1145 habeant,

314 1161 453 1216 quae
492 1161 632 1197 nunc
673 1143 799 1196 milii
841 1144 939 1196 hos
979 1141 1345 1198 adolescentes
1385 1143 1550 1195 tacite
1588 1142 1836 1205 laudare,
1873 1145 2176 1209 adhortari,
2220 1149 2273 1202 &
2315 1155 2468 1220 quod

321 1216 606 1272 amborum
646 1215 849 1288 gloriae
886 1216 1001 1270 satis
1042 1232 1295 1287 magnum
1337 1215 1442 1278 est,
1481 1213 1499 1241 ⁸
1532 1215 1824 1286 agnoscere
1863 1216 2133 1275 videntur.
2174 1221 2323 1277 Vale.

2220 1294 2471 1356 XVIII.

1432 1426 1576 1474 Posteris
1596 1427 1832 1479 praeferret]
1859 1430 1902 1468 In
1926 1430 2025 1469 aliis:
2052 1429 2189 1479 posteris
2214 1432 2295 1482 ipsis
2310 1436 2470 1484 praefer.

1431 1491 1495 1517 νει.
1523 1479 1687 1517 Rectum
1712 1488 1824 1528 puto:
1850 1481 1989 1532 posteris
2010 1482 2075 1533 ipse
2102 1484 2309 1533 praeferret.
2366 1489 2468 1527 Nam

1411 1532 1483 1568 -ita
1506 1531 1633 1568 omnia
1658 1532 1824 1568 membra
1851 1534 2026 1572 orationis
2052 1533 2116 1572 fibi
2140 1536 2300 1574 invicem
2318 1538 2468 1588 respon-

668 1638 672 1643 ·
872 1638 876 1643 .
1123 1642 1130 1645 .
1188 1637 1194 1643 .
1230 1637 1235 1643 .
1323 1636 1352 1646 .,
1398 1631 1402 1651 β
1434 1581 1533 1620 dent.
1573 1582 1677 1629 Quin
1710 1582 1748 1619 δε
1773 1582 2012 1638 Casaubonus
2033 1585 2105 1643 ipse
2128 1588 2174 1642 ita
2197 1587 2470 1646 rescribendum

320 1634 454 1674 Noster
489 1637 589 1686 supra
629 1638 709 1675 Lib.
746 1637 772 1674 1.
808 1636 918 1686 Epist.
950 1637 1057 1675 XIV,
1103 1636 1161 1682 lrst
1181 1636 1364 1683 cllcfacces
1434 1633 1592 1681 putabat.
1620 1632 1893 1672 Boenasa.
1933 1635 2023 1672 Non
2047 1637 2180 1675 diutius
2202 1637 2470 1688 dubitandum,

321 1685 475 1723 liberalis
501 1716 510 1731 ‚
549 1687 662 1725 multo
687 1689 859 1736 sanguine
882 1715 892 1732 ‚
931 1689 1045 1726 multo
1077 1689 1201 1726 rubore
1215 1686 1364 1737 suffusa.
1435 1685 1526 1734 quin
1560 1685 1695 1722 Plinius
1720 1683 1922 1733 scripserit:
1964 1686 2104 1737 posteris
2151 1689 2224 1737 ipse
2267 1695 2474 1740 praeferret.

328 1738 580 1776 Verecundiam
609 1739 677 1776 oris
719 1739 916 1778 Suetonius
949 1741 987 1777 in
1016 1741 1239 1778 Domitiano
1268 1738 1369 1777 dixit.
1400 1745 1402 1771 l
1435 1735 1565 1777 adserit
1589 1736 1688 1772 enim
1712 1735 1786 1772 hoc
1809 1738 2064 1786 integerrimus
2089 1738 2293 1780 Mediceus.
2349 1744 2474 1785 Ceteri

328 1787 540 1826 BUOENER,
1399 1780 1402 1822 l
1438 1791 1484 1833 clx
1522 1785 1646 1823 nostro
1685 1798 1845 1826 numero
1885 1800 2017 1828 omnes
2054 1801 2140 1827 cum
2181 1791 2274 1830 Edd.
2302 1793 2403 1833 Vett.
2431 1797 2472 1834 &

376 1851 391 1876 1
426 1840 581 1889 simon]
612 1841 666 1877 Ut
688 1843 844 1879 timeant
867 1869 876 1883 ‚
914 1853 961 1878 ne
984 1840 1041 1877 sui
1064 1840 1191 1888 scripta
1221 1842 1362 1890 impro-
1434 1837 1559 1879 mdo:
1589 1836 1726 1886 posteris
1755 1840 1959 1887 praefierret.
2007 1840 2145 1878 Veram
2170 1841 2372 1883 lectionem
2394 1847 2470 1886 iam

322 1889 478 1935 bentur,
504 1900 681 1941 tanquam
706 1904 784 1929 non
808 1892 885 1929 satis
911 1892 1082 1929 absoluta.
1113 1894 1267 1931 Canu.
1436 1889 1623 1937 Gryphius
1658 1891 1804 1944 recepit.
1843 1891 2007 1929 Batthius
2033 1920 2043 1936 ‚
2071 1894 2156 1940 quia
2178 1895 2215 1932 in
2240 1896 2391 1944 vu'gatis
2415 1909 2472 1935 re-

375 1953 396 1978 2
428 1943 578 1979 Rariora
601 1945 641 1979 de
663 1940 813 1990 nobili.]
846 1944 944 1980 Raro
969 1942 1095 1981 similia
1122 1944 1249 1982 nostris
1269 1953 1367 1987 tem·
1402 1972 1404 1991 ,
1434 1948 1575 1988 pererat
1592 1939 1727 1987 postem
1748 1940 1850 1992 ipsis,
1878 1944 2121 1988 coniiciebat5
2145 1943 2285 1995 posteris
2307 1947 2380 1997 ipse
2403 1947 2471 1988 suis

323 1993 472 2040 poribus
495 1995 718 2041 contingunt
742 1994 926 2032 nobilibus
948 2021 958 2036 ,
988 1995 1050 2043 qui
1073 1995 1108 2032 se
1133 2006 1200 2043 pro
1224 1996 1368 2044 maiore
1435 1992 1643 2039 praeferret.

325 2051 427 2090 parte
449 2045 694 2093 voluptatibus
721 2044 872 2083 dedunt.
899 2044 962 2082 An
985 2045 1168 2083 honestius
1183 2045 1230 2084 est
1244 2046 1368 2096 scripta
1486 2055 1505 2091 5
1537 2043 1598 2080 Ille
1620 2041 1754 2093 alter-J
1785 2043 2004 2091 Calpurnius
2031 2050 2116 2098 Ριζβ.
2172 2048 2344 2098 Vulgaris
2365 2050 2469 2089 locu-'

325 2093 465 2132 Pisonis
487 2097 664 2133 extollere
678 2124 690 2140 ‚
715 2107 826 2145 quam
850 2094 997 2133 nostra?
1028 2097 1181 2144 Legitur
1200 2099 1310 2135 etiam
1331 2099 1368 2135 in
1433 2095 1488 2132 tio
1508 2093 1567 2132 ille
1587 2093 1681 2132 alter
1706 2123 1716 2140 ,
1749 2105 1821 2146 qua
1844 2096 2031 2137 Secundus
2053 2102 2135 2139 alibi
2154 2099 2203 2138 est
2227 2101 2308 2140 usus
2330 2131 2341 2147 ,
2366 2100 2470 2141 illam

329 2145 549 2193 quibusdam
583 2148 849 2194 exemplaribus
881 2158 950 2196 pro
972 2175 982 2191 ‚
1009 2149 1149 2184 rariora
1173 2149 1214 2184 de
1245 2148 1367 2194 nobis,
1433 2144 1589 2182 alteram
1616 2145 1738 2183 dicens
1763 2175 1774 2191 ‚
1802 2145 1905 2194 quod
1928 2150 2130 2198 expostulat
2152 2151 2246 2190 stilus
2267 2153 2467 2201 epistolaris.

330 2196 477 2246 denique
502 2225 512 2240 ‚
559 2206 599 2235 ut
634 2209 719 2235 cum
751 2197 982 2247 sequentibus
1015 2197 1061 2235 fic
1095 2199 1364 2247 conjungatur,
1437 2196 1632 2234 CATAN.
1670 2196 1770 2235 Vide
1802 2196 1847 2234 ad
1882 2198 1964 2236 Lib.
1998 2201 2064 2240 lV.
2099 2203 2209 2252 Epist.
2243 2203 2307 2242 IX.
2347 2217 2381 2243 n.
2409 2215 2463 2252 19·

331 2247 477 2296 denique
509 2249 713 2287 recitatione
739 2248 850 2295 finita
876 2278 886 2294 ‚
935 2261 1030 2297 quae
1065 2249 1216 2298 quidem
1252 2251 1363 2289 lectio
1435 2247 1566 2285 Oxon·
1602 2247 1803 2286 He'mstad-
1838 2249 1951 2304 Arnz.
1988 2252 2052 2290 Ed.
2086 2255 2175 2293 Vet-
2201 2255 2457 2306 &Gryphium

332 2298 461 2335 clarior
481 2297 538 2337 cs.
579 2300 695 2338 IDEM.
733 2299 888 2338 Helmst.
907 2300 1109 2350 pulchriora
1133 2302 1174 2338 de
1198 2302 1238 2339 vi
1261 2316 1364 2341 vene·
1435 2297 1652 2348 eloquentiae
1673 2299 1812 2336 retulit.
1843 2299 2014 2341 Dissentit
2034 2305 2277 2344 veterrimus,

332 2348 470 2386 ratione
491 2351 531 2386 de
554 2351 685 2395 nobili;
717 2351 831 2388 Arnz.
852 2350 1054 2401 pulchriora
1076 2354 1117 2390 de
1141 2355 1366 2393 veneratione
1489 2350 1512 2386 6
1542 2355 1631 2386 Tam
1660 2350 1878 2389 notabiliter·
1903 2351 1919 2401 ]
1960 2355 2017 2392 Sic
2048 2351 2181 2396 omne-S
2211 2357 2347 2408 scripti,
2373 2355 2466 2395 Edd.

334 2400 376 2437 da
400 2400 477 2437 nob.
511 2402 640 2440 Oxon.
668 2401 873 2447 pulchriora
898 2404 938 2440 de
961 2404 1113 2442 vivendi
1132 2404 1269 2442 ratione
1283 2404 1367 2452 fini·
1437 2401 1538 2439 Vett.
1561 2403 1600 2439 ὅ(
1623 2402 1819 2453 plerasque
1842 2404 1940 2442 aliae.
1986 2407 2104 2446 Aldus
2127 2409 2164 2446 in
2184 2418 2336 2458 utraque
2359 2422 2368 2446 ε
2393 2409 2467 2445 iana

335 2461 394 2495 ta,
424 2454 462 2489 &
485 2451 552 2490 Ed.
577 2454 661 2491 Ver.
673 2453 875 2502 pulchriora
900 2456 940 2492 de
963 2455 1002 2492 vi
1024 2455 1227 2493 recitatione
1241 2455 1344 2495 finita
1360 2486 1369 2502 ,
1440 2452 1614 2490 nobiliter.
1639 2453 1777 2492 vitiose.
1819 2454 1900 2492 Lib.
1925 2457 1950 2493 l.
1974 2456 2083 2506 Epist.
2106 2459 2152 2496 V.
2178 2471 2211 2497 n.
2239 2471 2293 2508 13.
2332 2455 2462 2504 Expal-

337 2503 464 2539 ceteris
495 2504 638 2541 omissis.
677 2504 780 2543 Voff.
803 2507 968 2554 gratiora
1003 2507 1043 2544 de
1071 2507 1192 2544 nobili.
1221 2506 1367 2546 Editam
1439 2503 1508 2541 luit
1533 2505 1764 2551 notabiliter,
1793 2509 1965 2555 quamvis
1983 2509 2120 2558 palleat
2131 2509 2274 2558 semper.
2459 2552 2463 2557 ,

337 2551 459 2590 firmat
482 2554 684 2594 Mediceug,
1492 2567 1510 2601 7
1544 2561 1598 2593 Ne
1625 2555 1673 2605 fit
1697 2555 1814 2603 sterile
1848 2559 1887 2596 ὅ(
1919 2558 2150 2607 effoetum]
2179 2553 2329 2594 Helmst.
2349 2552 2460 2608 Arnz.

392 2615 410 2654 3
445 2605 597 2653 Majores
623 2607 681 2656 sui
711 2608 964 2657 praetulissent.
989 2607 1004 2658 ]
1045 2607 1128 2646 Fuit
1174 2609 1370 2659 Calpurnia
1441 2606 1480 2643 ὃ(
1502 2607 1569 2645 Ed.
1593 2607 1681 2646 Vet.
1701 2621 1742 2645 ne
1760 2607 1807 2658 sit
1825 2608 1940 2656 sterile
1970 2610 2123 2658 efficium
2146 2634 2156 2650 ‚
2195 2604 2370 2649 frequenti
2405 2615 2459 2640 er-

340 2654 476 2693 domus
500 2657 664 2695 virorum
689 2659 791 2706 gestis
814 2661 948 2697 mirum
971 2661 1008 2698 in
1033 2659 1190 2698 modurn
1214 2662 1372 2701 celebris.
1441 2668 1548 2703 rore,
1576 2660 1678 2708 quod
1700 2659 1860 2699 Vidimus
1881 2661 1925 2697 ad
1947 2659 2078 2698 Sallust·
2098 2657 2176 2692 Cat.
2199 2663 2272 2699 cap·
2299 2651 2399 2689 Lm·
2425 2667 2461 2708 n.

341 2706 441 2744 Nam
465 2711 507 2743 C.
531 2709 608 2755 Pifh
634 2709 835 2758 Calpurnio
857 2721 993 2758 genere
1014 2719 1114 2748 ortus
1140 2741 1150 2756 ‚
1178 2722 1219 2748 ac
1242 2714 1374 2752 multas
1443 2722 1475 2757 ς.
1499 2711 1537 2748 &
1559 2710 1603 2747 ad
1629 2710 1772 2748 Lucan.
1796 2712 1875 2749 Lib¹
1907 2710 1974 2746 IV.
2003 2719 2052 2764 ijs-
2085 2715 2150 2753 593
2193 2702 2319 2757 onn,
2349 2717 2389 2740 '¹‘
2410 2704 2462 2751 fi?

341 2756 570 2807 insignesque
593 2760 727 2799 familia
748 2771 897 2810 paterna
923 2762 1111 2801 nobilitate
1134 2764 1375 2811 complexus,
1432 2759 1572 2807 sterile,
1597 2760 1767 2809 effoetum.
1797 2761 1895 2799 Infra
1916 2757 2120 2815 Μςάῑςοῦςῑ
2148 2752 2461 2801 1⁴⁶¹¹0³l¹¹ud⁴vn

348 2806 443 2843 claro
466 2810 560 2856 apud
584 2812 736 2859 vulgum
760 2823 911 2851 rumore
934 2822 1008 2851 erat
1033 2842 1042 2858 ‚
1080 2825 1144 2862 per
1174 2815 1346 2854 virtutem
1363 2846 1373 2862 ‚
1440 2812 1534 2849 vitio
1556 2813 1702 2850 librariis
1726 2823 1845 2860 aeque
1865 2809 2052 2864 falmllarl·
2080 2802 2124 2840 dc
2149 2814 2226 2851 (ΝΟ
2251 2803 2294 2840 ad
2316 2806 2394 2844 [ι’-ὗ·
2410 2806 2458 2846 11-

351 2864 412 2892 aut
445 2857 573 2913 s-ecies
606 2865 743 2901 virtutis
778 2863 908 2902 ssmiles
930 2878 938 2900 z
977 2876 1142 2913 namque
1164 2866 1375 2905 facundiam
1441 2862 1549 2911 Epist.
1574 2863 1679 2900 XlIl.
1700 2874 1735 2899 n.
1761 2862 1874 2916 ¹¹1&
1897 2858 1987 2894 allbr-

349 2870 493 2943 tuendis
515 2910 650 2947 civibus
674 2916 874 2952 exercebat.
900 2916 1006 2953 Haec
1029 2916 1182 2953 Tacitus
1197 2917 1277 2955 Lib.
1292 2918 1378 2956 XV.
1493 2914 1515 2950 8
1544 2911 1752 2961 Agnoscere
1784 2910 1964 2964 ‘animm'-
1987 2904 2003 2955 ]
2046 2904 2169 2962 Vfifo‘·
2194 2906 2273 2944 (ΗΟ-ς
2294 2917 2460 2956 nemi&-

353 2953 433 2993 Fuit
467 2959 506 2994 ὃ(
537 2958 750 3006 Calpurnius
783 2965 859 3004 Piso
894 2966 996 3003 viciis
1019 2968 1052 3003 in
1079 2968 1192 3004 Sicilia
1219 2968 1378 3017 fugitivis
1442 2965 1598 3001 Cli-rm.
1638 2955 1946 2997 Illustravimusad
1963 2956 2282 2996 LucaniLib.lV.
2312 2971 2456 3011 “S-255·

351 3007 551 3053 praeclarus
566 3036 576 3051 ,
603 3018 640 3046 ut
665 3010 766 3056 super
789 3014 1006 3059 Calpurniae
1024 3016 1162 3053 domus
1186 3021 1375 3066 lplendore
1719 3013 1725 3018 ’
1895 3058 1901 3065 .
2021 3059 2027 3066 .
2179 3060 2184 3065 .

348 3065 566 3095 omttamus
592 3058 759 3102 Livium',
789 3061 1025 3098 Plutarchum
1039 3075 1080 3100 ac
1092 3067 1187 3104 alios.
1219 3070 1374 3107 Canu.
1490 3065 1541 3097 Tu
1569 3059 1725 3106 Caesar,
1750 3069 1918 3106 quamvis
1942 3058 2109 3109 [sotiatus
2134 3059 2249 3099 mclm
2269 3061 2410 3110 multog

385 3122 412 3156 4
440 3107 908 3160 Postomipse‘spraeserret.]
935 3114 1080 3158 Scribe,
1102 3115 1178 3164 ipse.
1203 3119 1376 3157 CMAUB,
1488 3110 1665 3158 Agnoscis
1687 3108 1841 3158 superos,

319 1429 442 1468 index.
480 1430 558 1479 Qui
583 1430 622 1467 &
642 1429 862 1468 verecundus
885 1427 977 1466 color
999 1428 1166 1468 Horatio
1186 1427 1302 1469 dietus
1321 1429 1360 1468 in

323 1481 407 1517 illo:

375 1558 483 1606 Fugit
499 1555 678 1607 juventus
703 1569 746 1597 cy
767 1556 1001 1595 verecundus
1021 1554 1120 1594 color.

2378 3165 2466 3215 Per-f
