<?xml version="1.0" encoding="UTF-8"?>
<!DOCTYPE html PUBLIC "-//W3C//DTD XHTML 1.0 Transitional//EN"
    "http://www.w3.org/TR/xhtml1/DTD/xhtml1-transitional.dtd">
<html xmlns="http://www.w3.org/1999/xhtml" xml:lang="en" lang="en">
 <head>
  <title>
</title>
<meta http-equiv="Content-Type" content="text/html;charset=utf-8" />
  <meta name='ocr-system' content='tesseract 3.04.00' />
  <meta name='ocr-capabilities' content='ocr_page ocr_carea ocr_par ocr_line ocrx_word'/>
</head>
<body>
  <div class='ocr_page' id='page_1' title='image "./caiipliniicaecil00plin_0039.png"; bbox 0 0 2616 3686; ppageno 0'>
   <div class='ocr_carea' id='block_1_1' title="bbox 0 0 68 625">
    <p class='ocr_par' dir='ltr' id='par_1_1' title="bbox 0 0 68 625">
     <span class='ocr_line' id='line_1_1' title="bbox 0 0 68 625; baseline 0 3061"><span class='ocrx_word' id='word_1_1' title='bbox 0 0 68 625; x_wconf 95' lang='lat' dir='ltr'><em> </em></span> 
     </span>
    </p>
   </div>
   <div class='ocr_carea' id='block_1_2' title="bbox 784 184 2010 245">
    <p class='ocr_par' dir='ltr' id='par_1_2' title="bbox 784 184 2010 245">
     <span class='ocr_line' id='line_1_2' title="bbox 784 184 2010 245; baseline -0.002 -3"><span class='ocrx_word' id='word_1_2' title='bbox 784 186 1186 245; x_wconf 9' lang='lat' dir='ltr'><em>PsRAEF.</em></span> <span class='ocrx_word' id='word_1_3' title='bbox 1263 184 2010 240; x_wconf 70' lang='lat' dir='ltr'>INPLJEPIST.</span> 
     </span>
    </p>
   </div>
   <div class='ocr_carea' id='block_1_3' title="bbox 336 300 1546 440">
    <p class='ocr_par' dir='ltr' id='par_1_3' title="bbox 336 300 1546 440">
     <span class='ocr_line' id='line_1_3' title="bbox 336 300 1546 368; baseline -0.014 -2"><span class='ocrx_word' id='word_1_4' title='bbox 336 313 555 368; x_wconf 82' lang='lat' dir='ltr'><em>Proxima</em></span> <span class='ocrx_word' id='word_1_5' title='bbox 590 309 807 361; x_wconf 85' lang='lat' dir='ltr'><strong>centenis</strong></span> <span class='ocrx_word' id='word_1_6' title='bbox 843 306 1108 357; x_wconf 82' lang='lat' dir='ltr'><em>ostenditur</em></span> <span class='ocrx_word' id='word_1_7' title='bbox 1141 303 1242 352; x_wconf 88' lang='lat' dir='ltr'><em>ursa</em></span> <span class='ocrx_word' id='word_1_8' title='bbox 1280 300 1510 351; x_wconf 87' lang='lat' dir='ltr'><em>columnis</em></span> <span class='ocrx_word' id='word_1_9' title='bbox 1531 337 1546 361; x_wconf 93' lang='lat'>,</span> 
     </span>
     <span class='ocr_line' id='line_1_4' title="bbox 401 369 1405 440; baseline -0.015 -10"><span class='ocrx_word' id='word_1_10' title='bbox 401 380 646 430; x_wconf 82' lang='lat' dir='ltr'>Exornant</span> <span class='ocrx_word' id='word_1_11' title='bbox 680 374 837 440; x_wconf 64' lang='lat' dir='ltr'><em>pietae</em></span> <span class='ocrx_word' id='word_1_12' title='bbox 872 389 962 437; x_wconf 81' lang='lat' dir='ltr'><em>qua</em></span> <span class='ocrx_word' id='word_1_13' title='bbox 987 372 1228 434; x_wconf 77' lang='lat' dir='ltr'><em>platanona</em></span> <span class='ocrx_word' id='word_1_14' title='bbox 1262 369 1405 418; x_wconf 84' lang='lat' dir='ltr'><em>ferae.</em></span> 
     </span>
    </p>
   </div>
   <div class='ocr_carea' id='block_1_4' title="bbox 194 495 2404 2322">
    <p class='ocr_par' dir='ltr' id='par_1_4' title="bbox 194 495 2403 1428">
     <span class='ocr_line' id='line_1_5' title="bbox 203 495 2381 584; baseline -0.001 -28"><span class='ocrx_word' id='word_1_15' title='bbox 203 512 340 584; x_wconf 76' lang='lat' dir='ltr'><em>Qod</em></span> <span class='ocrx_word' id='word_1_16' title='bbox 356 513 399 574; x_wconf 87' lang='lat' dir='ltr'><em>fi</em></span> <span class='ocrx_word' id='word_1_17' title='bbox 436 527 485 558; x_wconf 87' lang='lat' dir='ltr'><em>ne</em></span> <span class='ocrx_word' id='word_1_18' title='bbox 518 509 617 556; x_wconf 85' lang='lat' dir='ltr'><em>huic</em></span> <span class='ocrx_word' id='word_1_19' title='bbox 648 507 815 571; x_wconf 89' lang='lat' dir='ltr'><em>quidem</em></span> <span class='ocrx_word' id='word_1_20' title='bbox 847 506 1007 552; x_wconf 86' lang='lat' dir='ltr'><em>rationi</em></span> <span class='ocrx_word' id='word_1_21' title='bbox 1039 501 1284 567; x_wconf 71' lang='lat' dir='ltr'><em>adquiesiat</em></span> <span class='ocrx_word' id='word_1_22' title='bbox 1304 532 1321 559; x_wconf 88' lang='lat'>‚</span> <span class='ocrx_word' id='word_1_23' title='bbox 1365 499 1565 545; x_wconf 84' lang='lat' dir='ltr'><em>Plinium</em></span> <span class='ocrx_word' id='word_1_24' title='bbox 1595 511 1679 543; x_wconf 83' lang='lat' dir='ltr'><em>nou</em></span> <span class='ocrx_word' id='word_1_25' title='bbox 1719 497 1928 539; x_wconf 60' lang='grc' dir='ltr'><em>πλατανὼν</em></span> <span class='ocrx_word' id='word_1_26' title='bbox 1962 495 2083 562; x_wconf 86' lang='lat' dir='ltr'><em>(vel</em></span> <span class='ocrx_word' id='word_1_27' title='bbox 2120 500 2381 572; x_wconf 87' lang='lat' dir='ltr'>platanon)</span> 
     </span>
     <span class='ocr_line' id='line_1_6' title="bbox 201 560 2386 647; baseline -0.005 -18"><span class='ocrx_word' id='word_1_28' title='bbox 201 577 496 647; x_wconf 86' lang='lat' dir='ltr'><em>opacisfimus</em></span> <span class='ocrx_word' id='word_1_29' title='bbox 519 614 533 636; x_wconf 90' lang='lat'>‚</span> <span class='ocrx_word' id='word_1_30' title='bbox 567 573 651 637; x_wconf 78' lang='lat' dir='ltr'><em>fid</em></span> <span class='ocrx_word' id='word_1_31' title='bbox 680 576 895 637; x_wconf 73' lang='lat' dir='ltr'><em>platanus</em></span> <span class='ocrx_word' id='word_1_32' title='bbox 932 571 1200 634; x_wconf 85' lang='lat' dir='ltr'><em>opaciffima</em></span> <span class='ocrx_word' id='word_1_33' title='bbox 1221 565 1432 628; x_wconf 72' lang='lat' dir='ltr'><em>scripstffl’</em></span> <span class='ocrx_word' id='word_1_34' title='bbox 1465 563 1611 611; x_wconf 85' lang='lat' dir='ltr'><em>credat</em></span> <span class='ocrx_word' id='word_1_35' title='bbox 1636 599 1649 621; x_wconf 92' lang='lat'>,</span> <span class='ocrx_word' id='word_1_36' title='bbox 1694 570 1743 606; x_wconf 90' lang='lat' dir='ltr'><em>ut</em></span> <span class='ocrx_word' id='word_1_37' title='bbox 1785 560 1943 610; x_wconf 87' lang='lat' dir='ltr'><em>habent</em></span> <span class='ocrx_word' id='word_1_38' title='bbox 1977 565 2069 611; x_wconf 89' lang='lat' dir='ltr'><em>alia</em></span> <span class='ocrx_word' id='word_1_39' title='bbox 2112 571 2386 631; x_wconf 84' lang='lat' dir='ltr'><em>exemplaria.</em></span> 
     </span>
     <span class='ocr_line' id='line_1_7' title="bbox 205 627 2388 706; baseline 0.004 -33"><span class='ocrx_word' id='word_1_40' title='bbox 205 650 378 706; x_wconf 64' lang='lat' dir='ltr'><em>[neptus</em></span> <span class='ocrx_word' id='word_1_41' title='bbox 411 652 554 690; x_wconf 66' lang='lat' dir='ltr'><em>autem</em></span> <span class='ocrx_word' id='word_1_42' title='bbox 587 641 684 702; x_wconf 64' lang='lat' dir='ltr'><em>effit</em></span> <span class='ocrx_word' id='word_1_43' title='bbox 706 643 748 700; x_wconf 83' lang='lat' dir='ltr'><em>st</em></span> <span class='ocrx_word' id='word_1_44' title='bbox 782 639 914 685; x_wconf 73' lang='lat' dir='ltr'><em>etiam</em></span> <span class='ocrx_word' id='word_1_45' title='bbox 946 635 1080 682; x_wconf 77' lang='lat' dir='ltr'><em>verba</em></span> <span class='ocrx_word' id='word_1_46' title='bbox 1116 634 1274 685; x_wconf 67' lang='grc' dir='ltr'><em>κέκρικα</em></span> <span class='ocrx_word' id='word_1_47' title='bbox 1310 631 1364 683; x_wconf 66' lang='lat'><em>{9³</em></span> <span class='ocrx_word' id='word_1_48' title='bbox 1396 630 1588 676; x_wconf 66' lang='grc' dir='ltr'><em>ἐπίςασθε</em></span> <span class='ocrx_word' id='word_1_49' title='bbox 1621 627 1816 688; x_wconf 83' lang='lat' dir='ltr'><em>objiceret</em></span> <span class='ocrx_word' id='word_1_50' title='bbox 1853 627 1959 694; x_wconf 87' lang='lat' dir='ltr'><em>(pro</em></span> <span class='ocrx_word' id='word_1_51' title='bbox 2003 631 2152 692; x_wconf 88' lang='lat' dir='ltr'><em>quibus</em></span> <span class='ocrx_word' id='word_1_52' title='bbox 2196 634 2251 686; x_wconf 63' lang='grc' dir='ltr'><em>ἐρ’</em></span> <span class='ocrx_word' id='word_1_53' title='bbox 2296 638 2388 684; x_wconf 78' lang='lat' dir='ltr'><em>alia</em></span> 
     </span>
     <span class='ocr_line' id='line_1_8' title="bbox 203 693 2386 776; baseline -0.001 -24"><span class='ocrx_word' id='word_1_54' title='bbox 203 717 397 776; x_wconf 68' lang='lat' dir='ltr'><em>legantur</em></span> <span class='ocrx_word' id='word_1_55' title='bbox 417 746 430 767; x_wconf 89' lang='lat'>‚</span> <span class='ocrx_word' id='word_1_56' title='bbox 466 716 516 754; x_wconf 91' lang='lat' dir='ltr'><em>ut</em></span> <span class='ocrx_word' id='word_1_57' title='bbox 549 707 689 752; x_wconf 75' lang='lat' dir='ltr'><em>dimm</em></span> <span class='ocrx_word' id='word_1_58' title='bbox 722 707 767 751; x_wconf 81' lang='lat' dir='ltr'><em>in</em></span> <span class='ocrx_word' id='word_1_59' title='bbox 802 705 1068 750; x_wconf 85' lang='lat' dir='ltr'><em>Graecarum</em></span> <span class='ocrx_word' id='word_1_60' title='bbox 1110 698 1247 750; x_wconf 81' lang='lat' dir='ltr'><em>Plinii</em></span> <span class='ocrx_word' id='word_1_61' title='bbox 1280 710 1432 744; x_wconf 82' lang='lat' dir='ltr'><em>vocum</em></span> <span class='ocrx_word' id='word_1_62' title='bbox 1465 693 1924 758; x_wconf 62' lang='lat' dir='ltr'><em>interpretationibus)</em></span> <span class='ocrx_word' id='word_1_63' title='bbox 1970 711 2100 757; x_wconf 88' lang='lat' dir='ltr'><em>quum</em></span> <span class='ocrx_word' id='word_1_64' title='bbox 2132 713 2214 745; x_wconf 88' lang='lat' dir='ltr'><em>non</em></span> <span class='ocrx_word' id='word_1_65' title='bbox 2256 701 2350 760; x_wconf 86' lang='lat' dir='ltr'><em>ejus</em></span> <span class='ocrx_word' id='word_1_66' title='bbox 2371 740 2386 761; x_wconf 85' lang='lat'><em>,</em></span> 
     </span>
     <span class='ocr_line' id='line_1_9' title="bbox 194 760 2390 841; baseline -0 -26"><span class='ocrx_word' id='word_1_67' title='bbox 194 780 278 841; x_wconf 70' lang='lat' dir='ltr'><em>sed</em></span> <span class='ocrx_word' id='word_1_68' title='bbox 307 777 488 824; x_wconf 77' lang='lat' dir='ltr'><em>aliorum</em></span> <span class='ocrx_word' id='word_1_69' title='bbox 510 775 604 834; x_wconf 87' lang='lat' dir='ltr'><em>stnt</em></span> <span class='ocrx_word' id='word_1_70' title='bbox 625 811 638 832; x_wconf 80' lang='lat'>‚</span> <span class='ocrx_word' id='word_1_71' title='bbox 684 784 860 834; x_wconf 84' lang='lat' dir='ltr'><em>quorum</em></span> <span class='ocrx_word' id='word_1_72' title='bbox 881 767 1116 826; x_wconf 83' lang='lat' dir='ltr'><em>sermonem</em></span> <span class='ocrx_word' id='word_1_73' title='bbox 1148 761 1299 824; x_wconf 86' lang='lat' dir='ltr'><em>refert.</em></span> <span class='ocrx_word' id='word_1_74' title='bbox 1369 764 1442 809; x_wconf 87' lang='lat' dir='ltr'><em>Ea</em></span> <span class='ocrx_word' id='word_1_75' title='bbox 1475 769 1620 805; x_wconf 86' lang='lat' dir='ltr'><em>autem</em></span> <span class='ocrx_word' id='word_1_76' title='bbox 1663 760 1815 822; x_wconf 88' lang='lat' dir='ltr'><em>quibus</em></span> <span class='ocrx_word' id='word_1_77' title='bbox 1859 761 2002 807; x_wconf 86' lang='lat' dir='ltr'><em>utitur</em></span> <span class='ocrx_word' id='word_1_78' title='bbox 2025 795 2043 821; x_wconf 88' lang='lat'>‚</span> <span class='ocrx_word' id='word_1_79' title='bbox 2092 772 2186 811; x_wconf 85' lang='lat' dir='ltr'><em>tam</em></span> <span class='ocrx_word' id='word_1_80' title='bbox 2219 769 2390 815; x_wconf 77' lang='lat' dir='ltr'><em>nomina</em></span> 
     </span>
     <span class='ocr_line' id='line_1_10' title="bbox 207 825 2387 907; baseline -0.001 -27"><span class='ocrx_word' id='word_1_81' title='bbox 207 856 334 907; x_wconf 68' lang='lat' dir='ltr'><em>quam</em></span> <span class='ocrx_word' id='word_1_82' title='bbox 365 839 498 886; x_wconf 78' lang='lat' dir='ltr'><em>verba</em></span> <span class='ocrx_word' id='word_1_83' title='bbox 519 872 536 898; x_wconf 86' lang='lat'>‚</span> <span class='ocrx_word' id='word_1_84' title='bbox 573 837 869 900; x_wconf 84' lang='lat' dir='ltr'><em>fignificantia</em></span> <span class='ocrx_word' id='word_1_85' title='bbox 890 833 997 896; x_wconf 71' lang='lat' dir='ltr'><em>fient</em></span> <span class='ocrx_word' id='word_1_86' title='bbox 1020 850 1037 879; x_wconf 90' lang='lat'><em>.·</em></span> <span class='ocrx_word' id='word_1_87' title='bbox 1080 845 1206 893; x_wconf 82' lang='lat' dir='ltr'><em>neque</em></span> <span class='ocrx_word' id='word_1_88' title='bbox 1241 837 1351 876; x_wconf 87' lang='lat' dir='ltr'><em>certe</em></span> <span class='ocrx_word' id='word_1_89' title='bbox 1384 842 1459 874; x_wconf 88' lang='lat' dir='ltr'><em>cur</em></span> <span class='ocrx_word' id='word_1_90' title='bbox 1491 827 1654 872; x_wconf 84' lang='lat' dir='ltr'><em>nomine</em></span> <span class='ocrx_word' id='word_1_91' title='bbox 1686 825 1904 896; x_wconf 51' lang='lat' dir='ltr'><em>stinpah-too</em></span> <span class='ocrx_word' id='word_1_92' title='bbox 1938 825 1960 891; x_wconf 91' lang='lat'>(</span> <span class='ocrx_word' id='word_1_93' title='bbox 1984 831 2160 889; x_wconf 83' lang='lat' dir='ltr'><em>exempli</em></span> <span class='ocrx_word' id='word_1_94' title='bbox 2194 832 2387 896; x_wconf 85' lang='lat' dir='ltr'><em>gratia)</em></span> 
     </span>
     <span class='ocr_line' id='line_1_11' title="bbox 198 889 2391 971; baseline -0 -25"><span class='ocrx_word' id='word_1_95' title='bbox 198 910 344 971; x_wconf 73' lang='lat' dir='ltr'><em>potius</em></span> <span class='ocrx_word' id='word_1_96' title='bbox 375 920 502 968; x_wconf 74' lang='lat' dir='ltr'><em>quam</em></span> <span class='ocrx_word' id='word_1_97' title='bbox 537 905 698 952; x_wconf 85' lang='lat' dir='ltr'><em>Latino</em></span> <span class='ocrx_word' id='word_1_98' title='bbox 730 909 884 948; x_wconf 86' lang='lat' dir='ltr'><em>utatur</em></span> <span class='ocrx_word' id='word_1_99' title='bbox 913 899 1138 962; x_wconf 81' lang='lat' dir='ltr'><em>quopiam,</em></span> <span class='ocrx_word' id='word_1_100' title='bbox 1173 897 1451 956; x_wconf 76' lang='lat' dir='ltr'><em>quaefiturus.</em></span> <span class='ocrx_word' id='word_1_101' title='bbox 1474 891 1532 953; x_wconf 90' lang='lat' dir='ltr'><em>est</em></span> <span class='ocrx_word' id='word_1_102' title='bbox 1565 894 1630 949; x_wconf 86' lang='lat' dir='ltr'><em>is,</em></span> <span class='ocrx_word' id='word_1_103' title='bbox 1667 902 1740 950; x_wconf 79' lang='lat' dir='ltr'><em>qut</em></span> <span class='ocrx_word' id='word_1_104' title='bbox 1774 889 1867 935; x_wconf 87' lang='lat' dir='ltr'><em>vim</em></span> <span class='ocrx_word' id='word_1_105' title='bbox 1897 892 1986 951; x_wconf 87' lang='lat' dir='ltr'><em>ejus</em></span> <span class='ocrx_word' id='word_1_106' title='bbox 2008 895 2226 958; x_wconf 87' lang='lat' dir='ltr'><em>intelliget.</em></span> <span class='ocrx_word' id='word_1_107' title='bbox 2293 899 2391 945; x_wconf 78' lang='lat' dir='ltr'><em>Ni-</em></span> 
     </span>
     <span class='ocr_line' id='line_1_12' title="bbox 208 954 2395 1034; baseline 0.003 -32"><span class='ocrx_word' id='word_1_108' title='bbox 208 974 293 1021; x_wconf 64' lang='lat' dir='ltr'><em>hilo</em></span> <span class='ocrx_word' id='word_1_109' title='bbox 327 977 461 1034; x_wconf 49' lang='lat' dir='ltr'><em>may-5</em></span> <span class='ocrx_word' id='word_1_110' title='bbox 493 969 711 1022; x_wconf 58' lang='grc' dir='ltr'><em>μικραῖς-,ος</em></span> <span class='ocrx_word' id='word_1_111' title='bbox 743 981 869 1030; x_wconf 65' lang='lat' dir='ltr'><em>quam</em></span> <span class='ocrx_word' id='word_1_112' title='bbox 902 963 1177 1015; x_wconf 69' lang='grc' dir='ltr'><em>μεμψίμοιρος</em></span> <span class='ocrx_word' id='word_1_113' title='bbox 1213 959 1360 1024; x_wconf 87' lang='lat' dir='ltr'><em>(quod</em></span> <span class='ocrx_word' id='word_1_114' title='bbox 1389 960 1449 1006; x_wconf 90' lang='lat' dir='ltr'><em>ad</em></span> <span class='ocrx_word' id='word_1_115' title='bbox 1478 959 1665 1004; x_wconf 85' lang='lat' dir='ltr'><em>eamdem</em></span> <span class='ocrx_word' id='word_1_116' title='bbox 1687 954 2039 1016; x_wconf 76' lang='lat' dir='ltr'><em>fignificationem</em></span> <span class='ocrx_word' id='word_1_117' title='bbox 2066 961 2286 1027; x_wconf 79' lang='lat' dir='ltr'><em>pertinet)</em></span> <span class='ocrx_word' id='word_1_118' title='bbox 2322 980 2395 1010; x_wconf 79' lang='lat' dir='ltr'><em>ex-</em></span> 
     </span>
     <span class='ocr_line' id='line_1_13' title="bbox 204 1021 2400 1102; baseline -0.002 -17"><span class='ocrx_word' id='word_1_119' title='bbox 204 1042 388 1102; x_wconf 83' lang='lat' dir='ltr'><em>primere</em></span> <span class='ocrx_word' id='word_1_120' title='bbox 421 1037 537 1083; x_wconf 86' lang='lat' dir='ltr'><em>unico</em></span> <span class='ocrx_word' id='word_1_121' title='bbox 567 1033 769 1080; x_wconf 77' lang='lat' dir='ltr'><em>vocabulo</em></span> <span class='ocrx_word' id='word_1_122' title='bbox 804 1032 972 1078; x_wconf 88' lang='lat' dir='ltr'><em>Latina</em></span> <span class='ocrx_word' id='word_1_123' title='bbox 1005 1030 1151 1090; x_wconf 84' lang='lat' dir='ltr'><em>lingua</em></span> <span class='ocrx_word' id='word_1_124' title='bbox 1181 1025 1325 1087; x_wconf 82' lang='lat' dir='ltr'><em>potest.</em></span> <span class='ocrx_word' id='word_1_125' title='bbox 1376 1024 1513 1089; x_wconf 61' lang='lat' dir='ltr'><em>Quod</em></span> <span class='ocrx_word' id='word_1_126' title='bbox 1531 1024 1668 1085; x_wconf 82' lang='lat' dir='ltr'><em>stquis</em></span> <span class='ocrx_word' id='word_1_127' title='bbox 1692 1021 1788 1066; x_wconf 80' lang='lat' dir='ltr'><em>vim</em></span> <span class='ocrx_word' id='word_1_128' title='bbox 1808 1021 1927 1070; x_wconf 73' lang='lat' dir='ltr'><em>illius</em></span> <span class='ocrx_word' id='word_1_129' title='bbox 1951 1027 2147 1073; x_wconf 74' lang='lat' dir='ltr'><em>vocabuli</em></span> <span class='ocrx_word' id='word_1_130' title='bbox 2178 1027 2400 1081; x_wconf 63' lang='lat' dir='ltr'><em>wupffl&#39;wc</em></span> 
     </span>
     <span class='ocr_line' id='line_1_14' title="bbox 203 1089 2398 1168; baseline 0 -17"><span class='ocrx_word' id='word_1_131' title='bbox 203 1106 460 1168; x_wconf 54' lang='lat' dir='ltr'><em>perspectam</em></span> <span class='ocrx_word' id='word_1_132' title='bbox 492 1098 675 1157; x_wconf 82' lang='lat' dir='ltr'><em>habens,</em></span> <span class='ocrx_word' id='word_1_133' title='bbox 711 1098 907 1144; x_wconf 82' lang='lat' dir='ltr'><em>Plinium</em></span> <span class='ocrx_word' id='word_1_134' title='bbox 930 1106 1073 1142; x_wconf 84' lang='lat' dir='ltr'><em>tamen</em></span> <span class='ocrx_word' id='word_1_135' title='bbox 1095 1095 1141 1138; x_wconf 86' lang='lat' dir='ltr'><em>in</em></span> <span class='ocrx_word' id='word_1_136' title='bbox 1160 1107 1206 1137; x_wconf 82' lang='lat' dir='ltr'><em>eo</em></span> <span class='ocrx_word' id='word_1_137' title='bbox 1225 1089 1423 1142; x_wconf 72' lang='grc' dir='ltr'><em>ἕλληνίσκι</em></span> <span class='ocrx_word' id='word_1_138' title='bbox 1449 1099 1721 1151; x_wconf 74' lang='lat' dir='ltr'><em>quereretur,</em></span> <span class='ocrx_word' id='word_1_139' title='bbox 1757 1100 1835 1131; x_wconf 68' lang='lat' dir='ltr'><em>”as</em></span> <span class='ocrx_word' id='word_1_140' title='bbox 1857 1089 1894 1136; x_wconf 69' lang='lat' dir='ltr'><em>is</em></span> <span class='ocrx_word' id='word_1_141' title='bbox 1911 1091 2011 1150; x_wconf 69' lang='lat' dir='ltr'><em>effi&#39;t</em></span> <span class='ocrx_word' id='word_1_142' title='bbox 2033 1107 2134 1138; x_wconf 65' lang='lat' dir='ltr'><em>vere</em></span> <span class='ocrx_word' id='word_1_143' title='bbox 2161 1089 2398 1144; x_wconf 56' lang='grc' dir='ltr'><em>μ’κραῖτωῗ·</em></span> 
     </span>
     <span class='ocr_line' id='line_1_15' title="bbox 210 1150 2394 1233; baseline -0.006 -18"><span class='ocrx_word' id='word_1_144' title='bbox 210 1173 372 1233; x_wconf 79' lang='lat' dir='ltr'><em>Insigne</em></span> <span class='ocrx_word' id='word_1_145' title='bbox 401 1166 653 1215; x_wconf 85' lang='lat' dir='ltr'><em>vocabulum</em></span> <span class='ocrx_word' id='word_1_146' title='bbox 673 1164 727 1226; x_wconf 85' lang='lat' dir='ltr'><em>est</em></span> <span class='ocrx_word' id='word_1_147' title='bbox 761 1165 890 1209; x_wconf 76' lang='lat' dir='ltr'><em>etiam</em></span> <span class='ocrx_word' id='word_1_148' title='bbox 926 1161 1169 1207; x_wconf 72' lang='grc' dir='ltr'><strong>ἀφιλόκαλον</strong></span> <span class='ocrx_word' id='word_1_149' title='bbox 1187 1190 1204 1216; x_wconf 77' lang='lat'><strong>,</strong></span> <span class='ocrx_word' id='word_1_150' title='bbox 1239 1171 1317 1218; x_wconf 89' lang='lat' dir='ltr'><em>quo</em></span> <span class='ocrx_word' id='word_1_151' title='bbox 1340 1160 1484 1203; x_wconf 85' lang='lat' dir='ltr'><em>utitur</em></span> <span class='ocrx_word' id='word_1_152' title='bbox 1504 1171 1584 1201; x_wconf 87' lang='lat' dir='ltr'><em>non</em></span> <span class='ocrx_word' id='word_1_153' title='bbox 1604 1153 1738 1202; x_wconf 88' lang='lat' dir='ltr'><em>multo</em></span> <span class='ocrx_word' id='word_1_154' title='bbox 1756 1150 1875 1212; x_wconf 81' lang='lat' dir='ltr'><em>post:</em></span> <span class='ocrx_word' id='word_1_155' title='bbox 1896 1158 2084 1218; x_wconf 79' lang='lat' dir='ltr'><em>ficut&amp;</em></span> <span class='ocrx_word' id='word_1_156' title='bbox 2109 1158 2394 1219; x_wconf 69' lang='grc' dir='ltr'><em>ἀπειρόκαλον,</em></span> 
     </span>
     <span class='ocr_line' id='line_1_16' title="bbox 209 1216 2403 1300; baseline -0.006 -18"><span class='ocrx_word' id='word_1_157' title='bbox 209 1238 321 1300; x_wconf 87' lang='lat' dir='ltr'><em>quod</em></span> <span class='ocrx_word' id='word_1_158' title='bbox 335 1235 533 1281; x_wconf 86' lang='lat' dir='ltr'><em>nonnulla</em></span> <span class='ocrx_word' id='word_1_159' title='bbox 557 1231 816 1293; x_wconf 82' lang='lat' dir='ltr'><em>exemplaria</em></span> <span class='ocrx_word' id='word_1_160' title='bbox 840 1229 920 1274; x_wconf 85' lang='lat' dir='ltr'><em>loco</em></span> <span class='ocrx_word' id='word_1_161' title='bbox 944 1228 1060 1273; x_wconf 82' lang='lat' dir='ltr'><em>illius</em></span> <span class='ocrx_word' id='word_1_162' title='bbox 1090 1223 1263 1270; x_wconf 86' lang='lat' dir='ltr'><em>habent.</em></span> <span class='ocrx_word' id='word_1_163' title='bbox 1333 1221 1401 1266; x_wconf 90' lang='lat' dir='ltr'><em>Et</em></span> <span class='ocrx_word' id='word_1_164' title='bbox 1430 1221 1541 1282; x_wconf 86' lang='lat' dir='ltr'><em>quod</em></span> <span class='ocrx_word' id='word_1_165' title='bbox 1569 1222 1619 1268; x_wconf 86' lang='lat' dir='ltr'><em>de</em></span> <span class='ocrx_word' id='word_1_166' title='bbox 1653 1219 1922 1282; x_wconf 62' lang='grc' dir='ltr'><em>ἀφιλόκαλον,</em></span> <span class='ocrx_word' id='word_1_167' title='bbox 1958 1223 2068 1269; x_wconf 82' lang='lat' dir='ltr'><em>idem</em></span> <span class='ocrx_word' id='word_1_168' title='bbox 2101 1225 2152 1270; x_wconf 84' lang='lat' dir='ltr'><em>de</em></span> <span class='ocrx_word' id='word_1_169' title='bbox 2185 1216 2403 1273; x_wconf 71' lang='grc' dir='ltr'><em>Φιλόκοιλσε</em></span> 
     </span>
     <span class='ocr_line' id='line_1_17' title="bbox 212 1286 2396 1366; baseline -0.004 -19"><span class='ocrx_word' id='word_1_170' title='bbox 212 1301 366 1366; x_wconf 83' lang='lat' dir='ltr'><em>(cujus</em></span> <span class='ocrx_word' id='word_1_171' title='bbox 398 1302 531 1346; x_wconf 85' lang='lat' dir='ltr'><em>etiam</em></span> <span class='ocrx_word' id='word_1_172' title='bbox 565 1295 685 1355; x_wconf 72' lang='lat' dir='ltr'><em>uficm</em></span> <span class='ocrx_word' id='word_1_173' title='bbox 717 1295 832 1355; x_wconf 87' lang='lat' dir='ltr'><em>apud</em></span> <span class='ocrx_word' id='word_1_174' title='bbox 862 1307 959 1340; x_wconf 89' lang='lat' dir='ltr'><em>eum</em></span> <span class='ocrx_word' id='word_1_175' title='bbox 991 1288 1227 1351; x_wconf 83' lang='lat' dir='ltr'><em>habemus)</em></span> <span class='ocrx_word' id='word_1_176' title='bbox 1264 1287 1480 1333; x_wconf 83' lang='lat' dir='ltr'><em>dicendum</em></span> <span class='ocrx_word' id='word_1_177' title='bbox 1514 1286 1583 1346; x_wconf 86' lang='lat' dir='ltr'><em>est.</em></span> <span class='ocrx_word' id='word_1_178' title='bbox 1653 1289 1747 1334; x_wconf 81' lang='lat' dir='ltr'><em>Pro</em></span> <span class='ocrx_word' id='word_1_179' title='bbox 1768 1303 1846 1349; x_wconf 83' lang='lat' dir='ltr'><em>quo</em></span> <span class='ocrx_word' id='word_1_180' title='bbox 1880 1299 2023 1335; x_wconf 88' lang='lat' dir='ltr'><em>tamen</em></span> <span class='ocrx_word' id='word_1_181' title='bbox 2045 1288 2138 1352; x_wconf 85' lang='lat' dir='ltr'><em>scio</em></span> <span class='ocrx_word' id='word_1_182' title='bbox 2172 1292 2396 1341; x_wconf 68' lang='grc' dir='ltr'><em>καινόφιλος</em></span> 
     </span>
     <span class='ocr_line' id='line_1_18' title="bbox 210 1352 1769 1428; baseline -0.01 -14"><span class='ocrx_word' id='word_1_183' title='bbox 210 1371 345 1415; x_wconf 81' lang='lat' dir='ltr'><em>etiam</em></span> <span class='ocrx_word' id='word_1_184' title='bbox 375 1367 477 1428; x_wconf 87' lang='lat' dir='ltr'><em>legi:</em></span> <span class='ocrx_word' id='word_1_185' title='bbox 513 1361 624 1427; x_wconf 86' lang='lat' dir='ltr'><em>quod</em></span> <span class='ocrx_word' id='word_1_186' title='bbox 652 1362 782 1408; x_wconf 82' lang='lat' dir='ltr'><em>nihilo</em></span> <span class='ocrx_word' id='word_1_187' title='bbox 816 1360 957 1422; x_wconf 82' lang='lat' dir='ltr'><em>magis</em></span> <span class='ocrx_word' id='word_1_188' title='bbox 984 1357 1146 1403; x_wconf 78' lang='lat' dir='ltr'><em>Latine</em></span> <span class='ocrx_word' id='word_1_189' title='bbox 1186 1366 1286 1400; x_wconf 81' lang='lat' dir='ltr'><em>voce</em></span> <span class='ocrx_word' id='word_1_190' title='bbox 1319 1367 1405 1398; x_wconf 86' lang='lat' dir='ltr'><em>una</em></span> <span class='ocrx_word' id='word_1_191' title='bbox 1438 1352 1523 1398; x_wconf 89' lang='lat' dir='ltr'><em>dici</em></span> <span class='ocrx_word' id='word_1_192' title='bbox 1550 1354 1769 1414; x_wconf 69' lang='lat' dir='ltr'><em>potutffi’t.</em></span> 
     </span>
    </p>

    <p class='ocr_par' dir='ltr' id='par_1_5' title="bbox 210 1417 2404 2320">
     <span class='ocr_line' id='line_1_19' title="bbox 277 1417 2398 1489; baseline 0.002 -29"><span class='ocrx_word' id='word_1_193' title='bbox 277 1433 514 1477; x_wconf 59' lang='lat' dir='ltr'><em>Enimvero</em></span> <span class='ocrx_word' id='word_1_194' title='bbox 544 1441 623 1475; x_wconf 72' lang='lat' dir='ltr'><em>non</em></span> <span class='ocrx_word' id='word_1_195' title='bbox 642 1427 781 1489; x_wconf 71' lang='lat' dir='ltr'><em>solum</em></span> <span class='ocrx_word' id='word_1_196' title='bbox 806 1434 948 1486; x_wconf 64' lang='lat' dir='ltr'><em>aperte</em></span> <span class='ocrx_word' id='word_1_197' title='bbox 981 1420 1167 1473; x_wconf 66' lang='grc' dir='ltr'><em>ἑλληνίζει</em></span> <span class='ocrx_word' id='word_1_198' title='bbox 1193 1419 1367 1465; x_wconf 85' lang='lat' dir='ltr'><em>Plinius</em></span> <span class='ocrx_word' id='word_1_199' title='bbox 1387 1419 1434 1464; x_wconf 84' lang='lat' dir='ltr'><em>in</em></span> <span class='ocrx_word' id='word_1_200' title='bbox 1459 1417 1550 1474; x_wconf 77' lang='lat' dir='ltr'><em>fitis</em></span> <span class='ocrx_word' id='word_1_201' title='bbox 1581 1417 1692 1465; x_wconf 85' lang='lat' dir='ltr'><em>hisce</em></span> <span class='ocrx_word' id='word_1_202' title='bbox 1724 1418 1902 1480; x_wconf 86' lang='lat' dir='ltr'><em>epistolis</em></span> <span class='ocrx_word' id='word_1_203' title='bbox 1920 1454 1937 1477; x_wconf 81' lang='lat'>‚</span> <span class='ocrx_word' id='word_1_204' title='bbox 1976 1418 2218 1485; x_wconf 67' lang='grc' dir='ltr'><em>(ἑλληνίζειν</em></span> <span class='ocrx_word' id='word_1_205' title='bbox 2252 1430 2398 1470; x_wconf 71' lang='lat' dir='ltr'><em>autem:</em></span> 
     </span>
     <span class='ocr_line' id='line_1_20' title="bbox 213 1483 2398 1557; baseline -0.003 -15"><span class='ocrx_word' id='word_1_206' title='bbox 213 1514 322 1546; x_wconf 80' lang='lat' dir='ltr'><em>nunc</em></span> <span class='ocrx_word' id='word_1_207' title='bbox 343 1497 502 1557; x_wconf 83' lang='lat' dir='ltr'><em>adpello</em></span> <span class='ocrx_word' id='word_1_208' title='bbox 525 1497 689 1541; x_wconf 84' lang='lat' dir='ltr'><em>Graeca</em></span> <span class='ocrx_word' id='word_1_209' title='bbox 713 1492 847 1539; x_wconf 86' lang='lat' dir='ltr'><em>verba</em></span> <span class='ocrx_word' id='word_1_210' title='bbox 874 1489 1103 1550; x_wconf 80' lang='lat' dir='ltr'><em>usurpare:</em></span> <span class='ocrx_word' id='word_1_211' title='bbox 1137 1485 1247 1548; x_wconf 86' lang='lat' dir='ltr'><em>quod</em></span> <span class='ocrx_word' id='word_1_212' title='bbox 1263 1483 1414 1545; x_wconf 82' lang='lat' dir='ltr'><em>faeere</em></span> <span class='ocrx_word' id='word_1_213' title='bbox 1441 1483 1524 1530; x_wconf 83' lang='lat' dir='ltr'><em>dici</em></span> <span class='ocrx_word' id='word_1_214' title='bbox 1538 1484 1671 1545; x_wconf 82' lang='lat' dir='ltr'><em>potest</em></span> <span class='ocrx_word' id='word_1_215' title='bbox 1694 1485 1749 1536; x_wconf 54' lang='grc' dir='ltr'><em>ἑᾷ</em></span> <span class='ocrx_word' id='word_1_216' title='bbox 1774 1502 1817 1531; x_wconf 88' lang='lat' dir='ltr'><em>eo</em></span> <span class='ocrx_word' id='word_1_217' title='bbox 1845 1487 1891 1531; x_wconf 81' lang='lat' dir='ltr'><em>in</em></span> <span class='ocrx_word' id='word_1_218' title='bbox 1909 1487 2017 1545; x_wconf 87' lang='lat' dir='ltr'><em>loco,</em></span> <span class='ocrx_word' id='word_1_219' title='bbox 2054 1487 2127 1533; x_wconf 88' lang='lat' dir='ltr'><em>ubi</em></span> <span class='ocrx_word' id='word_1_220' title='bbox 2149 1489 2398 1536; x_wconf 82' lang='lat' dir='ltr'><em>Prooemia-</em></span> 
     </span>
     <span class='ocr_line' id='line_1_21' title="bbox 215 1548 2398 1626; baseline -0.003 -21"><span class='ocrx_word' id='word_1_221' title='bbox 215 1579 290 1613; x_wconf 76' lang='lat' dir='ltr'><em>tur</em></span> <span class='ocrx_word' id='word_1_222' title='bbox 315 1562 454 1626; x_wconf 74' lang='lat' dir='ltr'><em>dicit)</em></span> <span class='ocrx_word' id='word_1_223' title='bbox 490 1575 641 1607; x_wconf 85' lang='lat' dir='ltr'><em>verum</em></span> <span class='ocrx_word' id='word_1_224' title='bbox 661 1561 791 1604; x_wconf 82' lang='lat' dir='ltr'><em>etiam</em></span> <span class='ocrx_word' id='word_1_225' title='bbox 818 1556 974 1602; x_wconf 85' lang='lat' dir='ltr'><em>occulte</em></span> <span class='ocrx_word' id='word_1_226' title='bbox 997 1592 1009 1612; x_wconf 89' lang='lat'>,</span> <span class='ocrx_word' id='word_1_227' title='bbox 1054 1562 1102 1598; x_wconf 89' lang='lat' dir='ltr'><em>ut</em></span> <span class='ocrx_word' id='word_1_228' title='bbox 1138 1555 1206 1596; x_wconf 88' lang='lat' dir='ltr'><em>ita</em></span> <span class='ocrx_word' id='word_1_229' title='bbox 1239 1549 1408 1594; x_wconf 85' lang='lat' dir='ltr'><em>dicam:</em></span> <span class='ocrx_word' id='word_1_230' title='bbox 1442 1562 1571 1607; x_wconf 87' lang='lat' dir='ltr'><em>quum</em></span> <span class='ocrx_word' id='word_1_231' title='bbox 1604 1548 1687 1611; x_wconf 82' lang='lat' dir='ltr'><em>(ut</em></span> <span class='ocrx_word' id='word_1_232' title='bbox 1727 1560 1856 1595; x_wconf 88' lang='lat' dir='ltr'><em>antea</em></span> <span class='ocrx_word' id='word_1_233' title='bbox 1890 1549 2077 1614; x_wconf 87' lang='lat' dir='ltr'><em>ostendi)</em></span> <span class='ocrx_word' id='word_1_234' title='bbox 2112 1553 2254 1598; x_wconf 81' lang='lat' dir='ltr'><em>verbis</em></span> <span class='ocrx_word' id='word_1_235' title='bbox 2299 1556 2398 1614; x_wconf 75' lang='lat' dir='ltr'><em>qni-</em></span> 
     </span>
     <span class='ocr_line' id='line_1_22' title="bbox 217 1615 2395 1681; baseline -0.006 -5"><span class='ocrx_word' id='word_1_236' title='bbox 217 1629 392 1676; x_wconf 81' lang='lat' dir='ltr'><em>busdam</em></span> <span class='ocrx_word' id='word_1_237' title='bbox 425 1628 598 1672; x_wconf 85' lang='lat' dir='ltr'><em>Latinis</em></span> <span class='ocrx_word' id='word_1_238' title='bbox 624 1637 717 1668; x_wconf 85' lang='lat' dir='ltr'><em>eam</em></span> <span class='ocrx_word' id='word_1_239' title='bbox 738 1623 808 1667; x_wconf 88' lang='lat' dir='ltr'><em>det</em></span> <span class='ocrx_word' id='word_1_240' title='bbox 822 1619 1172 1681; x_wconf 85' lang='lat' dir='ltr'><em>fignificationem</em></span> <span class='ocrx_word' id='word_1_241' title='bbox 1200 1615 1490 1679; x_wconf 82' lang='lat' dir='ltr'><em>(inusttatam</em></span> <span class='ocrx_word' id='word_1_242' title='bbox 1510 1615 1693 1674; x_wconf 86' lang='lat' dir='ltr'><em>alioqui,</em></span> <span class='ocrx_word' id='word_1_243' title='bbox 1726 1623 1806 1659; x_wconf 87' lang='lat' dir='ltr'><em>aut</em></span> <span class='ocrx_word' id='word_1_244' title='bbox 1829 1625 1939 1660; x_wconf 87' lang='lat' dir='ltr'><em>certe</em></span> <span class='ocrx_word' id='word_1_245' title='bbox 1960 1628 2119 1675; x_wconf 88' lang='lat' dir='ltr'><em>parum</em></span> <span class='ocrx_word' id='word_1_246' title='bbox 2147 1617 2395 1681; x_wconf 81' lang='lat' dir='ltr'><em>usitatam)</em></span> 
     </span>
     <span class='ocr_line' id='line_1_23' title="bbox 217 1678 2397 1757; baseline -0.005 -18"><span class='ocrx_word' id='word_1_247' title='bbox 217 1709 346 1757; x_wconf 84' lang='lat' dir='ltr'><em>quam</em></span> <span class='ocrx_word' id='word_1_248' title='bbox 377 1691 531 1736; x_wconf 88' lang='lat' dir='ltr'><em>habent</em></span> <span class='ocrx_word' id='word_1_249' title='bbox 552 1689 718 1736; x_wconf 86' lang='lat' dir='ltr'><em>Graeca</em></span> <span class='ocrx_word' id='word_1_250' title='bbox 740 1687 888 1746; x_wconf 82' lang='lat' dir='ltr'><em>quibus</em></span> <span class='ocrx_word' id='word_1_251' title='bbox 914 1686 992 1730; x_wconf 81' lang='lat' dir='ltr'><em>illa</em></span> <span class='ocrx_word' id='word_1_252' title='bbox 1020 1684 1066 1726; x_wconf 88' lang='lat' dir='ltr'><em>in</em></span> <span class='ocrx_word' id='word_1_253' title='bbox 1086 1682 1228 1740; x_wconf 87' lang='lat' dir='ltr'><em>prima</em></span> <span class='ocrx_word' id='word_1_254' title='bbox 1253 1678 1307 1730; x_wconf 56' lang='grc' dir='ltr'><em>ἐξ</em></span> <span class='ocrx_word' id='word_1_255' title='bbox 1322 1680 1500 1738; x_wconf 88' lang='lat' dir='ltr'><em>propria</em></span> <span class='ocrx_word' id='word_1_256' title='bbox 1518 1679 1830 1739; x_wconf 86' lang='lat' dir='ltr'><em>fignificatione</em></span> <span class='ocrx_word' id='word_1_257' title='bbox 1852 1680 2080 1739; x_wconf 65' lang='lat' dir='ltr'><em>respondet.</em></span> <span class='ocrx_word' id='word_1_258' title='bbox 2146 1685 2293 1742; x_wconf 85' lang='lat' dir='ltr'><em>Atque</em></span> <span class='ocrx_word' id='word_1_259' title='bbox 2321 1683 2397 1729; x_wconf 82' lang='lat' dir='ltr'><em>hoc</em></span> 
     </span>
     <span class='ocr_line' id='line_1_24' title="bbox 219 1743 2400 1818; baseline -0.002 -20"><span class='ocrx_word' id='word_1_260' title='bbox 219 1759 442 1818; x_wconf 67' lang='lat' dir='ltr'><em>exemplis,</em></span> <span class='ocrx_word' id='word_1_261' title='bbox 479 1769 583 1817; x_wconf 85' lang='lat' dir='ltr'><em>quae</em></span> <span class='ocrx_word' id='word_1_262' title='bbox 604 1761 731 1799; x_wconf 89' lang='lat' dir='ltr'><em>antea</em></span> <span class='ocrx_word' id='word_1_263' title='bbox 760 1751 935 1807; x_wconf 87' lang='lat' dir='ltr'><em>adtuli,</em></span> <span class='ocrx_word' id='word_1_264' title='bbox 981 1748 1139 1794; x_wconf 80' lang='lat' dir='ltr'><em>clarius</em></span> <span class='ocrx_word' id='word_1_265' title='bbox 1152 1746 1250 1804; x_wconf 88' lang='lat' dir='ltr'><em>fiet.</em></span> <span class='ocrx_word' id='word_1_266' title='bbox 1319 1744 1447 1790; x_wconf 88' lang='lat' dir='ltr'><em>Addo</em></span> <span class='ocrx_word' id='word_1_267' title='bbox 1472 1753 1644 1801; x_wconf 86' lang='lat' dir='ltr'><em>autem,</em></span> <span class='ocrx_word' id='word_1_268' title='bbox 1682 1743 1738 1795; x_wconf 50' lang='grc' dir='ltr'><em>ἐξ</em></span> <span class='ocrx_word' id='word_1_269' title='bbox 1767 1744 1976 1803; x_wconf 84' lang='lat' dir='ltr'><em>quaedam</em></span> <span class='ocrx_word' id='word_1_270' title='bbox 2006 1745 2172 1793; x_wconf 86' lang='lat' dir='ltr'><em>Graeca</em></span> <span class='ocrx_word' id='word_1_271' title='bbox 2206 1748 2400 1807; x_wconf 83' lang='lat' dir='ltr'><em>loquendi</em></span> 
     </span>
     <span class='ocr_line' id='line_1_25' title="bbox 213 1808 2398 1891; baseline -0.006 -19"><span class='ocrx_word' id='word_1_272' title='bbox 213 1837 366 1891; x_wconf 84' lang='lat' dir='ltr'><em>genera</em></span> <span class='ocrx_word' id='word_1_273' title='bbox 397 1820 601 1867; x_wconf 86' lang='lat' dir='ltr'><em>imitari:</em></span> <span class='ocrx_word' id='word_1_274' title='bbox 633 1834 684 1864; x_wconf 80' lang='lat' dir='ltr'><em>ex</em></span> <span class='ocrx_word' id='word_1_275' title='bbox 712 1816 860 1878; x_wconf 87' lang='lat' dir='ltr'><em>quibus</em></span> <span class='ocrx_word' id='word_1_276' title='bbox 889 1828 1019 1859; x_wconf 88' lang='lat' dir='ltr'><em>unum</em></span> <span class='ocrx_word' id='word_1_277' title='bbox 1040 1812 1179 1857; x_wconf 84' lang='lat' dir='ltr'><em>hocin</em></span> <span class='ocrx_word' id='word_1_278' title='bbox 1210 1813 1292 1856; x_wconf 89' lang='lat' dir='ltr'><em>loco</em></span> <span class='ocrx_word' id='word_1_279' title='bbox 1325 1808 1525 1855; x_wconf 86' lang='lat' dir='ltr'><em>habemus</em></span> <span class='ocrx_word' id='word_1_280' title='bbox 1552 1842 1567 1867; x_wconf 93' lang='lat'>‚</span> <span class='ocrx_word' id='word_1_281' title='bbox 1612 1809 1684 1869; x_wconf 84' lang='lat' dir='ltr'><em>qui</em></span> <span class='ocrx_word' id='word_1_282' title='bbox 1715 1809 1876 1855; x_wconf 85' lang='lat' dir='ltr'><em>claudit</em></span> <span class='ocrx_word' id='word_1_283' title='bbox 1906 1809 2115 1871; x_wconf 87' lang='lat' dir='ltr'><em>epistolam</em></span> <span class='ocrx_word' id='word_1_284' title='bbox 2151 1813 2398 1874; x_wconf 81' lang='lat' dir='ltr'><em>vigestmam</em></span> 
     </span>
     <span class='ocr_line' id='line_1_26' title="bbox 210 1874 2401 1951; baseline -0.001 -23"><span class='ocrx_word' id='word_1_285' title='bbox 210 1891 383 1951; x_wconf 72' lang='lat' dir='ltr'><em>ftxtam</em></span> <span class='ocrx_word' id='word_1_286' title='bbox 407 1888 503 1934; x_wconf 72' lang='lat' dir='ltr'><em>libri</em></span> <span class='ocrx_word' id='word_1_287' title='bbox 514 1885 702 1946; x_wconf 83' lang='lat' dir='ltr'><em>septimi.</em></span> <span class='ocrx_word' id='word_1_288' title='bbox 768 1881 943 1942; x_wconf 72' lang='lat' dir='ltr'><em>Pofflim</em></span> <span class='ocrx_word' id='word_1_289' title='bbox 970 1893 1063 1940; x_wconf 81' lang='lat' dir='ltr'><em>ergo</em></span> <span class='ocrx_word' id='word_1_290' title='bbox 1081 1909 1097 1935; x_wconf 86' lang='lat'>‚</span> <span class='ocrx_word' id='word_1_291' title='bbox 1131 1876 1241 1937; x_wconf 88' lang='lat' dir='ltr'><em>quod</em></span> <span class='ocrx_word' id='word_1_292' title='bbox 1261 1875 1456 1935; x_wconf 84' lang='lat' dir='ltr'><em>pluribus</em></span> <span class='ocrx_word' id='word_1_293' title='bbox 1493 1874 1636 1920; x_wconf 83' lang='lat' dir='ltr'><em>verbis</em></span> <span class='ocrx_word' id='word_1_294' title='bbox 1663 1912 1676 1933; x_wconf 86' lang='lat'>,</span> <span class='ocrx_word' id='word_1_295' title='bbox 1718 1875 1914 1937; x_wconf 85' lang='lat' dir='ltr'><em>pluribus</em></span> <span class='ocrx_word' id='word_1_296' title='bbox 1942 1878 2072 1922; x_wconf 86' lang='lat' dir='ltr'><em>etiam</em></span> <span class='ocrx_word' id='word_1_297' title='bbox 2115 1879 2401 1926; x_wconf 82' lang='lat' dir='ltr'><em>voluminibus</em></span> 
     </span>
     <span class='ocr_line' id='line_1_27' title="bbox 222 1940 2399 2016; baseline -0.004 -19"><span class='ocrx_word' id='word_1_298' title='bbox 222 1953 465 2016; x_wconf 73' lang='lat' dir='ltr'><em>Philosophi</em></span> <span class='ocrx_word' id='word_1_299' title='bbox 488 1950 626 1998; x_wconf 83' lang='lat' dir='ltr'><em>docere</em></span> <span class='ocrx_word' id='word_1_300' title='bbox 647 1956 875 2005; x_wconf 80' lang='lat' dir='ltr'><em>conantur,</em></span> <span class='ocrx_word' id='word_1_301' title='bbox 910 1946 993 2005; x_wconf 68' lang='lat' dir='ltr'><em>ipfi’</em></span> <span class='ocrx_word' id='word_1_302' title='bbox 1022 1944 1211 1989; x_wconf 85' lang='lat' dir='ltr'><em>breviter</em></span> <span class='ocrx_word' id='word_1_303' title='bbox 1235 1941 1316 1987; x_wconf 86' lang='lat' dir='ltr'><em>tibi</em></span> <span class='ocrx_word' id='word_1_304' title='bbox 1349 1940 1533 2002; x_wconf 85' lang='lat' dir='ltr'><em>mihique</em></span> <span class='ocrx_word' id='word_1_305' title='bbox 1548 1941 1815 2000; x_wconf 78' lang='lat' dir='ltr'><em>praecipere,</em></span> <span class='ocrx_word' id='word_1_306' title='bbox 1851 1950 1902 1986; x_wconf 91' lang='lat' dir='ltr'><em>ut</em></span> <span class='ocrx_word' id='word_1_307' title='bbox 1932 1943 2041 1988; x_wconf 89' lang='lat' dir='ltr'><em>tales</em></span> <span class='ocrx_word' id='word_1_308' title='bbox 2074 1943 2152 2002; x_wconf 86' lang='lat' dir='ltr'><em>effe</em></span> <span class='ocrx_word' id='word_1_309' title='bbox 2170 1942 2274 2004; x_wconf 75' lang='lat' dir='ltr'><em>sani</em></span> <span class='ocrx_word' id='word_1_310' title='bbox 2295 1956 2399 2003; x_wconf 88' lang='lat' dir='ltr'><em>per-</em></span> 
     </span>
     <span class='ocr_line' id='line_1_28' title="bbox 213 2006 2398 2084; baseline -0.005 -17"><span class='ocrx_word' id='word_1_311' title='bbox 213 2020 481 2084; x_wconf 76' lang='lat' dir='ltr'><em>severemus,</em></span> <span class='ocrx_word' id='word_1_312' title='bbox 517 2017 658 2078; x_wconf 89' lang='lat' dir='ltr'><em>quales</em></span> <span class='ocrx_word' id='word_1_313' title='bbox 688 2028 758 2061; x_wconf 86' lang='lat' dir='ltr'><em>nos</em></span> <span class='ocrx_word' id='word_1_314' title='bbox 776 2012 958 2074; x_wconf 85' lang='lat' dir='ltr'><em>futuros</em></span> <span class='ocrx_word' id='word_1_315' title='bbox 977 2009 1235 2072; x_wconf 87' lang='lat' dir='ltr'><em>profitentur</em></span> <span class='ocrx_word' id='word_1_316' title='bbox 1265 2006 1441 2066; x_wconf 87' lang='lat' dir='ltr'><em>infirmi.</em></span> <span class='ocrx_word' id='word_1_317' title='bbox 1512 2008 1666 2067; x_wconf 85' lang='lat' dir='ltr'><em>Neque</em></span> <span class='ocrx_word' id='word_1_318' title='bbox 1697 2009 1810 2052; x_wconf 85' lang='lat' dir='ltr'><em>enim</em></span> <span class='ocrx_word' id='word_1_319' title='bbox 1845 2007 1992 2066; x_wconf 86' lang='lat' dir='ltr'><em>illud,</em></span> <span class='ocrx_word' id='word_1_320' title='bbox 2045 2008 2114 2055; x_wconf 84' lang='lat' dir='ltr'><em>Ut</em></span> <span class='ocrx_word' id='word_1_321' title='bbox 2149 2009 2264 2056; x_wconf 81' lang='lat' dir='ltr'><em>tales</em></span> <span class='ocrx_word' id='word_1_322' title='bbox 2306 2009 2398 2057; x_wconf 83' lang='lat' dir='ltr'><em>esse</em></span> 
     </span>
     <span class='ocr_line' id='line_1_29' title="bbox 225 2071 2404 2147; baseline -0.007 -16"><span class='ocrx_word' id='word_1_323' title='bbox 225 2086 318 2135; x_wconf 89' lang='lat' dir='ltr'><em>sani</em></span> <span class='ocrx_word' id='word_1_324' title='bbox 347 2083 693 2147; x_wconf 76' lang='lat' dir='ltr'><em>perseveremus</em></span> <span class='ocrx_word' id='word_1_325' title='bbox 719 2117 732 2138; x_wconf 91' lang='lat'>,</span> <span class='ocrx_word' id='word_1_326' title='bbox 777 2081 901 2126; x_wconf 88' lang='lat' dir='ltr'><em>aliud</em></span> <span class='ocrx_word' id='word_1_327' title='bbox 916 2077 1069 2137; x_wconf 68' lang='lat' dir='ltr'><em>sonare</em></span> <span class='ocrx_word' id='word_1_328' title='bbox 1099 2083 1200 2136; x_wconf 87' lang='lat' dir='ltr'><em>puto</em></span> <span class='ocrx_word' id='word_1_329' title='bbox 1229 2086 1356 2134; x_wconf 88' lang='lat' dir='ltr'><em>quam</em></span> <span class='ocrx_word' id='word_1_330' title='bbox 1392 2071 1503 2134; x_wconf 89' lang='lat' dir='ltr'><em>quod</em></span> <span class='ocrx_word' id='word_1_331' title='bbox 1533 2072 1687 2118; x_wconf 88' lang='lat' dir='ltr'><em>Graeci</em></span> <span class='ocrx_word' id='word_1_332' title='bbox 1716 2072 1900 2119; x_wconf 87' lang='lat' dir='ltr'><em>dicerent</em></span> <span class='ocrx_word' id='word_1_333' title='bbox 1935 2071 1997 2115; x_wconf 65' lang='grc' dir='ltr'><em>ἵνα</em></span> <span class='ocrx_word' id='word_1_334' title='bbox 2021 2071 2268 2123; x_wconf 70' lang='grc' dir='ltr'><em>ὑγιαίνοντες</em></span> <span class='ocrx_word' id='word_1_335' title='bbox 2290 2072 2404 2136; x_wconf 75' lang='lat' dir='ltr'><em>(vel</em></span> 
     </span>
     <span class='ocr_line' id='line_1_30' title="bbox 222 2135 2397 2201; baseline -0.003 -11"><span class='ocrx_word' id='word_1_336' title='bbox 222 2150 265 2191; x_wconf 81' lang='grc' dir='ltr'><em>ἐν</em></span> <span class='ocrx_word' id='word_1_337' title='bbox 289 2151 346 2200; x_wconf 75' lang='grc' dir='ltr'><em>τῷ·</em></span> <span class='ocrx_word' id='word_1_338' title='bbox 363 2146 581 2201; x_wconf 68' lang='grc' dir='ltr'><em>ὑγιαίνων)</em></span> <span class='ocrx_word' id='word_1_339' title='bbox 610 2147 758 2188; x_wconf 72' lang='grc' dir='ltr'><em>τοιὲτοι</em></span> <span class='ocrx_word' id='word_1_340' title='bbox 779 2144 1020 2194; x_wconf 61' lang='grc' dir='ltr'><em>διατελοῖμεν</em></span> <span class='ocrx_word' id='word_1_341' title='bbox 1036 2140 1157 2186; x_wconf 74' lang='grc' dir='ltr'><em>ὄντες.</em></span> <span class='ocrx_word' id='word_1_342' title='bbox 1227 2138 1313 2185; x_wconf 89' lang='lat' dir='ltr'><em>Sed</em></span> <span class='ocrx_word' id='word_1_343' title='bbox 1340 2137 1410 2183; x_wconf 77' lang='lat' dir='ltr'><em>hic</em></span> <span class='ocrx_word' id='word_1_344' title='bbox 1429 2139 1510 2185; x_wconf 85' lang='lat' dir='ltr'><em>tibi</em></span> <span class='ocrx_word' id='word_1_345' title='bbox 1532 2137 1768 2185; x_wconf 77' lang='lat' dir='ltr'><em>valedicam</em></span> <span class='ocrx_word' id='word_1_346' title='bbox 1789 2138 1916 2183; x_wconf 67' lang='lat' dir='ltr'><em>lebtor</em></span> <span class='ocrx_word' id='word_1_347' title='bbox 1939 2173 1952 2193; x_wconf 91' lang='lat'>,</span> <span class='ocrx_word' id='word_1_348' title='bbox 1999 2135 2053 2186; x_wconf 55' lang='grc' dir='ltr'><em>ἐξ</em></span> <span class='ocrx_word' id='word_1_349' title='bbox 2083 2143 2126 2182; x_wconf 89' lang='lat' dir='ltr'><em>te</em></span> <span class='ocrx_word' id='word_1_350' title='bbox 2148 2168 2164 2193; x_wconf 84' lang='lat'>‚</span> <span class='ocrx_word' id='word_1_351' title='bbox 2213 2138 2283 2183; x_wconf 89' lang='lat' dir='ltr'><em>illo</em></span> <span class='ocrx_word' id='word_1_352' title='bbox 2311 2139 2397 2200; x_wconf 67' lang='lat' dir='ltr'><em>ipfi»</em></span> 
     </span>
     <span class='ocr_line' id='line_1_31' title="bbox 227 2200 2399 2320; baseline -0.004 -64"><span class='ocrx_word' id='word_1_353' title='bbox 227 2213 386 2320; x_wconf 48' lang='lat' dir='ltr'><em>§raeco</em></span> <span class='ocrx_word' id='word_1_354' title='bbox 416 2228 562 2277; x_wconf 79' lang='lat' dir='ltr'><em>genere</em></span> <span class='ocrx_word' id='word_1_355' title='bbox 593 2211 784 2276; x_wconf 83' lang='lat' dir='ltr'><em>loquendi</em></span> <span class='ocrx_word' id='word_1_356' title='bbox 823 2219 945 2258; x_wconf 85' lang='lat' dir='ltr'><em>utens</em></span> <span class='ocrx_word' id='word_1_357' title='bbox 976 2246 990 2270; x_wconf 85' lang='lat'>‚</span> <span class='ocrx_word' id='word_1_358' title='bbox 1045 2204 1194 2270; x_wconf 84' lang='lat' dir='ltr'><em>rogabo</em></span> <span class='ocrx_word' id='word_1_359' title='bbox 1233 2213 1282 2251; x_wconf 82' lang='lat' dir='ltr'><em>ut</em></span> <span class='ocrx_word' id='word_1_360' title='bbox 1323 2204 1432 2251; x_wconf 88' lang='lat' dir='ltr'><em>velis</em></span> <span class='ocrx_word' id='word_1_361' title='bbox 1467 2217 1546 2267; x_wconf 86' lang='lat' dir='ltr'><em>pro</em></span> <span class='ocrx_word' id='word_1_362' title='bbox 1581 2203 1692 2251; x_wconf 79' lang='lat' dir='ltr'><em>hisce</em></span> <span class='ocrx_word' id='word_1_363' title='bbox 1727 2205 1829 2252; x_wconf 86' lang='lat' dir='ltr'><em>meis</em></span> <span class='ocrx_word' id='word_1_364' title='bbox 1860 2200 2073 2250; x_wconf 84' lang='lat' dir='ltr'><em>laboribus</em></span> <span class='ocrx_word' id='word_1_365' title='bbox 2105 2200 2178 2255; x_wconf 74' lang='grc' dir='ltr'><em>μοὶ</em></span> <span class='ocrx_word' id='word_1_366' title='bbox 2204 2202 2319 2252; x_wconf 82' lang='grc' dir='ltr'><em>Φίλος</em></span> <span class='ocrx_word' id='word_1_367' title='bbox 2347 2200 2399 2248; x_wconf 70' lang='grc' dir='ltr'><em>ῶν</em></span> 
     </span>
    </p>

    <p class='ocr_par' dir='ltr' id='par_1_6' title="bbox 253 2283 435 2322">
     <span class='ocr_line' id='line_1_32' title="bbox 253 2283 435 2322; baseline 0.005 -4"><span class='ocrx_word' id='word_1_368' title='bbox 253 2283 435 2322; x_wconf 74' lang='grc' dir='ltr'><em>ιατελεῖν.</em></span> 
     </span>
    </p>
   </div>
   <div class='ocr_carea' id='block_1_5' title="bbox 2270 3115 2403 3165">
    <p class='ocr_par' dir='ltr' id='par_1_7' title="bbox 2270 3115 2403 3165">
     <span class='ocr_line' id='line_1_33' title="bbox 2270 3115 2403 3165; baseline 0.008 -1"><span class='ocrx_word' id='word_1_369' title='bbox 2270 3115 2403 3165; x_wconf 82' lang='lat' dir='ltr'><em>FA-</em></span> 
     </span>
    </p>
   </div>
  </div>
 </body>
</html>
