2616 3686
556 206 1859 266 LIBER1.EPISTOLAV11·1.
2207 242 2260 289 μ

183 296 497 362 Praesertim
527 310 652 349 cum
677 291 994 348 enitendum
1024 288 1342 345 haberemus
1361 328 1376 354 ,
1417 306 1474 346 ut
1501 293 1652 366 quod
1681 303 1691 322 ²
1723 297 2030 364 parentibus
2060 302 2076 321 ²
2108 303 2274 358 daba-

186 392 296 436 tur,
338 370 392 426 &
436 368 579 423 orbis
624 366 944 439 probaretur
992 403 1007 427 ‚
1057 364 1749 436 honoremquepaucorum
1777 372 1973 423 caeteri
2004 375 2269 441 patienter

131 443 134 446 ⁴
182 458 207 488 ff
237 446 292 502 &
331 441 696 515 exspectarent
735 439 787 492 &
826 454 853 480 ⁴·
878 449 1233 492 mererentur.
1309 437 1417 491 Sed
1456 453 1513 492 ut
1542 451 1672 493 tunc
1700 442 2076 498 communibus
2100 450 2266 518 magis
2326 468 2379 516 13

181 516 485 573 commodis
522 529 681 585 quam
715 511 950 582 privatae
980 508 1260 580 jafiantiae
1298 509 1636 566 studebamus
1659 550 1674 574 ,
1741 529 1867 567 curn
1911 516 2269 574 intentionem

182 604 204 632 ⁵¹
235 587 594 656 effeRumque
631 584 863 638 muneris
899 583 1063 638 nostri
1100 583 1358 637 vellemus
1394 585 1652 655 intelligi:
1704 585 1775 639 ita
1814 590 2038 642 nuncin
2061 591 2268 646 ratione

181 662 380 718 edendi
405 675 684 720 veremur,
720 673 789 714 ne
812 655 954 711 forte
979 674 1088 711 non
1112 655 1337 710 aliorum
1363 658 1705 720 utilitatihuS,
1745 657 1834 713 sed
1863 664 2107 731 propriae
2123 664 2267 719 Jaudi

183 732 387 794 serviffe
412 729 709 788 videamur.
788 729 1074 786 Praeterea
1100 729 1442 785 meminimus
1467 737 1484 761 ⁶
1508 745 1713 803 quanto
1740 731 1937 803 majore
1963 737 2143 790 animo
2168 737 2266 790 ho-
2323 741 2390 790 14.

2055 809 2269 866 nestatis

182 945 233 986 ria
258 942 376 982 induci
404 943 618 983 dicebantur
640 942 651 989 J
689 943 728 982 &
755 942 857 993 supra
886 942 1061 982 ludorum
1085 950 1194 994 atque
1218 952 1470 990 (mererentur,
1498 943 1698 992 quomodo
1726 945 1892 983 Riccard.
1920 945 2090 995 Bongars.
2110 947 2148 984 &
2173 948 2268 986 Lin-

179 994 422 1046 gladiatorum
453 997 685 1034 meminerat.
738 995 797 1032 Sic
825 994 974 1033 Tullius
1010 1006 1075 1042 pro
1099 995 1196 1033 Sext.
1240 994 1365 1032 denbr.
1385 995 1496 1042 idque
1517 996 1628 1044 longe
1650 997 1769 1045 aptius
1790 996 1861 1040 est,
1890 996 2268 1047 lirec'leintelligatur.

181 1057 264 1094 cap.
285 1046 427 1085 LXlV.
442 1052 564 1084 Tenere
575 1052 613 1094 Je
632 1058 700 1082 non
715 1046 830 1095 potuit
852 1074 863 1090 ,
891 1046 976 1095 quin
987 1044 1045 1082 hos
1059 1046 1194 1093 gladia·
1242 1043 1347 1083 Voss.
1380 1045 1582 1084 Helinstad.
1611 1046 1648 1083 ὅ(
1675 1049 1837 1085 Arnzen.
1866 1049 2100 1097 exspeffarent
2121 1062 2162 1087 v
2180 1051 2269 1086 inci-

179 1105 265 1135 tores
281 1097 498 1144 induceret,
526 1110 673 1148 quorum
690 1096 762 1146 effer
779 1097 844 1145 ipse
855 1096 1120 1146 pulcherrimus.
1138 1097 1198 1134 ubi
1239 1106 1414 1133 tarentur.
1445 1097 1526 1134 Nos
1554 1108 1662 1134 verae
1682 1125 1692 1141 ,
1731 1100 1768 1135 ὃς
1800 1099 1871 1135 iam
1904 1099 2060 1147 antiquis
2092 1100 2269 1148 impressis

178 1146 281 1196 plura
310 1149 453 1186 notavit
483 1149 680 1186 Abramius
703 1161 712 1185 ε
748 1147 842 1185 adde
865 1147 1040 1186 Nostrum
1059 1148 1196 1197 Paneg.
1241 1147 1416 1195 probatae
1436 1147 1590 1185 lefrioni
1610 1150 1821 1196 particulam
1857 1161 1899 1189 (9⁶
1925 1149 2152 1194 adiecimus,
2179 1153 2267 1199 quia

180 1209 260 1247 cap.
295 1199 474 1239 XXXIV.
527 1200 646 1238 Aliter
674 1198 702 1236 fi
730 1199 848 1246 capias
867 1226 877 1243 ,
915 1210 992 1236 non
1034 1197 1197 1242 videbis,
1237 1198 1287 1235 ita
1319 1196 1543 1236 exhibebant
1569 1199 1766 1237 Mediceae
1795 1200 2055 1238 membranae:
2086 1202 2186 1239 ceteri
2203 1211 2268 1249 pa-

179 1250 379 1298 quomodo
415 1263 544 1288 munus
561 1257 624 1288 aut
644 1257 797 1287 ornetur
818 1277 828 1293 ‚
853 1257 915 1287 aut
940 1249 1098 1287 illinatur
1110 1250 1198 1297 sua·
1237 1248 1363 1286 tienter
1389 1260 1435 1288 ω’
1458 1249 1714 1299 exspeifiarmt,
1741 1262 1785 1290 ω’
1811 1261 2034 1288 mererentur.
2071 1252 2131 1289 De
2159 1253 2285 1298 orbi52,

181 1301 297 1338 vitate
315 1300 514 1340 verborum.
532 1301 614 1340 MS.
636 1298 741 1339 Voss‘.
766 1300 926 1339 comitate
938 1299 1100 1339 orationis
1111 1300 1198 1339 inde
1237 1299 1299 1337 seu
1326 1298 1491 1343 ἀτέκνοις
1517 1301 1701 1351 loquitur:
1731 1314 1893 1351 quorum
1923 1314 2009 1339 cum
2032 1302 2107 1339 duo
2123 1303 2190 1340 fint
2201 1316 2269 1351 ge-

184 1350 335 1393 aducere.
372 1353 530 1391 Coun.
1239 1362 1351 1395 nera,
1380 1351 1418 1388 ὃ(
1445 1352 1509 1401 qui
1532 1352 1568 1390 in
1599 1352 1782 1400 posterum
1812 1354 1944 1390 liberos
1971 1353 2110 1400 sperare
2130 1366 2172 1392 ac
2200 1355 2272 1393 sus.

237 1413 254 1441 1
283 1403 486 1441 Parentibus
502 1402 612 1454 dab.]
641 1400 759 1451 Quod
776 1403 814 1440 in
839 1401 989 1441 laudem
1015 1402 1199 1451 majorum
1243 1401 1363 1447 cipere
1391 1429 1401 1446 ,
1439 1404 1478 1439 &
1513 1403 1577 1450 qui
1604 1406 1658 1440 ius
1686 1404 1885 1441 liberorum
1915 1403 2140 1452 indulgentia
2167 1406 2267 1452 prin-

180 1461 353 1491 meorum
368 1454 595 1493 differtabam
611 1482 621 1498 ‚
647 1453 806 1492 &nobis
822 1463 1113 1502 praepararetur,
1137 1455 1199 1503 qui
1239 1450 1329 1500 cipis
1355 1452 1523 1489 obtinere
1547 1451 1725 1500 possunt,
1747 1454 1792 1491 ad
1819 1465 1885 1490 eos
1912 1465 2088 1502 perquam
2118 1455 2266 1503 elegan-

182 1513 326 1541 eramus
342 1505 388 1543 ad
410 1505 572 1552 posteros
591 1505 746 1552 gloriam
770 1515 814 1542 ex
835 1506 908 1542 hoc
930 1515 1084 1540 munere
1111 1515 1199 1540 con·
1240 1509 1294 1538 ter
1342 1502 1496 1538 verbum
1535 1503 1726 1549 exspeaare
1747 1530 1758 1546 ‚
1793 1504 1838 1540 ad
1874 1505 1943 1540 hos
1977 1505 2100 1540 mereri
2133 1506 2266 1543 retulit.

178 1551 349 1592 (ecuturi.
398 1556 441 1592 In
463 1556 530 1593 alia
554 1555 716 1592 lec‘iione
737 1555 787 1590 est
808 1581 819 1597 ‚
846 1554 1001 1589 dabatur
1023 1552 1131 1587 eriam
1151 1566 1201 1589 or·
1243 1552 1318 1599 Qui
1346 1552 1504 1588 Plinium
1531 1552 1660 1589 didicit
1695 1579 1705 1596 ‚
1733 1554 1770 1590 in
1798 1554 2071 1601 hisingenium
2111 1557 2188 1592 eius
2225 1568 2265 1592 a-

183 1599 236 1638 bis
250 1603 464 1650 probamur·
484 1612 524 1641 ut
544 1603 785 1649 intelligatur,
808 1605 888 1639 hoc
914 1613 1048 1638 munus
1076 1613 1201 1650 paren-
1240 1600 1414 1648 gnoscet‚
1450 1613 1527 1650 quo
1556 1602 1622 1640 alia
1657 1602 1769 1641 lcstio
1807 1604 1855 1641 est
1890 1604 2144 1652 indignissima.
2176 1604 2267 1645 luris

182 1651 279 1689 tibus
297 1652 461 1690 oblatum
479 1680 489 1695 ‚
519 1653 663 1690 &ideo
682 1653 725 1687 ab
754 1651 820 1689 illis
850 1651 1080 1699 probandum
1110 1651 1203 1691 effe:
1240 1652 1351 1688 trium
1389 1651 1586 1689 liberorum
1625 1664 1644 1688 a
1682 1655 1846 1701 principe
1875 1653 2058 1701 impetrati
2089 1657 2262 1704 frequens

184 1701 229 1738 ab
258 1703 310 1740 his
341 1702 643 1752 expectandum,
682 1701 806 1738 donec
841 1701 936 1740 filios
975 1701 1202 1750 susciperent.
1238 1701 1333 1748 apud
1380 1700 1556 1738 Nostrum
1601 1703 1757 1740 mentio.
1810 1703 1907 1741 Vide
1952 1705 2032 1742 Lib.
2069 1705 2115 1743 ΙΙ.
2153 1707 2263 1753 Epist.

185 1751 344 1792 Cum,
1240 1750 1342 1789 XIlI.
1377 1762 1413 1788 n.
1451 1751 1486 1792 8.
1526 1751 1609 1790 Lib.
1642 1752 1732 1792 VII.
1768 1754 1878 1804 Epist.
1905 1754 2011 1793 XVI.
2038 1768 2075 1795 n.
2105 1766 2140 1794 2.
2167 1757 2264 1797 alibi.

234 1815 257 1841 2
285 1803 478 1848 Dabatur,
504 1803 609 1842 etiam
637 1801 729 1840 nobis
742 1799 992 1852 probantem]
1023 1806 1201 1843 Datur&
1240 1802 1341 1839 Coa
1364 1814 1437 1839 τί-ζ.

185 1854 273 1891 orbis
296 1855 510 1904 probaretur.
541 1854 745 1892 ssoxnoim.
775 1859 820 1890 Et
831 1852 917 1890 erbis
938 1851 1054 1891 scribit
1077 1854 1193 1893 Medi·
1289 1865 1306 1899 ς
1337 1852 1608 1904 Effi’blumque-]
1635 1855 1760 1902 Jacob.
1782 1855 2051 1901 Bononiensis,
2078 1856 2164 1895 Ioco
2185 1857 2262 1896 sae·

183 1913 293 1948 ceus,
323 1904 525 1943 Helmstad.
546 1904 878 1952 &Bongarfianus;
908 1903 1062 1941 alterum
1074 1913 1197 1943 autern
1236 1903 1316 1951 pius
1334 1903 1520 1948 indicato,
1546 1905 1801 1954 legereiubet:
1830 1908 2259 1946 intentionemaffetstum-

186 1964 230 1992 v·
254 1954 349 1992 nobis
380 1954 521 1993 nullum
546 1954 684 1992 sensum
713 1954 820 1992 habet
837 1981 847 1998 ‚
879 1960 1042 1992 Parentes
1070 1956 1107 1992 &
1127 1956 1200 1993 orbi
1234 1965 1306 2002 que
1330 1956 1482 1992 muneris
1502 1956 1605 2001 nostri
1627 1986 1637 2002 ‚
1664 1957 1776 2008 idque
1798 1959 2017 2007 adprobavit
2040 1960 2092 1996 vir
2114 1957 2259 1997 doetus.

182 2014 444 2052 opponuntur,
471 2012 580 2054 atque
605 2006 639 2041 hi
656 2004 804 2052 quidem
826 2005 907 2043 sunt
926 2005 964 2043 ὅ(
989 2006 1052 2054 qui
1069 2006 1201 2045 liberos
1234 2003 1395 2043 Codices
1415 2006 1526 2045 nostri
1548 2019 1625 2045 uno
1646 2019 1710 2047 ore
1733 2009 2105 2059 effeeiumque3.quod
2127 2013 2258 2057 genui-

184 2054 403 2099 amiserunt,
431 2059 469 2093 &
490 2056 552 2104 qui
571 2055 690 2093 nullos
706 2056 854 2094 habent.
907 2057 964 2094 Sic
986 2057 1197 2107 frequenter
1233 2067 1322 2092 ilum
1350 2056 1534 2095 existimo.
1586 2059 1663 2103 Qui
1691 2060 1903 2098 diffentiunt
1926 2089 1935 2104 ‚
1966 2073 2079 2109 quam
2104 2062 2256 2109 pulchre

182 2105 279 2152 apud
293 2105 711 2151 Senecam,Tacitum‚
739 2107 920 2152 Plinium,
957 2106 1046 2144 alios
1068 2109 1197 2146 orbitas
1232 2108 1371 2155 affecius
1396 2108 1550 2145 muneris
1581 2109 1617 2146 in
1646 2110 1718 2149 hoc
1748 2123 1848 2148 nexu
1879 2111 2021 2148 dicatur
2044 2140 2053 2154 ‚
2081 2112 2257 2152 viderint.

182 2155 552 2204 &orbitatispraemia
568 2168 637 2201 ,eo
653 2157 772 2201 sensu;
788 2169 909 2207 neque
927 2158 1110 2207 aliteripse
1132 2160 1193 2197 Se·
1231 2158 1418 2196 Praecedit
1436 2159 1509 2196 iam
1533 2160 1680 2198 intentio
1702 2190 1712 2206 ,
1744 2163 1847 2210 quod
1874 2163 2051 2209 adftfssum
2076 2163 2257 2205 declarat,

180 2207 322 2245 cundus
343 2208 434 2246 infra
457 2208 539 2246 Lib.
557 2208 625 2245 IV.
646 2208 754 2258 Episs.
777 2210 861 2247 XV.
881 2222 914 2247 n.
939 2220 972 2258 3.
993 2209 1030 2247 &
1064 2210 1112 2248 sic
1141 2225 1191 2247 or·
1233 2209 1270 2245 &
1295 2208 1342 2246 sic
1359 2210 1504 2247 intentio
1525 2211 1722 2262 efficiasque
1751 2214 1989 2262 coniungitur
2009 2239 2019 2255 ‚
2050 2222 2090 2250 ut
2117 2213 2256 2260 afficias

177 2255 524 2304 bitaremozvrmiau,
551 2259 662 2297 orbos
681 2261 854 2302 ἀτέκνους
873 2259 1020 2298 Gloffae
1041 2270 1191 2300 vocant,
1231 2259 1429 2308 efficiasque
1454 2263 1550 2307 apud
1577 2263 1702 2300 Sidon.
1726 2263 1808 2300 Lib.
1841 2264 1909 2301 111.
1936 2262 2045 2310 Epist.
2079 2263 2142 2300 ult.
2169 2263 2257 2300 Lib.

175 2307 276 2347 Cum
298 2318 420 2349 autem
441 2311 627 2349 honorem
646 2311 800 2349 aliorum
823 2339 832 2356 ‚
860 2323 937 2360 quo
956 2312 1019 2360 ipii
1045 2321 1190 2356 carent,
1238 2310 1321 2352 Vll,
1345 2310 1451 2358 Epist.
1475 2311 1502 2348 l.
1521 2312 1602 2349 Lib.
1628 2313 1690 2349 1X.
1716 2313 1823 2360 Epist.
1847 2313 1894 2349 11.
1917 2315 1954 2350 &
1985 2312 2082 2348 alibi.
2135 2313 2256 2350 Cum-

175 2368 253 2396 non
284 2361 362 2399 satis
390 2373 512 2410 aequo
542 2361 670 2398 animo
696 2361 875 2409 adspicere
907 2361 1044 2400 soleant
1064 2364 1185 2401 homi-
1232 2371 1305 2408 que
1324 2362 1494 2398 commodi
1509 2362 1665 2399 aliorum
1691 2362 1938 2405 meminisset,
1963 2373 2039 2399 non
2062 2370 2134 2399 tam
2159 2376 2270 2410 opus*

174 2419 239 2447 nes
258 2437 269 2453 ,
297 2412 334 2448 ὅ(
353 2412 414 2450 hic
431 2413 476 2448 de
494 2411 705 2449 commodis
727 2424 882 2456 eorum,
909 2413 973 2460 qui
999 2413 1187 2450 educatio-
1231 2419 1307 2447 erat
1332 2437 1343 2452 ,
1390 2419 1429 2447 ut
1459 2412 1636 2454 adfetffum
1665 2414 1826 2449 muneris
1854 2413 1925 2454 sui,
1963 2423 2074 2460 quam
2096 2412 2251 2460 effec'lum

172 2459 228 2495 nis
252 2473 363 2499 onera
384 2463 420 2499 in
441 2462 473 2498 se
492 2461 665 2509 suscipere
687 2462 884 2499 voluerunt
899 2489 908 2504 ,
938 2462 1054 2499 Plinio
1075 2473 1186 2509 agen·
1230 2459 1380 2507 intelligi
1406 2460 1599 2498 laboraret.
1651 2461 1719 2498 His
1750 2462 1795 2499 de
1824 2463 1947 2501 caussis
1966 2463 2119 2511 effebium
2142 2466 2254 2502 mini-

172 2508 262 2546 dum
282 2512 409 2548 fuerit:
437 2512 875 2558 curareprofee’todebuit
893 2539 903 2552 .
931 2520 969 2548 ut
982 2512 1185 2549 institutum
1230 2520 1290 2546 me
1311 2509 1493 2546 sollicitari
1514 2511 1773 2558 permittimus.
1828 2513 1907 2551 MS.
1936 2513 2136 2555 Helmstad.
2159 2515 2271 2552 vole--

169 2558 275 2597 suum
302 2564 412 2599 eriam
432 2561 495 2598 illis
513 2561 726 2610 probaretur
748 2589 758 2606 ‚
785 2565 847 2610 qui
869 2561 1035 2599 beneficii
1057 2574 1182 2610 paren·
1229 2560 1350 2595 bamus
1369 2560 1534 2608 intelligi,
1563 2561 1642 2599 alibi
1661 2563 1874 2600 audiendus.
1927 2564 2110 2611 Corrupte
2135 2567 2248 2603 etiam

171 2610 265 2648 tibus
285 2611 358 2649 dati
374 2619 463 2648 tunc
483 2611 635 2659 quidem
655 2612 814 2650 exsortes
833 2621 946 2650 erant.
1000 2613 1183 2661 Corrupte
1230 2611 1389 2647 Arnzcn-
1413 2611 1600 2648 intentione
1618 2612 1808 2664 effieffluque·
1840 2615 1878 2652 δι
1904 2615 2069 2654 Vosfian.
2098 2615 2266 2654 aliorum>

167 2659 293 2711 itaque
322 2661 523 2700 Hcimstad.
551 2672 595 2701 (9‘
617 2662 703 2699 orbis
720 2672 886 2711 properem
922 2662 1118 2700 Lindenbr.
1147 2664 1184 2701 ὅ(
1230 2661 1383 2697 utilitati
1422 2662 1530 2699 COR
1550 2675 1620 2700 TE.

168 2710 330 2750 Arnzen.
371 2722 574 2761 properetur.
631 2713 809 2751 Ceterum
841 2714 947 2751 MSS.
983 2714 1093 2751 nostri
1147 2716 1206 2754 δε,
1279 2714 1301 2747 6
1329 2716 1476 2760 <Quanto
1503 2714 1631 2761 maiore
1658 2713 1817 2763 anima]
1864 2714 1943 2752 Effe
1969 2715 2148 2755 indicium
2183 2729 2248 2756 ex-

114 2776 117 2779 ·
168 2763 391 2812 antiquiores
430 2763 590 2813 impreffi
626 2777 635 2801 :
691 2765 783 2816 quod
822 2764 1024 2814 parentibus
1067 2765 1185 2802 datur.
1227 2763 1446 2800 cellcniioris
1467 2764 1603 2808 animi,
1633 2774 1829 2803 contentos
1851 2765 1920 2803 esse
1942 2767 2064 2814 potius
2084 2768 2248 2807 suacon-

171 2811 326 2852 Gonu.
1228 2815 1372 2851 scientia
1396 2825 1464 2861 pro
1481 2814 1700 2859 benel'aclis,
1728 2828 1839 2865 quam
1861 2816 1980 2855 laude.
2033 2818 2090 2856 Sic
2104 2819 2243 2857 Secun-

220 2874 240 2912 3
269 2870 315 2901 Et
329 2867 556 2914 [prestarent]
587 2866 831 2913 Exspeftarent
861 2866 949 2914 legit
978 2865 1183 2904 Boxnoxm.
1225 2866 1291 2903 dus
1324 2865 1532 2901 Aristonem
1569 2868 1837 2904 commendans
1860 2895 1869 2910 ‚
1907 2873 2024 2904 Ornat
2051 2868 2160 2913 haec,
2190 2872 2261 2908 in·-

221 2923 245 2958 4
269 2915 525 2966 Mirarentur‚]
555 2918 708 2966 Legitur
728 2920 766 2955 &
794 2918 1042 2962 imitarentur,
1070 2917 1178 2954 etiam
1224 2919 1302 2966 quit
1331 2943 1340 2959 ,
1380 2915 1584 2962 magnitudo
1620 2918 1732 2954 animi
1753 2934 1763 2953 .·
1794 2931 1881 2967 quae
1908 2917 1999 2954 nihil
2025 2921 2072 2956 ad
2098 2921 2245 2967 ostenta-

175 2972 387 3015 mererenrur·
414 2969 601 3005 Carnu.
633 2969 718 3006 Erat
737 2969 773 3006 in
796 2968 964 3017 vulgatis:
995 2969 1092 3005 ceteri
1119 2978 1177 3015 pa·
1222 2979 1347 3003 tionem
1370 2991 1380 3007 ‚
1419 2966 1538 3001 omnia
1565 2968 1613 3003 ad
1646 2969 1886 3016 conscientiam
1921 2971 2056 3015 refert,
2092 2973 2245 3021 resteque

173 3021 292 3048 '’cm‘'
315 3027 356 3054 Φ·
375 3020 568 3066 spec-larem
589 3046 600 3062 ,
639 3030 681 3057 <y
710 3021 924 3056 miraremur
945 3048 955 3063 ,
993 3019 1093 3067 quod
1132 3018 1179 3055 est
1199 3019 1306 3064 sint-li
1341 3029 1408 3052 non
1443 3029 1485 3052 ex
1518 3019 1629 3065 populi
1657 3020 1812 3067 sermone
1843 3021 2027 3057 mercedem
2049 3048 2059 3065 ‚
2093 3022 2150 3066 sed
2197 3035 2240 3058 ex

170 3060 365 3117 absonum.
391 3069 570 3106 &contra
588 3069 709 3106 Codd.
728 3069 853 3107 fidem.
906 3070 1021 3107 Aldus
1044 3098 1053 3114 ,
1083 3071 1178 3116 Gry·
1211 3073 1309 3114 sacto
1333 3066 1428 3112 petit.
1485 3067 1641 3108 Videtur
1671 3070 1803 3108 Plinius
1830 3071 1991 3108 imitatus
2020 3071 2120 3109 fuisse
2143 3073 2238 3109 Tu!-

167 3112 272 3160 pinus
301 3113 429 3164 aliique
453 3119 630 3159 dederunt
651 3134 661 3158 ·.
695 3122 867 3169 patienter
890 3123 1117 3171 exspectarent
1134 3133 1176 3160 v·
1207 3121 1306 3163 ,lium
1333 3120 1370 3157 iu
1397 3117 1606 3167 Philippicis
1626 3147 1637 3166 ,
1663 3121 1755 3158 satis
1776 3148 1788 3167 ,
1816 3121 1934 3172 inquit
1955 3149 1965 3168 ‚
2001 3123 2039 3160 ι’,η
2061 3123 2149 3222 ipsas
2161 3135 2237 3158 corz-

2142 3185 2245 3218 cren}
