2616 3686
565 183 907 238 LIBER
975 155 1864 232 v.E1>1s-roLA111.

2180 204 2280 254 327

142 267 352 324 tadicos
388 269 406 294 '
435 262 676 332 intelligo
709 279 721 315 ε
772 258 1060 328 aliquando
1099 273 1369 328 praeterea
1407 258 1562 310 rideo
1589 295 1604 318 ,
1649 256 1805 325 jocor
1833 297 1848 320 ,
1896 256 2024 310 ludo
2054 279 2068 318 ς
2103 275 2270 331 utque

149 340 324 394 omnia
371 337 623 390 innoxiae
673 330 988 387 remissionis
1025 347 1221 401 genera
1256 331 1491 383 breviter
1543 330 1826 397 amplectar
1854 367 1868 391 ‚
1928 329 2094 382 horno
2144 332 2272 386 sum.

147 414 262 468 Nec
285 425 421 462 vero
443 407 658 461 moleste
687 405 835 464 fero,
865 405 997 456 hanc
1024 401 1129 457 elle
1153 402 1222 456 de
1251 402 1490 455 moribus
1523 402 1653 454 meis
1683 399 2157 465 existimationem,
2185 416 2274 466 ut,
2325 424 2350 473 3

146 483 234 554 qui
262 481 499 535 nesciunt
536 481 653 533 talia
680 475 1041 538 dostillimos,
1080 473 1440 546 gmvfflimoe,
1477 471 1820 527 sanstissimos
1863 471 2109 526 homines
2152 475 2276 529 scri-

147 554 381 626 ptu-alle,
420 569 507 607 me
529 552 755 606 scribere
782 550 1060 602 mirentur.
1102 548 1190 601 Ab
1219 548 1315 601 illis
1343 561 1553 607 autem,
1592 546 1785 616 quibus
1813 560 2002 597 notum
2017 544 2270 616 est‚quos

147 640 484 696 quantosque
519 624 755 677 auctores
788 621 970 692 sequar
997 660 1013 685 ‚
1050 619 1203 675 facile
1245 619 1518 690 impetrari
1547 617 1692 690 polle
1723 615 1974 679 confid0‚
2014 631 2072 671 ut
2099 633 2274 673 errare

151 715 270 758 me,
311 698 399 751 sed
423 713 545 750 cum
573 696 666 748 illis
695 693 886 754 sinant,
926 710 1163 766 quorum
1194 710 1303 746 non
1327 695 1459 746 seria
1487 690 1692 754 mod0,
1734 707 1922 744 verum
1952 691 2113 743 etiam
2142 689 2278 744 lusus

151 771 449 839 exprimere
475 805 490 831 ‚
543 765 798 821 laudabile
835 765 924 819 est.

1004 768 1091 820 An
1134 781 1242 836 ego
1277 781 1462 818 verear
1508 764 1814 828 (neminem
1843 762 2171 825 viventium,
2210 781 2278 817 ne

152 839 614 913 quaminspeciem
631 837 948 892 adulationis
964 835 1551 902 incidam,nominabo)
1578 838 1594 856 ²
1622 835 1712 889 sed
1742 831 1847 905 ego
1881 851 2274 896 verear,neme

73 951 78 957 -
153 927 258 966 non
275 911 387 965 latis
403 911 624 973 deceat,
662 910 813 982 quod
842 911 1027 964 decuit
1055 921 1069 947 ³
1097 911 1178 965 M.
1195 909 1471 969 Tullium,
1510 908 1702 976 Cajum
1730 906 2273 967 Calvum,⁴Afinium

143 976 476 1058 Pollionem,
516 983 531 1010 ⁵
556 983 811 1040 Marcum
850 979 1159 1048 Messalam,
1197 995 1215 1020 ⁶
1249 981 1319 1054 Q.
1337 979 1730 1043 Hortensium,
1768 977 1784 1005 ⁷
1808 975 2287 1044 M.ssruturn‚⁸L.

196 1228 294 1242 -·
347 1217 508 1267 castigas
529 1215 669 1264 turpia,
698 1212 842 1264 cum-fis

197 1275 293 1308 Inter
317 1270 501 1308 socraticos
524 1265 692 1315 notiffima
706 1266 798 1316 fossa
821 1263 994 1304 cinaedos:

2171 1053 2290 1125 Syl-

1232 1209 1302 1248 lius
1333 1208 1372 1247 in
1403 1207 1591 1247 Bucolicis
1627 1207 1781 1247 extollit.
1831 1203 1973 1253 Scripsit
1993 1211 2120 1242 autem
2144 1203 2258 1242 multa
2272 1204 2291 1250 ζ.

1235 1270 1398 1310 quorum
1419 1260 1540 1309 aliqua
1564 1261 1763 1297 recitantur
1787 1270 1807 1296 a
1832 1256 1955 1296 Suida.
1983 1254 2101 1292 lofin.

1295 1316 1327 1368 ς’
1346 1325 1514 1359 Marcum
1548 1321 1748 1367 Meffalam.
1772 1319 1788 1370 ]
1830 1319 1904 1356 Hic
1927 1326 2027 1366 patre
2052 1316 2109 1353 M.
2132 1313 2284 1355 Messala

150 1374 241 1421 Quo
261 1371 373 1414 lom,
401 1369 502 1418 quod
522 1369 643 1406 homo
667 1366 833 1406 eruditiss.
854 1368 986 1406 Paulus
1009 1366 1175 1415 Leopat-
1220 1373 1349 1408 ·natus
1383 1372 1512 1409 iisdem
1547 1370 1645 1410 Coss.
1680 1372 1812 1422 quibus
1847 1370 1898 1407 T.
1923 1369 2052 1409 Livius
2071 1367 2285 1413 historicus,

147 1422 214 1460 dus
236 1420 434 1460 contendat
455 1419 628 1456 Sotadicos
647 1419 846 1466 legendum
872 1417 942 1455 effe
957 1445 967 1459 ‚
987 1416 1063 1455 satis
1083 1428 1173 1453 con-

148 1471 290 1515 futant,
320 1481 414 1520 quae
435 1469 516 1506 dixi.
542 1469 704 1516 Rutgers.
730 1469 807 1506 Lib.
831 1468 900 1504 Vl.
926 1468 1069 1505 Variar.
1100 1467 1174 1504 Le-

150 1522 261 1560 (tion.
285 1523 326 1560 C.
353 1520 452 1557 XIlI.
480 1519 634 1556 Visam-1.
671 1519 778 1554 MSS.
799 1516 908 1555 nostri
928 1529 1061 1554 omnes
1083 1528 1170 1554 curn

149 1573 250 1609 Alio
278 1586 286 1609 :
317 1582 360 1610 ω’
381 1568 568 1606 Socraticos
601 1567 768 1615 intelligo.
811 1567 928 1603 Placet
969 1574 1096 1604 tamen
1117 1572 1175 1603 So-

151 1623 285 1660 tadicos
311 1650 321 1666 ,
359 1621 442 1658 licet
486 1620 523 1656 in
555 1619 641 1655 loco
677 1616 856 1654 luvenalis
890 1615 1083 1663 Rutgei·1io
1115 1628 1176 1654 ac-

152 1673 293 1711 cedam.
334 1671 401 1708 Ed.
432 1670 518 1707 Vct.
548 1668 735 1717 Gryphius
757 1667 795 1705 δε
816 1667 874 1705 alii
897 1666 1102 1705 dederunt:
1131 1678 1175 1706 ω·

149 1724 326 1772 satyricos
350 1720 513 1768 intelligo.

203 1786 218 1812 1
255 1772 416 1819 intelligo.
440 1770 455 1815 “1
494 1770 596 1808 Dixit
622 1768 691 1813 fic,
718 1780 795 1806 non
815 1775 890 1806 tam
912 1774 1060 1816 propter
1081 1767 1172 1805 diffi-

150 1824 323 1861 cultatem
339 1851 349 1867 ‚
377 1826 415 1860 ὃς
437 1820 628 1869 figuratum
654 1819 794 1858 dicendi
815 1830 926 1868 genus
948 1846 958 1862 ,
986 1818 1088 1866 quod
1109 1820 1173 1857 illis
1207 1837 1211 1870 ,·

152 1874 331 1920 peculiare
354 1872 400 1910 est
415 1902 424 1916 ‚
453 1883 563 1920 quun
588 1880 734 1919 propter
755 1872 880 1918 turpia.
928 1868 1083 1918 intelligo
1105 1870 1172 1918 igi·
1206 1906 1209 1915 ὁ

152 1928 214 1959 tur
240 1922 336 1968 lego.
366 1923 467 1959 Car
485 1933 559 1957 Au.

204 1982 223 2007 2
253 1972 315 2008 Sed
335 1986 389 2020 ego
411 1970 571 2019 υκαι]
603 1971 701 2009 Nihil
719 1970 913 2009 delendum
928 1998 938 2014 ,
966 1981 1051 2008 nam
1066 1971 1170 2021 saepe
1205 1968 1208 1983 '

151 2018 200 2058 fic
222 2022 393 2071 loqultur.
422 2021 571 2060 Bima.
598 2021 680 2060 Post
702 2020 908 2070 interposita
932 2022 1030 2059 enim
1056 2034 1170 2071 quae·
1205 2050 1207 2054 ι

151 2069 260 2113 dam,
290 2075 404 2119 priora
438 2071 542 2109 verba
576 2084 637 2120 per
669 2073 859 2110 Particulas
890 2085 964 2120 ergo
989 2101 999 2116 ,
1033 2075 1167 2120 igitur,
1204 2064 1209 2112 ¹.

145 2121 288 2170 itaq-ze,
320 2134 434 2160 autem
461 2125 588 2160 iteruin
610 2123 794 2161 adsumere
817 2123 951 2160 solent:
982 2124 1090 2161 eriam
1106 2136 1168 2172 per

136 2174 216 2220 ses.
249 2173 380 2211 Cicero
416 2174 493 2211 Lib.
523 2173 569 2210 II.
591 2172 634 2210 ad
658 2176 786 2223 Quint.
810 2173 865 2210 Fr.
889 2173 996 2221 Epist.
1021 2174 1087 2211 lII.
1108 2177 1169 2223 qui

148 2230 189 2262 ut
225 2225 404 2270 peroravit
428 2225 539 2271 (nam
561 2225 596 2261 in
619 2239 651 2261 eo
666 2224 873 2274 samsonis
888 2224 963 2270 suit
992 2226 1081 2268 --)
1108 2225 1168 2263 sed

148 2283 189 2308 ur
220 2277 394 2310 teroravit
410 2303 418 2315 ,
439 2275 594 2322 surrexit
620 2277 775 2312 Clodius.
822 2275 995 2312 Diximus
1020 2273 1066 2311 ad
1090 2275 1170 2313 Lib.

145 2321 231 2361 XV.
259 2325 355 2362 lain.
381 2324 486 2373 Epist.
510 2325 551 2361 X.
573 2338 606 2362 n.
633 2337 663 2362 1.

147 2412 150 2415 ,
197 2385 215 2423 3
256 2381 302 2411 M.
338 2375 499 2412 Tullium.
526 2374 540 2423 ]
580 2378 706 2424 Quem
728 2376 826 2414 idern
852 2376 933 2413 Lib.
955 2376 1043 2412 VH.
1067 2377 1170 2414 testa-

146 2431 204 2464 mr
225 2425 372 2465 lascivos
395 2427 511 2464 versus
534 2425 772 2473 composuisse
787 2455 797 2469 ‚
825 2429 863 2464 ὃς
886 2426 930 2463 ad
957 2429 1168 2474 exemplum

149 2477 223 2525 ejus
247 2487 332 2513 coin
347 2485 481 2514 notum
508 2504 518 2520 ,
547 2489 584 2513 u:
610 2477 736 2515 similes
760 2485 942 2524 pangeret.
973 2477 1005 2512 C
1020 2489 1040 2512 Α
1057 2490 1077 2513 ·r
1095 2489 1114 2512 Α
1131 2489 1167 2513 Ν.

196 2539 218 2573 4
247 2526 411 2574 Asini-cm
444 2527 664 2576 vallionem]
699 2529 872 2574 Longum
895 2525 979 2563 essct
1010 2527 1169 2564 recense-

149 2586 188 2616 te
220 2579 345 2615 oinnIa
368 2606 378 2622 ‚
418 2590 510 2626 quae
529 2590 571 2615 ao
594 2578 764 2615 historicis
787 2578 832 2614 de
854 2576 921 2613 illis
944 2577 1168 2624 scriptoribus

152 2626 374 2672 teser-untur,
403 2640 427 2677 q
446 2640 512 2665 iare
535 2631 698 2666 contenti
713 2629 853 2666 'erimus
875 2628 1027 2674 allegare
1050 2656 1059 2671 ,
1089 2631 1168 2676 qui-

154 2673 216 2714 bus
239 2680 431 2726 probentur
458 2676 556 2715 funs„—
577 2678 707 2716 suinzni
733 2682 770 2716 ὃ(
793 2688 954 2715 oratores
969 2682 1006 2715 ὅς
1024 2687 1165 2724 poetae.

156 2725 254 2780 Pollio
285 2730 388 2777 igitur
421 2730 474 2766 vir
503 2729 692 2767 consularis
717 2757 727 2773 ,
767 2738 889 2765 orator
921 2739 961 2764 ac
983 2727 1166 2767 historicus

158 2772 311 2822 influxis,
341 2782 378 2817 &
406 2779 601 2817 secundum
635 2780 774 2827 aliquos
805 2779 1028 2815 declamator
1050 2779 1166 2827 philo-

159 2820 360 2876 sophusque.
394 2830 492 2867 Nam
515 2831 739 2877 temporibus
764 2831 930 2877 Pompeii
956 2829 1079 2876 Magni
1105 2830 1167 2868 de-

207 2879 318 2927 ‚mavit
338 2879 374 2915 in
393 2880 501 2923 urbe,
529 2883 568 2919 ὅς
592 2881 809 2929 'siimgenis
828 2880 968 2916 schol-ie
994 2878 1165 2917 :ucccffor

163 2920 403 2979 fuit-LXXX.
422 2932 543 2968 aetatis
564 2931 643 2968 suae
664 2942 764 2968 anno
784 2932 821 2968 in
847 2930 925 2967 villa
957 2931 1166 2968 Tuscu‘ana

162 2981 319 3026 morltur.
339 2976 431 3016 Eum
453 2981 588 3018 Seneca
610 2991 759 3024 poetam
781 2981 945 3030 appellat.
973 2982 1072 3019 Nam
1097 2990 1165 3017 tra-

158 3019 304 3067 BOCdffiS
332 3029 560 3080 CQQosuiffe
590 3031 740 3071 Tacitus
771 3034 809 3071 ὃς
833 3031 1009 3069 Horatius
1033 3033 1167 3069 meini-

156 3079 277 3118 ³21⁶»-
293 3073 337 3112 &
357 3074 443 3115 dhus
471 3083 772 3134 oermenmstum
791 3084 832 3123 in
854 3082 1014 3138 modurn
1034 3082 1166 3136 Vergi3

1245 1421 1369 1458 minor
1397 1430 1485 1459 natu
1511 1450 1522 1467 ,
1561 1434 1674 1472 quam
1712 1423 1791 1460 Cic.
1825 1421 1963 1466 Orator
1988 1447 1998 1463 ,
2036 1419 2138 1456 nullo
2168 1417 2287 1456 modo

1245 1469 1376 1519 inops,
1404 1472 1463 1510 sed
1487 1483 1565 1509 non
1591 1473 1703 1510 nimis
1733 1479 1880 1508 ornatus
1904 1480 2037 1518 genere
2062 1469 2287 1514 verborum,

1243 1521 1402 1568 prudens
1417 1550 1427 1566 ‚
1453 1531 1602 1566 acutus,
1632 1523 1788 1561 minime
1811 1523 1977 1558 incautus
2000 1528 2175 1567 patronus
2195 1549 2205 1566 ,
2247 1522 2286 1559 in

1244 1569 1356 1608 causis
1407 1572 1671 1621 cognoscendis
1721 1571 2066 1621 componendisque
2106 1569 2284 1617 diligens,

1243 1623 1367 1668 magni
1389 1623 1518 1660 laboris
1533 1651 1544 1667 ‚
1570 1624 1706 1662 multae
1720 1635 1853 1671 operae
1867 1651 1878 1666 ‚
1908 1621 2184 1669 multarumque
2197 1632 2282 1658 cau-

1245 1669 1378 1708 sarum.
1405 1671 1489 1710 Fuit
1513 1673 1665 1721 ingenio
1684 1673 1912 1710 exafflffimo
1939 1673 1976 1708 ὃς
2003 1670 2126 1708 Latini
2150 1671 2287 1709 sermo-

1246 1721 1300 1758 nis
1323 1720 1609 1770 diligentissimus
1632 1723 1842 1760 observator
1866 1735 1874 1759 ε
1903 1720 2002 1759 unde
2025 1728 2128 1759 totos
2148 1722 2286 1761 libellos

1247 1781 1325 1808 non
1349 1771 1395 1810 de
1414 1773 1519 1810 rebus
1541 1773 1660 1810 modo
1682 1772 1825 1822 singulis
1850 1801 1860 1817 ‚
1888 1770 1946 1810 sed
1969 1773 2079 1810 eti-ain
2109 1772 2153 1810 de
2176 1772 2285 1812 literis

1245 1821 1369 1860 edidit.
1417 1823 1472 1861 Illi
1495 1831 1640 1861 vertere
1675 1825 1816 1862 Graeca
1838 1825 1875 1862 in
1910 1822 2088 1860 Latinum
2125 1824 2282 1870 placuit,

1246 1873 1460 1923 multaeque
1484 1874 1634 1912 fuerunt
1656 1874 1701 1913 ad
1722 1873 1822 1912 hunc
1844 1872 2003 1912 modum
2026 1874 2175 1922 scriptae
2200 1885 2283 1911 ora-

1204 1942 1207 1961 ς
1244 1924 1394 1962 tiones:
1434 1924 1530 1962 adeo
1563 1933 1604 1962 ut
1638 1926 1749 1963 etiam
1788 1936 1874 1962 cuin
1909 1924 1964 1962 illa
1988 1923 2186 1973 Hyperidis
2214 1936 2282 1973 pro

1243 1973 1392 2063 Plirylne
1425 1974 1634 2014 difficillima
1668 1977 1848 2014 Romanis
1870 1974 2060 2014 subtilitate
2083 1976 2288 2014 contende-

1246 2033 1302 2062 rlt.
1353 2039 1448 2064 DEM.
1490 2050 1494 2057 ›-
1958 2057 1960 2061 ν

1296 2075 1319 2111 6
1345 2080 1398 2125 (32.-
1415 2075 1684 2126 Hortenfium.]
1712 2076 1788 2115 Hic
1813 2075 2018 2115 Consularis
2038 2078 2094 2114 vir
2119 2077 2285 2115 clarus&

1246 2125 1431 2165 humanus
1460 2130 1632 2172 Praetor,
1667 2127 1912 2177 Pompejanas
1933 2135 2051 2176 partes
2073 2128 2212 2167 secutus
2248 2130 2287 2167 in

1251 2177 1529 2217 Macedoniam.
1558 2179 1674 2218 inmo.

1303 2239 1321 2274 7
1354 2233 1409 2266 M.
1440 2229 1636 2278 Brutum]
1669 2229 1808 2266 Orator
1830 2229 2029 2276 plurimum
2050 2227 2196 2266 afflone
2218 2240 2281 2266 va-

1246 2276 1348 2322 lens,
1376 2280 1478 2325 cuius
1501 2281 1551 2317 rei
1575 2279 1662 2317 fides
1686 2278 1758 2323 est,
1786 2278 1888 2326 quod
1910 2281 1986 2325 eius
2000 2280 2124 2328 scripta
2137 2287 2293 2318 tantum·

1248 2327 1341 2364 intra
1374 2328 1513 2366 famam
1548 2329 1707 2367 fuerunt.
1760 2329 1837 2365 Diu
1871 2339 2059 2367 oratorum
2093 2330 2281 2379 princeps,

1249 2376 1448 2424 aliquando
1471 2381 1636 2416 aemulus
1658 2379 1847 2416 Ciceronis
1871 2378 2090 2417 existimatus
2115 2379 2162 2416 est
2177 2407 2187 2424 ,
2215 2392 2284 2418 no-

1251 2427 1394 2464 vissime
1432 2428 1557 2476 quoad
1600 2430 1691 2466 vixit
1725 2428 1922 2467 Secundus.
1977 2431 2078 2472 Nam
2111 2430 2284 2470 omnibus

1252 2475 1370 2514 ferme
1390 2479 1514 2515 aetatis
1532 2478 1612 2517 suae
1635 2478 1862 2522 oratoribus,
1891 2479 1955 2518 nifi
1980 2481 2034 2518 M.
2059 2480 2188 2518 Tullio
2213 2483 2285 2519 cla-

1249 2527 1332 2564 rior.
1381 2526 1462 2566 Fuit
1495 2529 1611 2566 multa
1635 2541 1719 2566 cuin
1743 2529 1922 2568 munditia
1942 2531 2089 2569 indutus
2110 2532 2282 2570 amietus-

1247 2588 1344 2624 que,
1372 2578 1585 2627 piscinarum
1610 2582 1648 2619 &
1670 2591 1861 2629 pavonum
1883 2591 2035 2620 amator.
2092 2583 2224 2620 Cicero
2239 2583 2284 2621 de

1250 2628 1361 2666 Claris
1403 2629 1618 2668 Oratoribus
1641 2659 1652 2674 ,
1710 2632 1747 2668 &
1780 2630 1947 2671 Valerius
1980 2634 2167 2670 Maximus
2204 2634 2299 2672 Lib..

1251 2678 1355 2716 VIll.
1377 2679 1576 2727 plurimum
1601 2680 1748 2719 afflone
1772 2680 1918 2719 valuisse
1940 2684 2096 2721 tradunt.
2133 2683 2175 2720 ln
2193 2683 2295 2722 Bru--

1247 2737 1327 2767 tum
1362 2731 1470 2767 etiarn
1506 2730 1600 2768 edita
1636 2733 1795 2769 cai-mina
1828 2732 1949 2779 prodit
1989 2735 2125 2772 Seneca
2151 2761 2161 2778 ,
2201 2735 2297 2773 Lib..

1247 2779 1312 2816 lV.
1337 2781 1559 2818 controvers.
1583 2782 1638 2818 M.
1662 2783 1762 2820 Bruti
1788 2783 1859 2819 vita
1874 2783 2155 2823 luculentissime
2168 2785 2288 2824 aPlu·

1245 2831 1372 2867 tarcho
1393 2830 1609 2869 describitur.
1639 2833 1794 2870 Cri-mn.

1298 2880 1318 2917 8
1354 2887 1389 2918 L.
1421 2881 1610 2931 syllam]
1648 2883 1785 2921 Sullam
1819 2884 1968 2936 quidam
2001 2885 2153 2934 legunt,
2179 2884 2285 2936 quod

1249 2930 1357 2968 faciljs
1391 2931 1430 2969 fit
1463 2932 1611 2970 tansitus
1633 2933 1676 2970 ab
1700 2946 1720 2982 y
1744 2936 1779 2972 in
1802 2948 1835 2972 u.
1865 2935 2045 2983 syllam-a
2066 2937 2192 2974 colore
2213 2945 2296 2974 no·-v

1248 2993 1334 3019 nien
1348 2980 1488 3021 traxisse
1502 2983 1615 3021 credit
1625 2983 1857 3028 Plutarchus;
1888 2987 1969 3031 alii,
1992 2996 2033 3024 ut
2045 2987 2295 3031 Macrobius,-

1246 3031 1385 3070 dictum
1409 3031 1506 3082 quasi
1527 3032 1714 3081 Sibyllam.
1746 3041 1780 3072 L.
1805 3037 1914 3083 igitur
1933 3037 2030 3084 Sylla
2053 3047 2293 3086 cognomen--

1243 3090 1283 3133 to
1313 3083 1430 3125 foelix
1453 3111 1464 3132 ,
1491 3083 1618 3137 salibus
1643 3086 1682 3125 ὅ(
1706 3084 1910 3127 scommate
1933 3088 2161 3133 oblzclatus,
2181 3095 2300 3122 com-

2179 3145 2303 3174 meu-

2322 561 2354 609 4
