2616 3686
526 173 1901 267 .-1.13ER11.E1³rsToLAxit.
2194 238 2283 287 1³>-

181 329 193 337 ’
260 317 378 362 uam
400 295 671 356 exseetum
702 296 756 350 ἃ
785 305 1098 364 exemptum
1122 291 1414 347 honoribus
1436 295 1710 350 senatoriis
1745 335 1759 360 ,
1793 298 1974 352 labore
2017 300 2066 354 ἃ
2110 306 2282 358 mole-

178 325 272 438 Iiti³a
292 392 400 433 non
425 372 640 427 carere?
678 367 808 442 quid
833 368 1071 438 graviuS,
1098 382 1256 433 quam
1281 378 1427 419 tanta
1450 367 1742 437 ignominia
1769 368 2013 423 affectum
2039 410 2055 434 ,
2094 389 2202 445 non
2226 376 2282 429 jn

183 445 463 508 ffilitudine
492 442 688 498 latere?
724 439 813 493 sed
840 441 893 491 in
916 437 1016 490 hac
1043 445 1056 465 ¹
1081 435 1324 492 altiffima
1349 438 1555 508 specula
1582 440 2022 511 conspiciendum
2049 444 2099 496 se
2125 461 2281 507 mon-

181 519 559 588 strandumque
591 509 884 586 praebere?
935 509 1216 563 Praeterea
1252 549 1269 575 ,
1328 511 1465 582 quid
1504 511 1716 580 publice
1757 513 1928 565 minus
1972 529 2060 567 aut
2096 516 2112 534 ²
2148 533 2278 570 con·
2330 540 2364 588 4

176 608 374 666 gruens
403 625 418 650 ,
455 602 541 641 aut
565 587 853 638 decorum:
893 588 908 615 ³
933 596 1178 635 notatum
1203 600 1231 635 a
1254 584 1452 635 Senatu
1481 584 1536 636 in
1566 584 1765 638 Senatu
1786 583 1970 638 sedere
1998 586 2014 636 ?
2054 585 2274 658 ipsisque

181 668 305 726 illis,
345 681 372 716 a
396 659 582 731 qulbus
609 655 665 709 fit
693 666 935 714 notatus,
973 655 1258 723 ⁴aequari?
1300 653 1356 706 δε
1393 653 1696 710 submotum
1742 676 1767 709 a
1808 656 1820 682 ⁵
1862 656 2242 713 proconsulatu
2267 700 2282 725 ,

179 739 302 809 quia
329 734 379 787 se
402 734 452 786 in
475 730 740 798 legatione
765 727 990 795 turpiter
1024 725 1272 796 gesserat,
1305 724 1373 779 de
1398 727 1809 782 proconsulibus
1840 727 2084 797 judicare
2125 731 2143 782 ?
2189 732 2282 785 da-

183 818 523 873 mnatumque
546 799 810 859 sordium,
837 799 921 852 vel
948 798 1200 852 damnare
1227 799 1354 852 alios
1380 800 1462 852 vel
1490 799 1761 854 absolvere
1785 801 1802 853 ἓ
1822 800 1927 854 bed
1952 801 2055 856 hoc
2080 812 2098 835 ⁶
2125 803 2280 874 pluri·
2334 823 2367 870 5

182 880 274 936 bus
309 874 468 927 visum
508 871 598 925 est.
636 884 986 924 numerantur
1023 872 1166 924 enim
1217 870 1509 924 sententiae
1534 909 1549 933 ,
1599 888 1710 926 non
1748 873 2140 942 ponderantur:
2181 895 2282 931 nec

177 946 317 1004 ‚aliud
345 947 397 998 in
425 945 639 1015 publico
667 941 886 996 confilio
911 944 1083 1011 potest
1107 943 1220 996 fieri
1247 982 1262 1004 ,
1311 944 1365 995 in
1389 960 1500 1015 quo
1525 943 1652 997 nihil
1680 945 1753 999 est
1783 958 1888 998 tarn
1929 944 1944 970 ⁷
1979 947 2281 1018 inaequale,

181 1035 336 1093 quam
357 1015 375 1041 ⁸
399 1017 678 1087 aequalitas
702 1014 821 1084 ipsa.
849 1030 970 1068 nam
1011 1033 1135 1068 cum
1164 1014 1223 1068 fit
1250 1016 1417 1084 impar
1446 1015 1727 1084 prudentia
1754 1055 1768 1078 ‚
1817 1033 1910 1086 par
1935 1023 2178 1074 omnium
2197 1019 2282 1087 jus

182 1092 271 1146 est.
343 1088 564 1160 Implevi
598 1085 908 1159 promissum
935 1125 951 1151 ,
1001 1085 1020 1109 ⁹
1051 1086 1351 1159 >priorisque
1391 1088 1637 1158 epistolae
1664 1089 1827 1145 fidem
1854 1087 2082 1155 exsolvi,
2120 1109 2280 1164 quam
2334 1104 2366 1143 6

2213 1182 2283 1222 eX

169 1287 239 1326 lius
259 1285 460 1324 coniunxit.
488 1284 577 1324 Sunt
599 1291 695 1322 cette
718 1285 757 1323 δε
777 1284 865 1321 aliae
879 1284 1038 1322 duriores
1052 1281 1191 1324 Trans-
1252 1288 1329 1325 ciae
1352 1314 1363 1332 ‚
1402 1286 1462 1324 seu
1491 1286 1743 1326 Proconsulari
1773 1289 1943 1337 imperio.
1998 1289 2097 1328 Nam
2142 1290 2206 1339 qui
2242 1291 2281 1328 in

172 1338 325 1376 lationes
347 1337 477 1375 obviae
499 1335 596 1386 apud
618 1334 792 1374 Nostrum
808 1362 818 1379 ,
845 1346 908 1372 cur
932 1346 1008 1371 non
1032 1337 1069 1373 ὃς
1092 1336 1189 1374 illam
1255 1338 1381 1387 populi
1402 1339 1608 1387 provincias
1633 1341 1872 1389 (quanquam
1897 1344 1935 1380 ὃς
1958 1342 1996 1378 in
2009 1341 2282 1390 Imperatorum

175 1387 362 1427 feramus?
392 1387 545 1424 Com-s.

231 1451 244 1476 1
277 1437 455 1486 Altiffima
477 1435 649 1486 specula]
703 1436 811 1474 Curia
835 1464 846 1481 ,
896 1448 1007 1485 quam
1040 1444 1192 1485 propter

177 1487 422 1538 frequentiam
447 1489 485 1525 δε
510 1488 721 1534 dignitatern
748 1488 968 1524 Senatorum
990 1485 1193 1524 transsative

6 1541 9 1561 ¹
177 1536 379 1583 altiffimam
389 1537 562 1587 speculam
576 1537 778 1584 appellavit.
808 1536 962 1572 Casan.
989 1537 1191 1574 Rationem

6 1582 9 1596 ¹
176 1581 283 1627 huius
306 1586 391 1624 dicti
415 1593 506 1633 legas
526 1585 621 1632 apul
646 1584 776 1621 Sallust.
801 1586 879 1621 Cat.
903 1595 979 1632 cap.
1004 1585 1067 1621 LI.
1092 1598 1126 1622 n.
1143 1599 1194 1624 η.

178 1638 239 1674 ubi
273 1640 309 1673 ἃ
345 1635 568 1682 Hieronymi
595 1635 699 1670 verba
723 1632 966 1682 adscripsimus
990 1663 1000 1678 ,
1039 1637 1098 1685 qui
1122 1638 1198 1674 illu-

180 1686 264 1724 ssvcs
288 1689 382 1722 viros
404 1687 440 1721 in
457 1683 593 1734 specula
619 1682 830 1720 constitutos
854 1684 922 1721 effe
945 1685 1040 1722 dicit.
1079 1687 1135 1724 Sic
1158 1689 1197 1725 ὃ(

184 1737 426 1784 Symmachus
452 1737 531 1772 Lib.
555 1734 582 1771 Ι.
606 1733 713 1782 Epist.
736 1732 875 1771 XXVI.
917 1736 976 1772 Vir
998 1735 1035 1771 in
1056 1735 1196 1784 specula

182 1786 350 1825 honorum
377 1787 515 1822 locatus.

233 1849 253 1873 2
283 1843 482 1885 Congruens
506 1864 516 1880 ‚
554 1848 618 1873 aut
647 1833 842 1884 decorum]
883 1835 937 1872 Ita
958 1836 1191 1875 animandam

186 1885 271 1923 crux}
305 1887 527 1924 sententiam.
582 1888 814 1931 Recentiores
846 1887 945 1923 enim
990 1885 1192 1934 editiones,

188 1945 226 1971 ur
246 1937 413 1984 juvarent
436 1936 544 1974 credo
566 1937 700 1974 sensum
716 1963 726 1979 ,
754 1935 960 1983 objecerant
982 1937 1108 1974 nobis:
1137 1940 1194 1976 de-

187 1997 302 2021 corum
317 2014 325 2028 ‚
352 1999 457 2035 quam
479 1997 641 2023 notatum
655 2014 666 2030 ‚
692 1997 762 2024 σε.
785 1997 878 2035 quae
901 1998 977 2023 vox
992 1989 1108 2025 necin
1120 1989 1191 2027 Pal.

188 2046 247 2071 aut
273 2035 352 2073 elit.
379 2037 461 2073 Vet.
513 2035 629 2074 Iidem
663 2038 771 2074 etiam
804 2035 1064 2075 admiscuerant
1098 2037 1191 2077 infra

189 2086 301 2120 vetbu
317 2098 343 2122 n
365 2086 490 2128 lenius,
517 2086 618 2136 quod
640 2088 677 2124 in
698 2086 800 2124 nullis
824 2086 1096 2125 vetustioribus:
1126 2091 1191 2127 Sed

188 2134 246 2171 lm·
266 2136 419 2184 p'nribus
443 2136 546 2173 lenius
569 2137 709 2185 visum,
736 2147 803 2174 σε.
827 2137 948 2186 itaque
970 2138 1014 2174 ibi
1040 2151 1193 2188 quoque

189 2187 392 2229 abiecimus.
420 2185 452 2223 G
468 2200 490 2223 n
507 2199 531 2223 u
547 2201 569 2224 ‘r
585 2200 656 2225 ER.
684 2187 873 2225 Mediceus
898 2199 906 2223 :
935 2188 1020 2236 quid
1041 2189 1194 2238 subplice

185 2247 299 2273 nimus
320 2248 384 2273 aut
405 2249 609 2285 congruens,
637 2249 700 2275 aut
721 2239 878 2274 decorum
892 2266 902 2281 ‚
930 2249 1096 2276 notatum
1129 2251 1195 2279 cet.

187 2297 205 2321 c
228 2294 364 2333 vrzupte.
418 2288 603 2336 Grypliius
622 2301 806 2337 congruum
832 2287 942 2325 edidit
966 2316 976 2332 ‚
1005 2298 1132 2327 contra
1153 2292 1194 2328 li-

186 2336 333 2373 b;·.›.·u·.n
349 2365 359 2380 ,
386 2347 480 2375 certe
494 2337 698 2376 nostrorum
713 2367 723 2384 ‚
759 2337 868 2374 fidem
885 2365 895 2382 ,
933 2340 996 2387 qui
1019 2341 1128 2377 etiam
1151 2353 1194 2378 o-

188 2397 290 2424 mnes
315 2400 420 2436 quam
445 2390 630 2425 omittunt.

237 2448 253 2484 3
290 2444 461 2474 Nonarum
489 2451 510 2472 a
547 2437 707 2486 mnam]
750 2437 847 2475 Vide
870 2436 915 2474 ad
937 2438 1090 2475 Livium
1114 2440 1194 2477 Lib.

185 2485 346 2523 XXVII.
381 2500 455 2536 cap.
489 2486 612 2525 XXV.
651 2489 836 2525 Gaouov.
887 2488 1030 2525 Omnes
1063 2489 1196 2535 nostri,

187 2538 296 2575 etiam
322 2538 484 2575 Riccard.
509 2541 608 2575 cuius
631 2537 798 2586 suffragio
821 2539 879 2575 liic
903 2539 1011 2575 ctiam
1026 2540 1075 2576 uti
1090 2540 1172 2578 licet
1187 2569 1196 2585 ‚

189 2589 384 2624 novandum
419 2601 439 2622 a
464 2588 605 2636 sca-mm.
659 2589 764 2625 Unus
784 2588 974 2626 Mediceus
998 2600 1123 2627 veram
1146 2590 1196 2628 le-

192 2636 350 2675 &ionem
386 2648 549 2674 notatum
578 2667 587 2682 ‚
615 2639 777 2676 servavit.
832 2639 892 2675 De
914 2648 1000 2675 nota
1025 2641 1197 2685 Senatus,

190 2696 324 2735 praeter
357 2688 593 2726 Gronovium
624 2690 646 2725 l.
678 2701 706 2725 c.
738 2689 832 2738 legas
862 2689 944 2727 licet
977 2690 1125 2728 Abram.
1152 2690 1197 2729 ad

191 2735 265 2774 Cic.
287 2737 333 2774 ΙΙ.
356 2739 431 2776 Phil
447 2752 503 2787 pp.
527 2751 601 2787 cap.
627 2739 748 2776 XXII.

240 2797 264 2832 4
288 2789 486 2838 Aqumri]
516 2789 662 2828 Habere
685 2791 834 2839 aequale
853 2791 910 2839 jus
933 2790 1106 2829 dicendae
1119 2791 1196 2830 sen-

195 2836 333 2874 tentiae.
361 2838 513 2876 Carnu.
543 2839 636 2877 Mox
664 2839 845 2888 Copu⁴un
871 2851 913 2879 cy
935 2853 979 2878 ex
995 2842 1194 2887 Mcdiceo,

201 2881 346 2923 Helmst.
368 2889 404 2926 ὃ(
419 2889 658 2937 Bongarsiano
671 2889 867 2928 adiecimus
883 2904 890 2928 :
918 2892 1170 2941 &submotum
1186 2921 1196 2937 ,

199 2940 288 2978 quae
317 2938 424 2984 vulgo
457 2938 725 2978 desiderabatur.
778 2941 943 2989 Quidam
977 2943 1084 2980 etiam
1113 2972 1122 2987 ‚
1160 2952 1199 2980 ut

200 2976 357 3034 Yoffian.
378 2987 415 3024 δε
435 2988 585 3027 Helmst.
608 2990 699 3029 infra
723 3004 732 3029 z
778 2992 995 3030 damnatum
1011 2993 1171 3043 fhrdium
1187 3021 1197 3039 ,

204 3033 277 3066 ime
302 3030 448 3080 Copula.

252 3091 272 3126 5
299 3085 579 3141 Pf⁰5⁰”s¹⁴latu·]
618 3091 678 3132 Ab
708 3091 1014 3135 administratione
1047 3096 1197 3145 provin-

1260 1388 1510 1437 quandoque)
1538 1391 1798 1433 mittebantur,
1824 1390 1869 1426 ad
1904 1391 2106 1438 regendum
2141 1391 2284 1429 illarum

1262 1438 1392 1474 statum
1406 1465 1417 1482 ,
1444 1440 1662 1486 Proconsules
1683 1440 1963 1488 appellabantur.
1989 1441 2198 1480 BucHNER.

1315 1497 1337 1531 6
1367 1498 1571 1548 Pluribus.]
1602 1501 1739 1550 Majori
1772 1503 1862 1550 parti
1897 1503 2126 1540 Senatorum.
2181 1504 2282 1546 Nam
2354 1548 2355 1551 Ἰ

1267 1548 1368 1595 quod
1392 1549 1510 1597 major
1532 1560 1610 1598 pars
1634 1551 1753 1589 curiae
1776 1551 1885 1590 efficit
1911 1581 1922 1597 ‚
1949 1564 2016 1602 pro
2040 1566 2086 1591 eo
2108 1554 2286 1603 liabetur,

1267 1607 1307 1632 ac
1332 1596 1357 1633 si
1381 1609 1510 1636 omnes
1533 1603 1681 1646 egerint.
1709 1603 1884 1638 scaevola.
1913 1603 1975 1639 An
1983 1602 2177 1652 pluribus.)
2210 1606 2286 1644 Im-

1268 1646 1552 1693 pudentioribus.
1582 1651 1766 1700 Sapientes
1779 1653 1876 1689 enim
1892 1654 2041 1690 rariores
2053 1654 2143 1691 sunt.
2171 1656 2286 1696 Unde

1269 1696 1353 1733 Liv.
1375 1699 1413 1735 in
1435 1698 1549 1745 praef.
1570 1699 1717 1740 secundi
1738 1702 1821 1739 belli
1839 1703 1970 1741 Punici
1991 1702 2077 1741 dicit
2101 1733 2112 1747 ,
2149 1716 2190 1742 ut
2216 1707 2288 1757 ple-

1267 1760 1400 1796 runque
1415 1746 1463 1794 fit
1478 1776 1488 1792 ‚
1515 1749 1629 1798 major
1650 1761 1735 1800 pars
1756 1751 1930 1790 meliorem
1954 1753 2051 1791 vicit.
2099 1755 2147 1792 Et
2173 1758 2288 1797 Grae-

1267 1808 1351 1835 cum
1384 1798 1430 1836 ad
1461 1799 1535 1836 hOC
1568 1803 1737 1848 proverb.
1763 1806 1829 1838 τῶν
1853 1804 2016 1839 πλειόνων
2037 1803 2161 1850 ψῆφος
2180 1808 2286 1857 νικςῖ,

1266 1847 1304 1885 id
1336 1848 1384 1885 est
1410 1877 1420 1894 ,
1474 1849 1636 1888 Plurium
1670 1853 1879 1902 suffragium
1912 1855 2035 1894 vincit.
2091 1856 2286 1898 CATAN.

1265 1898 1450 1948 Gryphius
1484 1911 1570 1938 cum
1603 1905 1755 1950 paucis:
1794 1905 1860 1953 fid
1892 1904 1952 1942 hoc
1988 1905 2145 1948 pluribus
2167 1908 2285 1949 lenius

1264 1950 1381 1997 visum
1404 1980 1414 1996 ‚
1443 1960 1569 1989 contra
1603 1964 1734 1992 omnes
1771 1954 1892 1992 Codd.
1939 1955 2079 1994 nostros
2103 1986 2114 2002 ‚
2153 1961 2191 1997 ὃς
2225 1960 2287 1998 da-

1263 2003 1404 2039 mnavit
1426 2002 1498 2040 iam
1521 2000 1622 2052 'supra
1645 2003 1832 2044 Gruterus.
1858 2006 2053 2054 Perperam
2065 2015 2189 2047 autem
2200 2011 2285 2050 hae-

1263 2047 1341 2088 fitat
1364 2053 1566 2091 Catanaeus
1589 2054 1680 2091 circa
1700 2055 1826 2104 plures.
1882 2058 2054 2095 Omnino
2078 2062 2194 2098 maior
2207 2073 2286 2110 pars

1267 2101 1416 2141 Senatus
1438 2104 1668 2154 intelligenda
1683 2135 1693 2150 ‚
1722 2119 1766 2145 ex
1791 2109 1890 2145 cuius
1914 2108 2088 2148 sententia
2110 2110 2285 2150 decerne-

1265 2149 1378 2190 batur.
1432 2154 1585 2193 Adludit
1609 2156 1744 2194 Seneca
1770 2159 1837 2196 IV.
1862 2158 1907 2196 de
1930 2158 2057 2196 Benef.
2081 2171 2157 2209 cap.
2183 2161 2288 2200 XXI.

1267 2204 1488 2253 Conscientia
1511 2219 1588 2242 cum
1609 2206 1781 2255 ingentem
1804 2223 1846 2246 ex
1867 2208 1982 2245 altera
2010 2219 2110 2258 parte
2140 2210 2288 2248 turbam

1267 2264 1389 2290 contra
1405 2255 1634 2303 sentientium
1655 2258 1817 2306 adspexit
1838 2287 1849 2302 ,
1876 2270 1955 2295 non
1976 2269 2141 2297 numerat
2165 2261 2288 2300 suffi‘a-

1265 2303 1348 2349 gia,
1366 2305 1432 2352 sed
1457 2319 1530 2342 una
1550 2307 1728 2356 sententia
1762 2310 1888 2345 vincit.
1926 2310 1964 2345 &
1988 2309 2032 2345 de
2056 2309 2141 2346 Vita
2175 2310 2285 2350 Beata

1268 2363 1344 2401 cap.
1380 2354 1425 2390 II.
1460 2358 1568 2403 princ.
1623 2362 1716 2393 Cum
1737 2359 1778 2394 de
1807 2358 1888 2394 vita
1910 2357 2012 2394 beata
2036 2360 2155 2407 agitur
2179 2389 2189 2404 ‚
2218 2374 2290 2400 non

1267 2400 1334 2445 est,
1363 2406 1454 2452 quod
1483 2405 1572 2442 mihi
1600 2405 1690 2442 illud
1713 2407 1939 2456 disteffionum
1959 2422 2053 2446 more
2074 2411 2286 2459 respondeas.

1270 2450 1375 2489 Haec
1408 2466 1485 2501 pars
1520 2457 1636 2492 maior
1665 2454 1734 2494 effe
1767 2458 1920 2496 videtur.
1971 2459 2043 2497 ideo
2073 2462 2166 2497 enim
2191 2463 2283 2510 peior

1266 2498 1320 2545 est.
1372 2503 1419 2541 ibi
1465 2506 1530 2542 alia
1569 2505 1793 2554 suppeditant
1832 2508 1973 2558 Lipfius
2010 2511 2050 2548 &
2097 2512 2286 2551 Gruterus.

1271 2551 1434 2592 Barthius
1460 2564 1641 2603 praeterea
1663 2556 1886 2608 adscripscrat
1907 2559 2098 2598 Budaeum
2122 2561 2168 2598 ad
2191 2563 2286 2599 Pan-

1272 2601 1364 2641 dect.
1388 2616 1465 2653 pag.
1490 2618 1568 2652 244.
1592 2608 1629 2644 &
1653 2619 1733 2653 271.
1787 2611 1900 2658 Supra
1912 2609 2049 2660 solvere
2072 2639 2084 2656 ‚
2121 2623 2188 2660 pro
2220 2612 2289 2661 ab<

1262 2651 1399 2699 fhlvere
1414 2685 1424 2701 ,
1451 2656 1558 2694 habet
1582 2656 1815 2698 Oxoniensis.

1324 2734 1342 2768 7
1375 2722 1601 2772 Inaequale.]
1631 2725 1831 2774 Iniquum,
1858 2729 1942 2778 quia
1976 2729 2034 2767 alii
2065 2716 2285 2778 prudentesss

1270 2772 1327 2809 alii
1352 2773 1565 2823 insipientes.
1595 2774 1749 2814 Cum.

1318 2838 1338 2874 8
1370 2841 1623 2891 Aequalitar.]
1655 2843 1771 2892 Quod
1792 2845 2033 2897 unusquisque
2056 2848 2208 2886 Senator
2218 2859 2279 2887 ae-

1270 2889 1375 2938 quale
1409 2892 1460 2937 jus
1493 2893 1644 2941 suffragii
1674 2894 1834 2933 habeat:
1873 2905 1948 2934 erat
1981 2900 2017 2935 in
2051 2899 2282 2938 Senatoribus

1269 2940 1367 2977 idem
1388 2941 1445 2987 jus
1460 2971 1470 2986 ,
1493 2942 1552 2980 sed
1575 2943 1685 2992 dispar
1708 2945 1907 2994 prudentia.
1936 2947 2049 2986 luem.

1322 3004 1344 3039 9
1373 2993 1567 3042 Priorisqun
1585 2994 1777 3043 epistolaef.
1799 2996 1853 3046 ιη]
1903 2998 2092 3037 Mediccus
2117 3013 2125 3036 :
2153 3001 2281 3048 priori-

1273 3055 1336 3091 que
1366 3041 1513 3089 epistolae
1542 3043 1648 3091 fidem
1679 3045 1832 3093 exsolvi,
1862 3048 1963 3098 quod
1986 3048 2133 3088 defendi
2158 3049 2285 3098 potcst-

1273 3093 1440 3134 Debebat
1462 3096 1560 3136 enim
1582 3097 1655 3135 hoc
1676 3097 1810 3187 ΡΙίηὸὶηε
1831 3110 1909 3139 non
1931 3101 2048 3140 minus
2071 3101 2201 3185 priorist
2210 3098 2284 3184 elpi-

1756 3148 1763 3157 *
2205 3156 2284 3185 oae
