<?xml version="1.0" encoding="UTF-8"?>
<!DOCTYPE html PUBLIC "-//W3C//DTD XHTML 1.0 Transitional//EN"
    "http://www.w3.org/TR/xhtml1/DTD/xhtml1-transitional.dtd">
<html xmlns="http://www.w3.org/1999/xhtml" xml:lang="en" lang="en">
 <head>
  <title>
</title>
<meta http-equiv="Content-Type" content="text/html;charset=utf-8" />
  <meta name='ocr-system' content='tesseract 3.04.00' />
  <meta name='ocr-capabilities' content='ocr_page ocr_carea ocr_par ocr_line ocrx_word'/>
</head>
<body>
  <div class='ocr_page' id='page_1' title='image "./caiipliniicaecil00plin_0414.png"; bbox 0 0 2616 3686; ppageno 0'>
   <div class='ocr_carea' id='block_1_1' title="bbox 269 175 2256 290">
    <p class='ocr_par' dir='ltr' id='par_1_1' title="bbox 269 175 2256 290">
     <span class='ocr_line' id='line_1_1' title="bbox 269 175 2256 290; baseline -0.01 -19"><span class='ocrx_word' id='word_1_1' title='bbox 269 235 364 290; x_wconf 79' lang='lat'>350</span> <span class='ocrx_word' id='word_1_2' title='bbox 507 206 1028 268; x_wconf 80' lang='lat' dir='ltr'>c.1&gt;L1N11</span> <span class='ocrx_word' id='word_1_3' title='bbox 1095 192 1608 254; x_wconf 61' lang='lat' dir='ltr'>CAECI‘ILI</span> <span class='ocrx_word' id='word_1_4' title='bbox 1675 175 2256 250; x_wconf 66' lang='lat' dir='ltr'><strong>SECUNDI&#39;</strong></span> 
     </span>
    </p>
   </div>
   <div class='ocr_carea' id='block_1_2' title="bbox 278 273 2421 575">
    <p class='ocr_par' dir='ltr' id='par_1_2' title="bbox 278 273 2421 575">
     <span class='ocr_line' id='line_1_2' title="bbox 278 273 2419 357; baseline -0.001 -17"><span class='ocrx_word' id='word_1_5' title='bbox 278 294 295 340; x_wconf 83' lang='lat'>.¹</span> <span class='ocrx_word' id='word_1_6' title='bbox 329 296 540 352; x_wconf 79' lang='lat' dir='ltr'>domini</span> <span class='ocrx_word' id='word_1_7' title='bbox 578 292 766 346; x_wconf 86' lang='lat' dir='ltr'>dicunt</span> <span class='ocrx_word' id='word_1_8' title='bbox 793 327 808 352; x_wconf 92' lang='lat'>,</span> <span class='ocrx_word' id='word_1_9' title='bbox 856 284 1028 342; x_wconf 91' lang='lat' dir='ltr'>modo</span> <span class='ocrx_word' id='word_1_10' title='bbox 1070 279 1319 336; x_wconf 86' lang='lat' dir='ltr'>artificis:</span> <span class='ocrx_word' id='word_1_11' title='bbox 1371 278 1386 297; x_wconf 86' lang='lat'>²</span> <span class='ocrx_word' id='word_1_12' title='bbox 1422 273 1638 331; x_wconf 82' lang='lat' dir='ltr'>alternis</span> <span class='ocrx_word' id='word_1_13' title='bbox 1659 273 1889 357; x_wconf 76' lang='lat' dir='ltr'>metulae</span> <span class='ocrx_word' id='word_1_14' title='bbox 1913 275 2166 350; x_wconf 89' lang='lat' dir='ltr'>surgunt,</span> <span class='ocrx_word' id='word_1_15' title='bbox 2202 278 2419 338; x_wconf 79' lang='lat' dir='ltr'>alternis</span> 
     </span>
     <span class='ocr_line' id='line_1_3' title="bbox 278 344 2419 432; baseline -0.008 -4"><span class='ocrx_word' id='word_1_16' title='bbox 278 370 472 428; x_wconf 89' lang='lat' dir='ltr'>inserta</span> <span class='ocrx_word' id='word_1_17' title='bbox 510 367 629 421; x_wconf 90' lang='lat' dir='ltr'>sunt</span> <span class='ocrx_word' id='word_1_18' title='bbox 670 376 684 402; x_wconf 86' lang='lat'><em>³</em></span> <span class='ocrx_word' id='word_1_19' title='bbox 718 379 879 432; x_wconf 86' lang='lat' dir='ltr'>poma</span> <span class='ocrx_word' id='word_1_20' title='bbox 903 398 919 423; x_wconf 91' lang='lat'>‚</span> <span class='ocrx_word' id='word_1_21' title='bbox 970 357 1026 413; x_wconf 75' lang='grc' dir='ltr'>δε</span> <span class='ocrx_word' id='word_1_22' title='bbox 1068 358 1124 411; x_wconf 89' lang='lat' dir='ltr'>in</span> <span class='ocrx_word' id='word_1_23' title='bbox 1159 369 1327 424; x_wconf 79' lang='lat' dir='ltr'>Opere</span> <span class='ocrx_word' id='word_1_24' title='bbox 1360 345 1708 403; x_wconf 74' lang='lat' dir='ltr'>urbaniffimo</span> <span class='ocrx_word' id='word_1_25' title='bbox 1728 344 1895 400; x_wconf 74' lang='lat' dir='ltr'>sublta</span> <span class='ocrx_word' id='word_1_26' title='bbox 1923 349 2108 405; x_wconf 86' lang='lat' dir='ltr'>⁴ve1ut</span> <span class='ocrx_word' id='word_1_27' title='bbox 2133 352 2258 407; x_wconf 88' lang='lat' dir='ltr'>illati</span> <span class='ocrx_word' id='word_1_28' title='bbox 2281 356 2419 411; x_wconf 85' lang='lat' dir='ltr'>ruris</span> 
     </span>
     <span class='ocr_line' id='line_1_4' title="bbox 280 416 2418 502; baseline -0.007 -5"><span class='ocrx_word' id='word_1_29' title='bbox 280 439 528 498; x_wconf 82' lang='lat' dir='ltr'>imitatio,</span> <span class='ocrx_word' id='word_1_30' title='bbox 604 435 853 493; x_wconf 89' lang='lat' dir='ltr'>Medium</span> <span class='ocrx_word' id='word_1_31' title='bbox 889 431 1117 502; x_wconf 88' lang='lat' dir='ltr'>spatium</span> <span class='ocrx_word' id='word_1_32' title='bbox 1150 425 1162 452; x_wconf 84' lang='lat'><em>⁵</em></span> <span class='ocrx_word' id='word_1_33' title='bbox 1204 420 1541 479; x_wconf 87' lang='lat' dir='ltr'>brevioribus</span> <span class='ocrx_word' id='word_1_34' title='bbox 1568 418 1843 489; x_wconf 87' lang='lat' dir='ltr'>utrimque</span> <span class='ocrx_word' id='word_1_35' title='bbox 1868 416 2089 500; x_wconf 76' lang='lat' dir='ltr'>platanis</span> <span class='ocrx_word' id='word_1_36' title='bbox 2109 423 2418 482; x_wconf 86' lang='lat' dir='ltr'>adornatur.</span> 
     </span>
     <span class='ocr_line' id='line_1_5' title="bbox 279 488 2421 575; baseline -0.012 -5"><span class='ocrx_word' id='word_1_37' title='bbox 279 513 408 572; x_wconf 89' lang='lat' dir='ltr'>Post</span> <span class='ocrx_word' id='word_1_38' title='bbox 430 512 552 575; x_wconf 80' lang='lat' dir='ltr'>haS‚</span> <span class='ocrx_word' id='word_1_39' title='bbox 590 508 846 565; x_wconf 86' lang='lat' dir='ltr'>acanthus</span> <span class='ocrx_word' id='word_1_40' title='bbox 871 507 994 559; x_wconf 88' lang='lat' dir='ltr'>hinc</span> <span class='ocrx_word' id='word_1_41' title='bbox 1020 501 1148 557; x_wconf 88' lang='lat' dir='ltr'>inde</span> <span class='ocrx_word' id='word_1_42' title='bbox 1174 497 1412 551; x_wconf 89' lang='lat' dir='ltr'>lubricus</span> <span class='ocrx_word' id='word_1_43' title='bbox 1438 493 1494 548; x_wconf 72' lang='grc' dir='ltr'>δε</span> <span class='ocrx_word' id='word_1_44' title='bbox 1523 490 1793 547; x_wconf 86' lang='lat' dir='ltr'>flexuosus</span> <span class='ocrx_word' id='word_1_45' title='bbox 1816 529 1833 555; x_wconf 86' lang='lat'>,</span> <span class='ocrx_word' id='word_1_46' title='bbox 1883 488 2082 545; x_wconf 88' lang='lat' dir='ltr'>deinde</span> <span class='ocrx_word' id='word_1_47' title='bbox 2103 494 2282 564; x_wconf 85' lang='lat' dir='ltr'>plures</span> <span class='ocrx_word' id='word_1_48' title='bbox 2303 495 2322 518; x_wconf 88' lang='lat'><strong><em>⁶</em></strong></span> <span class='ocrx_word' id='word_1_49' title='bbox 2358 499 2421 555; x_wconf 87' lang='lat' dir='ltr'>fi-</span> 
     </span>
    </p>
   </div>
   <div class='ocr_carea' id='block_1_3' title="bbox 282 562 2422 736">
    <p class='ocr_par' dir='ltr' id='par_1_3' title="bbox 282 562 2422 736">
     <span class='ocr_line' id='line_1_6' title="bbox 284 562 2419 660; baseline -0.011 -18"><span class='ocrx_word' id='word_1_50' title='bbox 284 603 473 660; x_wconf 88' lang='lat' dir='ltr'>gurae,</span> <span class='ocrx_word' id='word_1_51' title='bbox 514 584 775 657; x_wconf 85' lang='lat' dir='ltr'>pluraque</span> <span class='ocrx_word' id='word_1_52' title='bbox 798 578 1033 633; x_wconf 90' lang='lat' dir='ltr'>nomina.</span> <span class='ocrx_word' id='word_1_53' title='bbox 1059 575 1113 626; x_wconf 93' lang='lat' dir='ltr'>in</span> <span class='ocrx_word' id='word_1_54' title='bbox 1136 571 1309 638; x_wconf 91' lang='lat' dir='ltr'>capite</span> <span class='ocrx_word' id='word_1_55' title='bbox 1331 577 1348 604; x_wconf 89' lang='lat'>⁷</span> <span class='ocrx_word' id='word_1_56' title='bbox 1373 563 1658 660; x_wconf 63' lang='lat' dir='ltr'>stibadium</span> <span class='ocrx_word' id='word_1_57' title='bbox 1685 562 1921 647; x_wconf 77' lang='lat' dir='ltr'>candido</span> <span class='ocrx_word' id='word_1_58' title='bbox 1947 581 2216 620; x_wconf 87' lang='lat' dir='ltr'>marmore</span> <span class='ocrx_word' id='word_1_59' title='bbox 2244 603 2259 653; x_wconf 70' lang='lat'>3</span> <span class='ocrx_word' id='word_1_60' title='bbox 2308 573 2419 627; x_wconf 79' lang='lat' dir='ltr'>vite</span> 
     </span>
     <span class='ocr_line' id='line_1_7' title="bbox 282 634 2422 736; baseline -0.008 -20"><span class='ocrx_word' id='word_1_61' title='bbox 282 658 613 736; x_wconf 85' lang='lat' dir='ltr'>protegitur.</span> <span class='ocrx_word' id='word_1_62' title='bbox 652 656 820 709; x_wconf 87' lang='lat' dir='ltr'>vitem</span> <span class='ocrx_word' id='word_1_63' title='bbox 862 660 1094 720; x_wconf 89' lang='lat' dir='ltr'>quatuor</span> <span class='ocrx_word' id='word_1_64' title='bbox 1127 640 1445 696; x_wconf 84' lang='lat' dir='ltr'>columellae</span> <span class='ocrx_word' id='word_1_65' title='bbox 1523 636 1795 708; x_wconf 90' lang='lat' dir='ltr'>Carystiae</span> <span class='ocrx_word' id='word_1_66' title='bbox 1832 634 2077 693; x_wconf 91' lang='lat' dir='ltr'>subeunt.</span> <span class='ocrx_word' id='word_1_67' title='bbox 2129 636 2177 693; x_wconf 84' lang='lat' dir='ltr'>E</span> <span class='ocrx_word' id='word_1_68' title='bbox 2200 637 2422 698; x_wconf 82' lang='lat' dir='ltr'>stibadio</span> 
     </span>
    </p>
   </div>
   <div class='ocr_carea' id='block_1_4' title="bbox 284 851 1331 1275">
    <p class='ocr_par' dir='ltr' id='par_1_4' title="bbox 284 851 1324 1015">
     <span class='ocr_line' id='line_1_8' title="bbox 284 851 1321 917; baseline -0.023 -6"><span class='ocrx_word' id='word_1_69' title='bbox 284 871 397 911; x_wconf 81' lang='lat' dir='ltr'>habet</span> <span class='ocrx_word' id='word_1_70' title='bbox 419 869 609 917; x_wconf 84' lang='lat' dir='ltr'>Optimus.</span> <span class='ocrx_word' id='word_1_71' title='bbox 647 861 837 902; x_wconf 78' lang='lat' dir='ltr'>Inteiiioe:</span> <span class='ocrx_word' id='word_1_72' title='bbox 864 858 982 897; x_wconf 78' lang='lat' dir='ltr'>buxus</span> <span class='ocrx_word' id='word_1_73' title='bbox 1005 854 1180 904; x_wconf 87' lang='lat' dir='ltr'>descripta</span> <span class='ocrx_word' id='word_1_74' title='bbox 1200 853 1239 891; x_wconf 86' lang='lat' dir='ltr'>in</span> <span class='ocrx_word' id='word_1_75' title='bbox 1260 851 1321 909; x_wconf 70' lang='lat' dir='ltr'>lit-</span> 
     </span>
     <span class='ocr_line' id='line_1_9' title="bbox 285 891 1324 966; baseline -0.022 -5"><span class='ocrx_word' id='word_1_76' title='bbox 285 935 380 962; x_wconf 83' lang='lat' dir='ltr'>teras</span> <span class='ocrx_word' id='word_1_77' title='bbox 394 950 404 966; x_wconf 94' lang='lat'>,</span> <span class='ocrx_word' id='word_1_78' title='bbox 433 928 474 957; x_wconf 88' lang='lat' dir='ltr'>ut</span> <span class='ocrx_word' id='word_1_79' title='bbox 496 919 534 956; x_wconf 90' lang='lat' dir='ltr'>in</span> <span class='ocrx_word' id='word_1_80' title='bbox 548 918 705 965; x_wconf 79' lang='lat' dir='ltr'>formas.</span> <span class='ocrx_word' id='word_1_81' title='bbox 741 891 846 952; x_wconf 63' lang='lat' dir='ltr'>&#39;falls</span> <span class='ocrx_word' id='word_1_82' title='bbox 868 910 1058 958; x_wconf 80' lang='lat' dir='ltr'>Repetitio</span> <span class='ocrx_word' id='word_1_83' title='bbox 1079 903 1324 960; x_wconf 77' lang='lat' dir='ltr'>Praepositio-</span> 
     </span>
     <span class='ocr_line' id='line_1_10' title="bbox 288 952 1323 1015; baseline -0.021 -4"><span class='ocrx_word' id='word_1_84' title='bbox 288 974 344 1011; x_wconf 89' lang='lat' dir='ltr'>nis</span> <span class='ocrx_word' id='word_1_85' title='bbox 366 971 490 1009; x_wconf 86' lang='lat' dir='ltr'>aderat</span> <span class='ocrx_word' id='word_1_86' title='bbox 510 967 629 1006; x_wconf 88' lang='lat' dir='ltr'>modo</span> <span class='ocrx_word' id='word_1_87' title='bbox 650 979 686 1004; x_wconf 90' lang='lat' dir='ltr'>n.</span> <span class='ocrx_word' id='word_1_88' title='bbox 709 977 769 1015; x_wconf 84' lang='lat'>31.</span> <span class='ocrx_word' id='word_1_89' title='bbox 795 965 967 1012; x_wconf 68' lang='lat' dir='ltr'>Qarum</span> <span class='ocrx_word' id='word_1_90' title='bbox 985 961 1021 997; x_wconf 89' lang='lat' dir='ltr'>in</span> <span class='ocrx_word' id='word_1_91' title='bbox 1033 957 1149 1012; x_wconf 64' lang='lat' dir='ltr'>altero</span> <span class='ocrx_word' id='word_1_92' title='bbox 1164 952 1323 992; x_wconf 82' lang='lat' dir='ltr'>cubicula</span> 
     </span>
    </p>

    <p class='ocr_par' dir='ltr' id='par_1_5' title="bbox 314 1004 1326 1066">
     <span class='ocr_line' id='line_1_11' title="bbox 314 1004 1326 1066; baseline -0.02 -6"><span class='ocrx_word' id='word_1_93' title='bbox 314 1032 445 1060; x_wconf 84' lang='lat' dir='ltr'>uatuor</span> <span class='ocrx_word' id='word_1_94' title='bbox 467 1050 478 1066; x_wconf 92' lang='lat'>,</span> <span class='ocrx_word' id='word_1_95' title='bbox 516 1019 627 1057; x_wconf 79' lang='lat' dir='ltr'>altera</span> <span class='ocrx_word' id='word_1_96' title='bbox 657 1018 743 1056; x_wconf 87' lang='lat' dir='ltr'>tria.</span> <span class='ocrx_word' id='word_1_97' title='bbox 797 1015 893 1052; x_wconf 81' lang='lat' dir='ltr'>Sext.</span> <span class='ocrx_word' id='word_1_98' title='bbox 923 1011 1066 1064; x_wconf 82' lang='lat' dir='ltr'>Platon.</span> <span class='ocrx_word' id='word_1_99' title='bbox 1102 1007 1183 1044; x_wconf 90' lang='lat' dir='ltr'>Lib.</span> <span class='ocrx_word' id='word_1_100' title='bbox 1217 1004 1245 1042; x_wconf 93' lang='lat'>1.</span> <span class='ocrx_word' id='word_1_101' title='bbox 1281 1004 1326 1042; x_wconf 91' lang='lat' dir='ltr'>de</span> 
     </span>
    </p>

    <p class='ocr_par' dir='ltr' id='par_1_6' title="bbox 291 1053 1331 1275">
     <span class='ocr_line' id='line_1_12' title="bbox 324 1053 1327 1117; baseline -0.02 -6"><span class='ocrx_word' id='word_1_102' title='bbox 324 1073 434 1111; x_wconf 73' lang='lat' dir='ltr'>IediC.</span> <span class='ocrx_word' id='word_1_103' title='bbox 457 1083 503 1110; x_wconf 86' lang='lat' dir='ltr'>ex</span> <span class='ocrx_word' id='word_1_104' title='bbox 525 1071 638 1108; x_wconf 84' lang='lat' dir='ltr'>anim.</span> <span class='ocrx_word' id='word_1_105' title='bbox 660 1080 738 1117; x_wconf 83' lang='lat' dir='ltr'>cap.</span> <span class='ocrx_word' id='word_1_106' title='bbox 760 1066 826 1103; x_wconf 87' lang='lat' dir='ltr'>IX.</span> <span class='ocrx_word' id='word_1_107' title='bbox 850 1076 886 1100; x_wconf 91' lang='lat' dir='ltr'>n.</span> <span class='ocrx_word' id='word_1_108' title='bbox 908 1075 968 1112; x_wconf 82' lang='lat'>23.</span> <span class='ocrx_word' id='word_1_109' title='bbox 1009 1065 1045 1097; x_wconf 81' lang='lat' dir='ltr'>Si</span> <span class='ocrx_word' id='word_1_110' title='bbox 1067 1059 1189 1095; x_wconf 82' lang='lat' dir='ltr'>dexter</span> <span class='ocrx_word' id='word_1_111' title='bbox 1212 1053 1327 1114; x_wconf 66' lang='lat' dir='ltr'>oculus</span> 
     </span>
     <span class='ocr_line' id='line_1_13' title="bbox 291 1105 1331 1174; baseline -0.02 -12"><span class='ocrx_word' id='word_1_112' title='bbox 291 1123 513 1174; x_wconf 82' lang='lat' dir='ltr'>glaucomate</span> <span class='ocrx_word' id='word_1_113' title='bbox 534 1119 679 1157; x_wconf 79' lang='lat' dir='ltr'>laborat</span> <span class='ocrx_word' id='word_1_114' title='bbox 694 1148 704 1164; x_wconf 89' lang='lat'>‚</span> <span class='ocrx_word' id='word_1_115' title='bbox 733 1119 770 1155; x_wconf 93' lang='lat' dir='ltr'>in</span> <span class='ocrx_word' id='word_1_116' title='bbox 791 1113 1024 1153; x_wconf 80' lang='lat' dir='ltr'>dexteriorem</span> <span class='ocrx_word' id='word_1_117' title='bbox 1045 1119 1181 1165; x_wconf 82' lang='lat' dir='ltr'>partem</span> <span class='ocrx_word' id='word_1_118' title='bbox 1190 1105 1331 1158; x_wconf 85' lang='lat' dir='ltr'>spicella</span> 
     </span>
     <span class='ocr_line' id='line_1_14' title="bbox 296 1157 1330 1221; baseline -0.017 -9"><span class='ocrx_word' id='word_1_119' title='bbox 296 1173 505 1212; x_wconf 80' lang='lat' dir='ltr'>demittitur</span> <span class='ocrx_word' id='word_1_120' title='bbox 528 1186 538 1215; x_wconf 90' lang='lat'>;</span> <span class='ocrx_word' id='word_1_121' title='bbox 561 1169 620 1221; x_wconf 82' lang='lat' dir='ltr'>sin</span> <span class='ocrx_word' id='word_1_122' title='bbox 643 1167 775 1221; x_wconf 75' lang='lat' dir='ltr'>sinister</span> <span class='ocrx_word' id='word_1_123' title='bbox 801 1194 812 1213; x_wconf 94' lang='lat'>‚</span> <span class='ocrx_word' id='word_1_124' title='bbox 840 1162 1026 1203; x_wconf 80' lang='lat' dir='ltr'>sinistram.</span> <span class='ocrx_word' id='word_1_125' title='bbox 1054 1158 1214 1198; x_wconf 86' lang='lat' dir='ltr'>Ovidius</span> <span class='ocrx_word' id='word_1_126' title='bbox 1236 1157 1330 1196; x_wconf 86' lang='lat' dir='ltr'>Her.</span> 
     </span>
     <span class='ocr_line' id='line_1_15' title="bbox 293 1222 653 1275; baseline -0.011 -11"><span class='ocrx_word' id='word_1_127' title='bbox 293 1223 403 1275; x_wconf 79' lang='lat' dir='ltr'>Epist.</span> <span class='ocrx_word' id='word_1_128' title='bbox 426 1222 475 1260; x_wconf 93' lang='lat' dir='ltr'>V.</span> <span class='ocrx_word' id='word_1_129' title='bbox 497 1235 548 1261; x_wconf 86' lang='lat' dir='ltr'>vs.</span> <span class='ocrx_word' id='word_1_130' title='bbox 573 1235 653 1260; x_wconf 87' lang='lat'>111.</span> 
     </span>
    </p>
   </div>
   <div class='ocr_carea' id='block_1_5' title="bbox 349 1309 1334 1373">
    <p class='ocr_par' dir='ltr' id='par_1_7' title="bbox 349 1309 1334 1373">
     <span class='ocr_line' id='line_1_16' title="bbox 349 1309 1334 1373; baseline -0.018 -8"><span class='ocrx_word' id='word_1_131' title='bbox 349 1331 400 1365; x_wconf 84' lang='lat' dir='ltr'>Et</span> <span class='ocrx_word' id='word_1_132' title='bbox 422 1326 543 1365; x_wconf 84' lang='lat' dir='ltr'>minus</span> <span class='ocrx_word' id='word_1_133' title='bbox 561 1324 605 1373; x_wconf 84' lang='lat' dir='ltr'>est</span> <span class='ocrx_word' id='word_1_134' title='bbox 628 1326 667 1364; x_wconf 88' lang='lat' dir='ltr'>in</span> <span class='ocrx_word' id='word_1_135' title='bbox 688 1333 720 1361; x_wconf 90' lang='lat' dir='ltr'>te</span> <span class='ocrx_word' id='word_1_136' title='bbox 735 1352 746 1370; x_wconf 92' lang='lat'>‚</span> <span class='ocrx_word' id='word_1_137' title='bbox 773 1332 883 1373; x_wconf 81' lang='lat' dir='ltr'>quam</span> <span class='ocrx_word' id='word_1_138' title='bbox 906 1319 1050 1358; x_wconf 83' lang='lat' dir='ltr'>summa</span> <span class='ocrx_word' id='word_1_139' title='bbox 1064 1314 1199 1366; x_wconf 82' lang='lat' dir='ltr'>pondus</span> <span class='ocrx_word' id='word_1_140' title='bbox 1221 1309 1334 1350; x_wconf 88' lang='lat' dir='ltr'>arista.</span> 
     </span>
    </p>
   </div>
   <div class='ocr_carea' id='block_1_6' title="bbox 297 1414 1369 2538">
    <p class='ocr_par' dir='ltr' id='par_1_8' title="bbox 297 1414 1343 1833">
     <span class='ocr_line' id='line_1_17' title="bbox 297 1414 1334 1477; baseline -0.02 -6"><span class='ocrx_word' id='word_1_141' title='bbox 297 1428 413 1470; x_wconf 79' lang='lat' dir='ltr'>&#39;Adde</span> <span class='ocrx_word' id='word_1_142' title='bbox 444 1428 545 1477; x_wconf 84' lang='lat' dir='ltr'>supra</span> <span class='ocrx_word' id='word_1_143' title='bbox 579 1426 660 1466; x_wconf 88' lang='lat' dir='ltr'>Lib.</span> <span class='ocrx_word' id='word_1_144' title='bbox 693 1425 743 1464; x_wconf 90' lang='lat' dir='ltr'>II.</span> <span class='ocrx_word' id='word_1_145' title='bbox 774 1422 884 1473; x_wconf 87' lang='lat' dir='ltr'>Epist.</span> <span class='ocrx_word' id='word_1_146' title='bbox 916 1418 1045 1460; x_wconf 80' lang='lat' dir='ltr'>XVII.</span> <span class='ocrx_word' id='word_1_147' title='bbox 1073 1431 1110 1458; x_wconf 89' lang='lat' dir='ltr'>n.</span> <span class='ocrx_word' id='word_1_148' title='bbox 1144 1418 1200 1456; x_wconf 89' lang='lat'>16.</span> <span class='ocrx_word' id='word_1_149' title='bbox 1227 1414 1334 1453; x_wconf 73' lang='lat' dir='ltr'>idem</span> 
     </span>
     <span class='ocr_line' id='line_1_18' title="bbox 301 1469 1337 1530; baseline -0.016 -11"><span class='ocrx_word' id='word_1_150' title='bbox 301 1479 518 1520; x_wconf 88' lang='lat' dir='ltr'>Mediceus:</span> <span class='ocrx_word' id='word_1_151' title='bbox 542 1491 619 1530; x_wconf 88' lang='lat' dir='ltr'>quo</span> <span class='ocrx_word' id='word_1_152' title='bbox 643 1478 744 1516; x_wconf 90' lang='lat' dir='ltr'>modo</span> <span class='ocrx_word' id='word_1_153' title='bbox 767 1487 904 1513; x_wconf 85' lang='lat' dir='ltr'>nomen.</span> <span class='ocrx_word' id='word_1_154' title='bbox 927 1484 1006 1510; x_wconf 91' lang='lat' dir='ltr'>non</span> <span class='ocrx_word' id='word_1_155' title='bbox 1027 1472 1155 1520; x_wconf 88' lang='lat' dir='ltr'>placet.</span> <span class='ocrx_word' id='word_1_156' title='bbox 1180 1469 1337 1506; x_wconf 61' lang='lat' dir='ltr'>Come.</span> 
     </span>
     <span class='ocr_line' id='line_1_19' title="bbox 357 1517 1336 1580; baseline -0.015 -11"><span class='ocrx_word' id='word_1_157' title='bbox 357 1544 372 1569; x_wconf 93' lang='lat'>1</span> <span class='ocrx_word' id='word_1_158' title='bbox 410 1530 594 1580; x_wconf 88' lang='lat' dir='ltr'>Domini.]</span> <span class='ocrx_word' id='word_1_159' title='bbox 625 1529 805 1577; x_wconf 83' lang='lat' dir='ltr'>Trajani,</span> <span class='ocrx_word' id='word_1_160' title='bbox 834 1537 917 1563; x_wconf 83' lang='lat' dir='ltr'>cuni</span> <span class='ocrx_word' id='word_1_161' title='bbox 942 1525 981 1562; x_wconf 88' lang='lat' dir='ltr'>in</span> <span class='ocrx_word' id='word_1_162' title='bbox 997 1517 1336 1578; x_wconf 76' lang='lat' dir='ltr'>Epistoliseundem</span> 
     </span>
     <span class='ocr_line' id='line_1_20' title="bbox 301 1566 1340 1631; baseline -0.014 -10"><span class='ocrx_word' id='word_1_163' title='bbox 301 1582 519 1622; x_wconf 85' lang='lat' dir='ltr'>Dominum</span> <span class='ocrx_word' id='word_1_164' title='bbox 539 1581 696 1631; x_wconf 82' lang='lat' dir='ltr'>appellet</span> <span class='ocrx_word' id='word_1_165' title='bbox 720 1577 918 1617; x_wconf 82' lang='lat' dir='ltr'>Secundus.</span> <span class='ocrx_word' id='word_1_166' title='bbox 947 1575 1011 1612; x_wconf 88' lang='lat' dir='ltr'>An</span> <span class='ocrx_word' id='word_1_167' title='bbox 1033 1574 1198 1615; x_wconf 82' lang='lat' dir='ltr'>domtm,</span> <span class='ocrx_word' id='word_1_168' title='bbox 1225 1568 1263 1608; x_wconf 91' lang='lat' dir='ltr'>id</span> <span class='ocrx_word' id='word_1_169' title='bbox 1290 1566 1340 1606; x_wconf 91' lang='lat' dir='ltr'>est</span> 
     </span>
     <span class='ocr_line' id='line_1_21' title="bbox 302 1618 1341 1679; baseline -0.016 -7"><span class='ocrx_word' id='word_1_170' title='bbox 302 1633 461 1672; x_wconf 85' lang='lat' dir='ltr'>Secundi</span> <span class='ocrx_word' id='word_1_171' title='bbox 489 1633 503 1670; x_wconf 87' lang='lat'>?</span> <span class='ocrx_word' id='word_1_172' title='bbox 540 1634 642 1672; x_wconf 89' lang='lat' dir='ltr'>Nam</span> <span class='ocrx_word' id='word_1_173' title='bbox 665 1628 903 1679; x_wconf 85' lang='lat' dir='ltr'>Tranquillus</span> <span class='ocrx_word' id='word_1_174' title='bbox 925 1629 964 1665; x_wconf 90' lang='lat' dir='ltr'>in</span> <span class='ocrx_word' id='word_1_175' title='bbox 986 1625 1144 1664; x_wconf 87' lang='lat' dir='ltr'>Tiberio</span> <span class='ocrx_word' id='word_1_176' title='bbox 1165 1618 1341 1671; x_wconf 81' lang='lat' dir='ltr'>poffeffo-</span> 
     </span>
     <span class='ocr_line' id='line_1_22' title="bbox 304 1669 1341 1731; baseline -0.014 -9"><span class='ocrx_word' id='word_1_177' title='bbox 304 1693 361 1722; x_wconf 81' lang='lat' dir='ltr'>res</span> <span class='ocrx_word' id='word_1_178' title='bbox 382 1685 578 1722; x_wconf 86' lang='lat' dir='ltr'>insularum</span> <span class='ocrx_word' id='word_1_179' title='bbox 592 1682 749 1720; x_wconf 86' lang='lat' dir='ltr'>dominos</span> <span class='ocrx_word' id='word_1_180' title='bbox 764 1680 859 1718; x_wconf 88' lang='lat' dir='ltr'>dicit.</span> <span class='ocrx_word' id='word_1_181' title='bbox 889 1678 1048 1716; x_wconf 57' lang='lat' dir='ltr'>Canu.</span> <span class='ocrx_word' id='word_1_182' title='bbox 1075 1673 1194 1713; x_wconf 66' lang='lat' dir='ltr'>Recte</span> <span class='ocrx_word' id='word_1_183' title='bbox 1206 1669 1341 1731; x_wconf 65' lang='lat' dir='ltr'>posses-</span> 
     </span>
     <span class='ocr_line' id='line_1_23' title="bbox 305 1720 1343 1781; baseline -0.014 -8"><span class='ocrx_word' id='word_1_184' title='bbox 305 1734 394 1773; x_wconf 83' lang='lat' dir='ltr'>soris</span> <span class='ocrx_word' id='word_1_185' title='bbox 412 1736 540 1780; x_wconf 85' lang='lat' dir='ltr'>Plinii,</span> <span class='ocrx_word' id='word_1_186' title='bbox 569 1745 648 1772; x_wconf 91' lang='lat' dir='ltr'>non</span> <span class='ocrx_word' id='word_1_187' title='bbox 670 1733 850 1781; x_wconf 86' lang='lat' dir='ltr'>principis.</span> <span class='ocrx_word' id='word_1_188' title='bbox 876 1728 976 1766; x_wconf 89' lang='lat' dir='ltr'>Vide</span> <span class='ocrx_word' id='word_1_189' title='bbox 994 1727 1041 1766; x_wconf 87' lang='lat' dir='ltr'>ad</span> <span class='ocrx_word' id='word_1_190' title='bbox 1065 1725 1148 1764; x_wconf 87' lang='lat' dir='ltr'>Lib.</span> <span class='ocrx_word' id='word_1_191' title='bbox 1174 1724 1205 1761; x_wconf 90' lang='grc' dir='ltr'>Ι.</span> <span class='ocrx_word' id='word_1_192' title='bbox 1229 1720 1343 1779; x_wconf 64' lang='lat' dir='ltr'>Izpist.</span> 
     </span>
     <span class='ocr_line' id='line_1_24' title="bbox 306 1773 1266 1833; baseline -0.015 -10"><span class='ocrx_word' id='word_1_193' title='bbox 306 1784 453 1824; x_wconf 84' lang='lat' dir='ltr'>XXIV.</span> <span class='ocrx_word' id='word_1_194' title='bbox 474 1798 508 1823; x_wconf 92' lang='lat' dir='ltr'>n.</span> <span class='ocrx_word' id='word_1_195' title='bbox 529 1798 564 1833; x_wconf 85' lang='lat'>4.</span> <span class='ocrx_word' id='word_1_196' title='bbox 591 1781 803 1830; x_wconf 83' lang='lat' dir='ltr'>Scholasticis</span> <span class='ocrx_word' id='word_1_197' title='bbox 825 1791 922 1832; x_wconf 85' lang='lat' dir='ltr'>porro</span> <span class='ocrx_word' id='word_1_198' title='bbox 947 1777 1107 1816; x_wconf 89' lang='lat' dir='ltr'>dominis</span> <span class='ocrx_word' id='word_1_199' title='bbox 1121 1773 1266 1830; x_wconf 59' lang='lat' dir='ltr'>sufficit.</span> 
     </span>
    </p>

    <p class='ocr_par' dir='ltr' id='par_1_9' title="bbox 307 1825 1350 2087">
     <span class='ocr_line' id='line_1_25' title="bbox 359 1825 1345 1884; baseline -0.014 -9"><span class='ocrx_word' id='word_1_200' title='bbox 359 1848 382 1873; x_wconf 87' lang='lat'><em>2</em></span> <span class='ocrx_word' id='word_1_201' title='bbox 413 1837 579 1874; x_wconf 84' lang='lat' dir='ltr'>Alternis</span> <span class='ocrx_word' id='word_1_202' title='bbox 602 1832 796 1881; x_wconf 60' lang='lat' dir='ltr'>metulae]</span> <span class='ocrx_word' id='word_1_203' title='bbox 828 1833 886 1870; x_wconf 85' lang='lat' dir='ltr'>Sic</span> <span class='ocrx_word' id='word_1_204' title='bbox 908 1829 1100 1884; x_wconf 76' lang='lat' dir='ltr'>veterrimi</span> <span class='ocrx_word' id='word_1_205' title='bbox 1119 1828 1158 1863; x_wconf 88' lang='lat'>&amp;</span> <span class='ocrx_word' id='word_1_206' title='bbox 1180 1825 1345 1873; x_wconf 75' lang='lat' dir='ltr'>plerique</span> 
     </span>
     <span class='ocr_line' id='line_1_26' title="bbox 307 1875 1348 1926; baseline -0.016 0"><span class='ocrx_word' id='word_1_207' title='bbox 307 1888 445 1926; x_wconf 79' lang='lat' dir='ltr'>&#39;omnes</span> <span class='ocrx_word' id='word_1_208' title='bbox 471 1887 594 1925; x_wconf 91' lang='lat' dir='ltr'>Codd.</span> <span class='ocrx_word' id='word_1_209' title='bbox 630 1886 738 1922; x_wconf 90' lang='lat' dir='ltr'>Unus</span> <span class='ocrx_word' id='word_1_210' title='bbox 760 1882 866 1922; x_wconf 77' lang='lat' dir='ltr'>Voss.</span> <span class='ocrx_word' id='word_1_211' title='bbox 885 1880 1033 1918; x_wconf 78' lang='lat' dir='ltr'>alternis</span> <span class='ocrx_word' id='word_1_212' title='bbox 1068 1877 1237 1917; x_wconf 76' lang='lat' dir='ltr'>viticulae</span> <span class='ocrx_word' id='word_1_213' title='bbox 1263 1875 1348 1923; x_wconf 84' lang='lat' dir='ltr'>sur-</span> 
     </span>
     <span class='ocr_line' id='line_1_27' title="bbox 307 1925 1350 2035; baseline -0.012 -9"><span class='ocrx_word' id='word_1_214' title='bbox 307 1949 424 2027; x_wconf 58' lang='lat'>{3552</span> <span class='ocrx_word' id='word_1_215' title='bbox 453 1937 707 2026; x_wconf 43' lang='lat' dir='ltr'>§imbuit</span> <span class='ocrx_word' id='word_1_216' title='bbox 723 1925 1350 2035; x_wconf 42' lang='lat' dir='ltr'>sffiusseffciifflviiitfiiffiffrffll</span> 
     </span>
     <span class='ocr_line' id='line_1_28' title="bbox 317 2037 855 2087; baseline -0.011 -8"><span class='ocrx_word' id='word_1_217' title='bbox 317 2040 410 2087; x_wconf 61' lang='lat' dir='ltr'>Yet.</span> <span class='ocrx_word' id='word_1_218' title='bbox 434 2038 599 2077; x_wconf 81' lang='lat' dir='ltr'>alterinis</span> <span class='ocrx_word' id='word_1_219' title='bbox 621 2040 674 2076; x_wconf 88' lang='lat' dir='ltr'>bis</span> <span class='ocrx_word' id='word_1_220' title='bbox 697 2037 855 2076; x_wconf 81' lang='lat' dir='ltr'>exhibet.</span> 
     </span>
    </p>

    <p class='ocr_par' dir='ltr' id='par_1_10' title="bbox 321 2079 1362 2342">
     <span class='ocr_line' id='line_1_29' title="bbox 371 2079 1354 2140; baseline -0.012 -12"><span class='ocrx_word' id='word_1_221' title='bbox 371 2102 391 2140; x_wconf 86' lang='lat'>3</span> <span class='ocrx_word' id='word_1_222' title='bbox 424 2088 584 2138; x_wconf 81' lang='lat' dir='ltr'>Poma.]</span> <span class='ocrx_word' id='word_1_223' title='bbox 626 2089 670 2125; x_wconf 88' lang='lat' dir='ltr'>In</span> <span class='ocrx_word' id='word_1_224' title='bbox 700 2098 833 2126; x_wconf 89' lang='lat' dir='ltr'>neutro</span> <span class='ocrx_word' id='word_1_225' title='bbox 864 2098 933 2137; x_wconf 87' lang='lat' dir='ltr'>pro</span> <span class='ocrx_word' id='word_1_226' title='bbox 964 2081 1152 2120; x_wconf 83' lang='lat' dir='ltr'>arboribus</span> <span class='ocrx_word' id='word_1_227' title='bbox 1173 2079 1354 2130; x_wconf 86' lang='lat' dir='ltr'>nusquam</span> 
     </span>
     <span class='ocr_line' id='line_1_30' title="bbox 322 2135 1359 2188; baseline -0.013 -10"><span class='ocrx_word' id='word_1_228' title='bbox 322 2140 408 2179; x_wconf 76' lang='lat' dir='ltr'>aiibi</span> <span class='ocrx_word' id='word_1_229' title='bbox 428 2142 716 2178; x_wconf 84' lang='lat' dir='ltr'>annotavimus:</span> <span class='ocrx_word' id='word_1_230' title='bbox 741 2139 830 2177; x_wconf 88' lang='lat' dir='ltr'>sicut</span> <span class='ocrx_word' id='word_1_231' title='bbox 846 2135 1009 2188; x_wconf 85' lang='lat' dir='ltr'>pomaria</span> <span class='ocrx_word' id='word_1_232' title='bbox 1031 2141 1161 2170; x_wconf 84' lang='lat' dir='ltr'>contra</span> <span class='ocrx_word' id='word_1_233' title='bbox 1172 2141 1359 2187; x_wconf 79' lang='lat' dir='ltr'>gramina-</span> 
     </span>
     <span class='ocr_line' id='line_1_31' title="bbox 321 2180 1360 2240; baseline -0.012 -11"><span class='ocrx_word' id='word_1_234' title='bbox 321 2193 483 2229; x_wconf 87' lang='lat' dir='ltr'>ticoruin</span> <span class='ocrx_word' id='word_1_235' title='bbox 508 2200 700 2240; x_wconf 85' lang='lat' dir='ltr'>praecepta</span> <span class='ocrx_word' id='word_1_236' title='bbox 723 2189 821 2239; x_wconf 86' lang='lat' dir='ltr'>apud</span> <span class='ocrx_word' id='word_1_237' title='bbox 845 2184 1094 2227; x_wconf 75' lang='lat' dir='ltr'>Columellam</span> <span class='ocrx_word' id='word_1_238' title='bbox 1110 2211 1120 2227; x_wconf 92' lang='lat'>,</span> <span class='ocrx_word' id='word_1_239' title='bbox 1157 2180 1360 2240; x_wconf 72' lang='lat' dir='ltr'>Palladium</span> 
     </span>
     <span class='ocr_line' id='line_1_32' title="bbox 323 2233 1362 2286; baseline -0.01 -7"><span class='ocrx_word' id='word_1_240' title='bbox 323 2242 536 2280; x_wconf 81' lang='lat' dir='ltr'>Martialem</span> <span class='ocrx_word' id='word_1_241' title='bbox 561 2270 572 2286; x_wconf 90' lang='lat'>‚</span> <span class='ocrx_word' id='word_1_242' title='bbox 610 2242 778 2280; x_wconf 87' lang='lat' dir='ltr'>Statium.</span> <span class='ocrx_word' id='word_1_243' title='bbox 830 2241 904 2278; x_wconf 92' lang='lat' dir='ltr'>Pro</span> <span class='ocrx_word' id='word_1_244' title='bbox 936 2236 1025 2276; x_wconf 87' lang='lat' dir='ltr'>locis</span> <span class='ocrx_word' id='word_1_245' title='bbox 1059 2233 1206 2272; x_wconf 88' lang='lat' dir='ltr'>consitis</span> <span class='ocrx_word' id='word_1_246' title='bbox 1239 2243 1362 2282; x_wconf 86' lang='lat' dir='ltr'>pomis</span> 
     </span>
     <span class='ocr_line' id='line_1_33' title="bbox 323 2291 842 2342; baseline -0.006 -9"><span class='ocrx_word' id='word_1_247' title='bbox 323 2294 480 2342; x_wconf 82' lang='lat' dir='ltr'>legimus</span> <span class='ocrx_word' id='word_1_248' title='bbox 499 2291 658 2331; x_wconf 86' lang='lat' dir='ltr'>subinde.</span> <span class='ocrx_word' id='word_1_249' title='bbox 688 2294 842 2330; x_wconf 61' lang='lat' dir='ltr'>Carni.</span> 
     </span>
    </p>

    <p class='ocr_par' dir='ltr' id='par_1_11' title="bbox 330 2334 1369 2495">
     <span class='ocr_line' id='line_1_34' title="bbox 378 2334 1365 2391; baseline -0.011 -9"><span class='ocrx_word' id='word_1_250' title='bbox 378 2357 402 2390; x_wconf 86' lang='grc'>4</span> <span class='ocrx_word' id='word_1_251' title='bbox 442 2343 542 2381; x_wconf 85' lang='lat' dir='ltr'>Velut</span> <span class='ocrx_word' id='word_1_252' title='bbox 576 2344 660 2382; x_wconf 81' lang='lat' dir='ltr'>illati</span> <span class='ocrx_word' id='word_1_253' title='bbox 693 2341 838 2391; x_wconf 83' lang='lat' dir='ltr'>ruris.]</span> <span class='ocrx_word' id='word_1_254' title='bbox 889 2340 1085 2386; x_wconf 81' lang='lat' dir='ltr'>Eleganter</span> <span class='ocrx_word' id='word_1_255' title='bbox 1117 2335 1212 2373; x_wconf 81' lang='lat' dir='ltr'>illati</span> <span class='ocrx_word' id='word_1_256' title='bbox 1245 2334 1365 2391; x_wconf 52' lang='lat' dir='ltr'>ruris,</span> 
     </span>
     <span class='ocr_line' id='line_1_35' title="bbox 330 2385 1366 2448; baseline -0.012 -14"><span class='ocrx_word' id='word_1_257' title='bbox 330 2397 481 2448; x_wconf 84' lang='lat' dir='ltr'>qualem</span> <span class='ocrx_word' id='word_1_258' title='bbox 503 2395 634 2434; x_wconf 83' lang='lat' dir='ltr'>faciem</span> <span class='ocrx_word' id='word_1_259' title='bbox 657 2395 716 2432; x_wconf 88' lang='lat' dir='ltr'>hic</span> <span class='ocrx_word' id='word_1_260' title='bbox 740 2405 818 2431; x_wconf 92' lang='lat' dir='ltr'>non</span> <span class='ocrx_word' id='word_1_261' title='bbox 842 2390 1124 2441; x_wconf 60' lang='lat' dir='ltr'>exspectaveras.</span> <span class='ocrx_word' id='word_1_262' title='bbox 1152 2386 1250 2445; x_wconf 28' lang='lat' dir='ltr'>&#39;Nec</span> <span class='ocrx_word' id='word_1_263' title='bbox 1271 2385 1366 2442; x_wconf 78' lang='lat' dir='ltr'>cedit</span> 
     </span>
     <span class='ocr_line' id='line_1_36' title="bbox 334 2436 1369 2495; baseline -0.01 -10"><span class='ocrx_word' id='word_1_264' title='bbox 334 2447 513 2495; x_wconf 80' lang='lat' dir='ltr'>elegantia</span> <span class='ocrx_word' id='word_1_265' title='bbox 537 2446 709 2483; x_wconf 78' lang='lat' dir='ltr'>Lucanus</span> <span class='ocrx_word' id='word_1_266' title='bbox 734 2445 814 2482; x_wconf 89' lang='lat' dir='ltr'>Lib.</span> <span class='ocrx_word' id='word_1_267' title='bbox 837 2444 903 2482; x_wconf 87' lang='lat' dir='ltr'>IX.</span> <span class='ocrx_word' id='word_1_268' title='bbox 924 2454 976 2480; x_wconf 88' lang='lat' dir='ltr'>vs.</span> <span class='ocrx_word' id='word_1_269' title='bbox 994 2451 1078 2491; x_wconf 83' lang='lat'>323.</span> <span class='ocrx_word' id='word_1_270' title='bbox 1099 2439 1163 2476; x_wconf 87' lang='lat' dir='ltr'>ubi</span> <span class='ocrx_word' id='word_1_271' title='bbox 1183 2436 1230 2475; x_wconf 88' lang='lat' dir='ltr'>de</span> <span class='ocrx_word' id='word_1_272' title='bbox 1253 2437 1369 2484; x_wconf 88' lang='lat' dir='ltr'>Syrti-</span> 
     </span>
    </p>

    <p class='ocr_par' dir='ltr' id='par_1_12' title="bbox 337 2498 824 2538">
     <span class='ocr_line' id='line_1_37' title="bbox 337 2498 824 2538; baseline -0.008 -1"><span class='ocrx_word' id='word_1_273' title='bbox 337 2499 403 2538; x_wconf 88' lang='lat' dir='ltr'>bus</span> <span class='ocrx_word' id='word_1_274' title='bbox 428 2501 466 2536; x_wconf 88' lang='lat'>&amp;</span> <span class='ocrx_word' id='word_1_275' title='bbox 485 2504 600 2537; x_wconf 87' lang='lat' dir='ltr'>vento</span> <span class='ocrx_word' id='word_1_276' title='bbox 624 2498 694 2537; x_wconf 86' lang='lat' dir='ltr'>illic</span> <span class='ocrx_word' id='word_1_277' title='bbox 717 2505 824 2534; x_wconf 90' lang='lat' dir='ltr'>orto:</span> 
     </span>
    </p>
   </div>
   <div class='ocr_carea' id='block_1_7' title="bbox 391 2589 1307 2701">
    <p class='ocr_par' dir='ltr' id='par_1_13' title="bbox 391 2589 1307 2701">
     <span class='ocr_line' id='line_1_38' title="bbox 392 2589 1307 2648; baseline -0.014 -9"><span class='ocrx_word' id='word_1_278' title='bbox 392 2620 457 2632; x_wconf 94' lang='lat'><strong>—</strong></span> <span class='ocrx_word' id='word_1_279' title='bbox 508 2618 581 2631; x_wconf 85' lang='lat'>--</span> <span class='ocrx_word' id='word_1_280' title='bbox 631 2619 704 2630; x_wconf 90' lang='lat'>—-</span> <span class='ocrx_word' id='word_1_281' title='bbox 754 2598 918 2648; x_wconf 76' lang='lat' dir='ltr'>longeque</span> <span class='ocrx_word' id='word_1_282' title='bbox 939 2596 984 2632; x_wconf 88' lang='lat' dir='ltr'>ab</span> <span class='ocrx_word' id='word_1_283' title='bbox 1008 2590 1171 2641; x_wconf 74' lang='lat' dir='ltr'>Syrtibus</span> <span class='ocrx_word' id='word_1_284' title='bbox 1191 2589 1307 2628; x_wconf 77' lang='lat' dir='ltr'>undas</span> 
     </span>
     <span class='ocr_line' id='line_1_39' title="bbox 391 2649 1192 2701; baseline -0.012 -12"><span class='ocrx_word' id='word_1_285' title='bbox 391 2652 474 2701; x_wconf 84' lang='lat' dir='ltr'>Egit</span> <span class='ocrx_word' id='word_1_286' title='bbox 489 2679 499 2696; x_wconf 97' lang='lat'>,</span> <span class='ocrx_word' id='word_1_287' title='bbox 526 2661 570 2689; x_wconf 62' lang='grc' dir='ltr'>ω’</span> <span class='ocrx_word' id='word_1_288' title='bbox 590 2649 690 2688; x_wconf 82' lang='lat' dir='ltr'>illato</span> <span class='ocrx_word' id='word_1_289' title='bbox 714 2650 884 2698; x_wconf 79' lang='lat' dir='ltr'>confregit</span> <span class='ocrx_word' id='word_1_290' title='bbox 908 2649 1014 2687; x_wconf 77' lang='lat' dir='ltr'>litore</span> <span class='ocrx_word' id='word_1_291' title='bbox 1030 2653 1192 2694; x_wconf 87' lang='lat' dir='ltr'>pontum.</span> 
     </span>
    </p>
   </div>
   <div class='ocr_carea' id='block_1_8' title="bbox 340 2745 1383 3156">
    <p class='ocr_par' dir='ltr' id='par_1_14' title="bbox 340 2745 1383 3156">
     <span class='ocr_line' id='line_1_40' title="bbox 340 2745 1379 2802; baseline -0.015 -8"><span class='ocrx_word' id='word_1_292' title='bbox 340 2751 450 2794; x_wconf 70' lang='lat' dir='ltr'>&#39;ram</span> <span class='ocrx_word' id='word_1_293' title='bbox 487 2755 650 2802; x_wconf 81' lang='lat' dir='ltr'>egregius</span> <span class='ocrx_word' id='word_1_294' title='bbox 681 2754 785 2791; x_wconf 81' lang='lat' dir='ltr'>locus</span> <span class='ocrx_word' id='word_1_295' title='bbox 807 2753 845 2789; x_wconf 89' lang='lat' dir='ltr'>in</span> <span class='ocrx_word' id='word_1_296' title='bbox 868 2750 1041 2788; x_wconf 85' lang='lat' dir='ltr'>omnibus</span> <span class='ocrx_word' id='word_1_297' title='bbox 1064 2745 1160 2784; x_wconf 86' lang='lat' dir='ltr'>Edd.</span> <span class='ocrx_word' id='word_1_298' title='bbox 1182 2745 1275 2783; x_wconf 90' lang='lat' dir='ltr'>mire</span> <span class='ocrx_word' id='word_1_299' title='bbox 1297 2752 1379 2780; x_wconf 91' lang='lat' dir='ltr'>cor-</span> 
     </span>
     <span class='ocr_line' id='line_1_41' title="bbox 350 2795 1379 2853; baseline -0.007 -13"><span class='ocrx_word' id='word_1_300' title='bbox 350 2816 472 2853; x_wconf 79' lang='lat' dir='ltr'>ruptus</span> <span class='ocrx_word' id='word_1_301' title='bbox 497 2815 582 2843; x_wconf 81' lang='lat' dir='ltr'>erat.</span> <span class='ocrx_word' id='word_1_302' title='bbox 623 2803 831 2841; x_wconf 75' lang='lat' dir='ltr'>scribebant</span> <span class='ocrx_word' id='word_1_303' title='bbox 855 2803 953 2840; x_wconf 83' lang='lat' dir='ltr'>enim</span> <span class='ocrx_word' id='word_1_304' title='bbox 980 2803 1018 2840; x_wconf 64' lang='grc' dir='ltr'>ὃς</span> <span class='ocrx_word' id='word_1_305' title='bbox 1050 2795 1379 2852; x_wconf 78' lang='lat' dir='ltr'>interpungebant:</span> 
     </span>
     <span class='ocr_line' id='line_1_42' title="bbox 351 2845 1380 2903; baseline -0.004 -15"><span class='ocrx_word' id='word_1_306' title='bbox 351 2855 494 2891; x_wconf 83' lang='lat' dir='ltr'>alternis</span> <span class='ocrx_word' id='word_1_307' title='bbox 520 2857 650 2902; x_wconf 85' lang='lat' dir='ltr'>inserta</span> <span class='ocrx_word' id='word_1_308' title='bbox 668 2856 756 2903; x_wconf 81' lang='lat' dir='ltr'>stent</span> <span class='ocrx_word' id='word_1_309' title='bbox 773 2864 875 2902; x_wconf 85' lang='lat' dir='ltr'>poma</span> <span class='ocrx_word' id='word_1_310' title='bbox 899 2870 910 2889; x_wconf 91' lang='lat'><em>:</em></span> <span class='ocrx_word' id='word_1_311' title='bbox 947 2863 991 2891; x_wconf 65' lang='lat' dir='ltr'>cy</span> <span class='ocrx_word' id='word_1_312' title='bbox 1010 2852 1046 2888; x_wconf 81' lang='lat' dir='ltr'>in</span> <span class='ocrx_word' id='word_1_313' title='bbox 1070 2859 1162 2898; x_wconf 84' lang='lat' dir='ltr'>opere</span> <span class='ocrx_word' id='word_1_314' title='bbox 1194 2845 1380 2902; x_wconf 57' lang='lat' dir='ltr'>urlqaniffi-</span> 
     </span>
     <span class='ocr_line' id='line_1_43' title="bbox 353 2897 1380 2951; baseline -0.014 -4"><span class='ocrx_word' id='word_1_315' title='bbox 353 2917 408 2939; x_wconf 88' lang='lat' dir='ltr'>m⁰</span> <span class='ocrx_word' id='word_1_316' title='bbox 424 2933 433 2946; x_wconf 85' lang='lat'>‚</span> <span class='ocrx_word' id='word_1_317' title='bbox 456 2905 576 2951; x_wconf 76' lang='lat' dir='ltr'>subita</span> <span class='ocrx_word' id='word_1_318' title='bbox 599 2905 698 2941; x_wconf 78' lang='lat' dir='ltr'>velut</span> <span class='ocrx_word' id='word_1_319' title='bbox 718 2905 814 2942; x_wconf 81' lang='lat' dir='ltr'>illati</span> <span class='ocrx_word' id='word_1_320' title='bbox 835 2904 925 2941; x_wconf 80' lang='lat' dir='ltr'>ruris</span> <span class='ocrx_word' id='word_1_321' title='bbox 949 2901 1101 2940; x_wconf 83' lang='lat' dir='ltr'>imitatio</span> <span class='ocrx_word' id='word_1_322' title='bbox 1127 2928 1138 2944; x_wconf 93' lang='lat'>‚</span> <span class='ocrx_word' id='word_1_323' title='bbox 1165 2897 1321 2936; x_wconf 85' lang='lat' dir='ltr'>medium</span> <span class='ocrx_word' id='word_1_324' title='bbox 1343 2909 1380 2934; x_wconf 90' lang='lat' dir='ltr'>in</span> 
     </span>
     <span class='ocr_line' id='line_1_44' title="bbox 353 2947 1380 3003; baseline -0.005 -14"><span class='ocrx_word' id='word_1_325' title='bbox 353 2954 508 3003; x_wconf 73' lang='lat' dir='ltr'>spatium</span> <span class='ocrx_word' id='word_1_326' title='bbox 526 2983 534 2995; x_wconf 91' lang='lat'>‚</span> <span class='ocrx_word' id='word_1_327' title='bbox 563 2964 630 2991; x_wconf 83' lang='lat' dir='ltr'>cet.</span> <span class='ocrx_word' id='word_1_328' title='bbox 653 2966 696 2989; x_wconf 79' lang='lat' dir='ltr'>cx</span> <span class='ocrx_word' id='word_1_329' title='bbox 722 2956 850 3001; x_wconf 76' lang='lat' dir='ltr'>quibus</span> <span class='ocrx_word' id='word_1_330' title='bbox 872 2955 1011 2990; x_wconf 86' lang='lat' dir='ltr'>nullum</span> <span class='ocrx_word' id='word_1_331' title='bbox 1036 2952 1216 2991; x_wconf 85' lang='lat' dir='ltr'>idoneum</span> <span class='ocrx_word' id='word_1_332' title='bbox 1238 2947 1380 2985; x_wconf 85' lang='lat' dir='ltr'>sensum</span> 
     </span>
     <span class='ocr_line' id='line_1_45' title="bbox 357 2999 1381 3050; baseline -0.006 -9"><span class='ocrx_word' id='word_1_333' title='bbox 357 3004 498 3041; x_wconf 70' lang='lat' dir='ltr'>efficias.</span> <span class='ocrx_word' id='word_1_334' title='bbox 531 3004 605 3049; x_wconf 68' lang='lat' dir='ltr'>lpse</span> <span class='ocrx_word' id='word_1_335' title='bbox 637 3002 713 3049; x_wconf 82' lang='lat' dir='ltr'>post</span> <span class='ocrx_word' id='word_1_336' title='bbox 746 3004 900 3039; x_wconf 82' lang='lat' dir='ltr'>imitatio</span> <span class='ocrx_word' id='word_1_337' title='bbox 934 3005 1078 3050; x_wconf 77' lang='lat' dir='ltr'>plenam</span> <span class='ocrx_word' id='word_1_338' title='bbox 1112 2999 1381 3039; x_wconf 61' lang='lat' dir='ltr'>distinctionem</span> 
     </span>
     <span class='ocr_line' id='line_1_46' title="bbox 359 3055 674 3103; baseline -0.022 -10"><span class='ocrx_word' id='word_1_339' title='bbox 359 3055 461 3103; x_wconf 84' lang='lat' dir='ltr'>posui</span> <span class='ocrx_word' id='word_1_340' title='bbox 488 3083 497 3097; x_wconf 97' lang='lat'>‚</span> <span class='ocrx_word' id='word_1_341' title='bbox 526 3064 640 3100; x_wconf 73' lang='lat' dir='ltr'>caque</span> <span class='ocrx_word' id='word_1_342' title='bbox 665 3079 674 3093; x_wconf 91' lang='lat'>,</span> 
     </span>
     <span class='ocr_line' id='line_1_47' title="bbox 361 3096 1383 3156; baseline -0.008 -12"><span class='ocrx_word' id='word_1_343' title='bbox 361 3116 442 3156; x_wconf 71' lang='lat' dir='ltr'>rens</span> <span class='ocrx_word' id='word_1_344' title='bbox 478 3103 640 3151; x_wconf 75' lang='lat' dir='ltr'>intellzgo</span> <span class='ocrx_word' id='word_1_345' title='bbox 680 3101 834 3139; x_wconf 72' lang='lat' dir='ltr'>verbum</span> <span class='ocrx_word' id='word_1_346' title='bbox 869 3101 1124 3140; x_wconf 78' lang='lat' dir='ltr'>substantivum</span> <span class='ocrx_word' id='word_1_347' title='bbox 1155 3102 1210 3150; x_wconf 83' lang='lat' dir='ltr'>est.</span> <span class='ocrx_word' id='word_1_348' title='bbox 1265 3096 1383 3150; x_wconf 89' lang='lat' dir='ltr'>Quod</span> 
     </span>
    </p>
   </div>
   <div class='ocr_carea' id='block_1_9' title="bbox 704 3049 1386 3099">
    <p class='ocr_par' dir='ltr' id='par_1_15' title="bbox 704 3049 1386 3099">
     <span class='ocr_line' id='line_1_48' title="bbox 704 3049 1386 3099; baseline 0 -14"><span class='ocrx_word' id='word_1_349' title='bbox 704 3060 741 3086; x_wconf 86' lang='lat' dir='ltr'>iit</span> <span class='ocrx_word' id='word_1_350' title='bbox 765 3050 839 3088; x_wconf 54' lang='lat' dir='ltr'>fici-*1</span> <span class='ocrx_word' id='word_1_351' title='bbox 863 3053 969 3087; x_wconf 63' lang='lat' dir='ltr'>debet</span> <span class='ocrx_word' id='word_1_352' title='bbox 984 3080 992 3095; x_wconf 91' lang='lat'>,</span> <span class='ocrx_word' id='word_1_353' title='bbox 1020 3053 1065 3089; x_wconf 80' lang='lat' dir='ltr'>ad</span> <span class='ocrx_word' id='word_1_354' title='bbox 1088 3053 1269 3099; x_wconf 83' lang='lat' dir='ltr'>superiora</span> <span class='ocrx_word' id='word_1_355' title='bbox 1291 3049 1386 3087; x_wconf 86' lang='lat' dir='ltr'>refe-</span> 
     </span>
    </p>
   </div>
   <div class='ocr_carea' id='block_1_10' title="bbox 2263 729 2431 786">
    <p class='ocr_par' dir='ltr' id='par_1_16' title="bbox 2263 729 2431 786">
     <span class='ocr_line' id='line_1_49' title="bbox 2263 729 2431 786; baseline 0.024 -20"><span class='ocrx_word' id='word_1_356' title='bbox 2263 729 2431 786; x_wconf 88' lang='lat' dir='ltr'>aqua,</span> 
     </span>
    </p>
   </div>
   <div class='ocr_carea' id='block_1_11' title="bbox 1407 845 2453 1509">
    <p class='ocr_par' dir='ltr' id='par_1_17' title="bbox 1407 845 2444 1250">
     <span class='ocr_line' id='line_1_50' title="bbox 1407 845 2432 896; baseline -0.001 -10"><span class='ocrx_word' id='word_1_357' title='bbox 1407 858 1493 886; x_wconf 86' lang='lat' dir='ltr'>curn</span> <span class='ocrx_word' id='word_1_358' title='bbox 1524 846 1723 896; x_wconf 86' lang='lat' dir='ltr'>saepiffime</span> <span class='ocrx_word' id='word_1_359' title='bbox 1744 847 1873 885; x_wconf 58' lang='lat' dir='ltr'>auctor</span> <span class='ocrx_word' id='word_1_360' title='bbox 1892 847 2013 885; x_wconf 89' lang='lat' dir='ltr'>noster</span> <span class='ocrx_word' id='word_1_361' title='bbox 2034 850 2181 886; x_wconf 86' lang='lat' dir='ltr'>omittat</span> <span class='ocrx_word' id='word_1_362' title='bbox 2205 877 2215 893; x_wconf 95' lang='lat'>,</span> <span class='ocrx_word' id='word_1_363' title='bbox 2250 845 2356 895; x_wconf 81' lang='lat' dir='ltr'>saepe</span> <span class='ocrx_word' id='word_1_364' title='bbox 2378 846 2432 881; x_wconf 75' lang='lat' dir='ltr'>ta‘</span> 
     </span>
     <span class='ocr_line' id='line_1_51' title="bbox 1410 897 2433 938; baseline 0.003 -3"><span class='ocrx_word' id='word_1_365' title='bbox 1410 909 1501 935; x_wconf 88' lang='lat' dir='ltr'>men</span> <span class='ocrx_word' id='word_1_366' title='bbox 1519 898 1668 935; x_wconf 88' lang='lat' dir='ltr'>librariis</span> <span class='ocrx_word' id='word_1_367' title='bbox 1688 898 1726 934; x_wconf 72' lang='grc' dir='ltr'>ὅ(</span> <span class='ocrx_word' id='word_1_368' title='bbox 1738 898 2002 936; x_wconf 66' lang='lat' dir='ltr'>correctoribus</span> <span class='ocrx_word' id='word_1_369' title='bbox 2015 897 2131 937; x_wconf 84' lang='lat' dir='ltr'>fraudi</span> <span class='ocrx_word' id='word_1_370' title='bbox 2143 899 2219 936; x_wconf 81' lang='lat' dir='ltr'>fuit.</span> <span class='ocrx_word' id='word_1_371' title='bbox 2249 899 2327 936; x_wconf 87' lang='lat' dir='ltr'>Iam</span> <span class='ocrx_word' id='word_1_372' title='bbox 2344 912 2433 938; x_wconf 86' lang='lat' dir='ltr'>vero</span> 
     </span>
     <span class='ocr_line' id='line_1_52' title="bbox 1408 946 2435 997; baseline 0.006 -13"><span class='ocrx_word' id='word_1_373' title='bbox 1408 947 1521 986; x_wconf 80' lang='lat' dir='ltr'>video</span> <span class='ocrx_word' id='word_1_374' title='bbox 1547 977 1557 993; x_wconf 93' lang='lat'>,</span> <span class='ocrx_word' id='word_1_375' title='bbox 1599 946 1813 995; x_wconf 82' lang='lat' dir='ltr'>Gryphium</span> <span class='ocrx_word' id='word_1_376' title='bbox 1836 949 1947 985; x_wconf 86' lang='lat' dir='ltr'>etiam</span> <span class='ocrx_word' id='word_1_377' title='bbox 1970 977 1980 993; x_wconf 92' lang='lat'>,</span> <span class='ocrx_word' id='word_1_378' title='bbox 2016 950 2072 986; x_wconf 85' lang='lat' dir='ltr'>uti</span> <span class='ocrx_word' id='word_1_379' title='bbox 2095 961 2162 987; x_wconf 89' lang='lat' dir='ltr'>nos</span> <span class='ocrx_word' id='word_1_380' title='bbox 2177 979 2187 994; x_wconf 88' lang='lat'>,</span> <span class='ocrx_word' id='word_1_381' title='bbox 2216 949 2408 990; x_wconf 74' lang='lat' dir='ltr'>distinxisse</span> <span class='ocrx_word' id='word_1_382' title='bbox 2424 979 2435 997; x_wconf 88' lang='lat'>,</span> 
     </span>
     <span class='ocr_line' id='line_1_53' title="bbox 1412 997 2442 1046; baseline 0.004 -9"><span class='ocrx_word' id='word_1_383' title='bbox 1412 1000 1498 1038; x_wconf 84' lang='lat' dir='ltr'>licet</span> <span class='ocrx_word' id='word_1_384' title='bbox 1520 1001 1558 1037; x_wconf 91' lang='lat' dir='ltr'>in</span> <span class='ocrx_word' id='word_1_385' title='bbox 1579 998 1652 1036; x_wconf 90' lang='lat' dir='ltr'>alio</span> <span class='ocrx_word' id='word_1_386' title='bbox 1675 1005 1865 1046; x_wconf 86' lang='lat' dir='ltr'>corruptus</span> <span class='ocrx_word' id='word_1_387' title='bbox 1897 997 1948 1034; x_wconf 87' lang='lat' dir='ltr'>sit.</span> <span class='ocrx_word' id='word_1_388' title='bbox 1987 997 2112 1036; x_wconf 87' lang='lat' dir='ltr'>Servat</span> <span class='ocrx_word' id='word_1_389' title='bbox 2144 1003 2244 1039; x_wconf 86' lang='lat' dir='ltr'>enim</span> <span class='ocrx_word' id='word_1_390' title='bbox 2278 1013 2363 1038; x_wconf 86' lang='lat' dir='ltr'>cum</span> <span class='ocrx_word' id='word_1_391' title='bbox 2396 1015 2442 1041; x_wconf 93' lang='lat' dir='ltr'>o-</span> 
     </span>
     <span class='ocr_line' id='line_1_54' title="bbox 1414 1048 2442 1101; baseline 0.002 -13"><span class='ocrx_word' id='word_1_392' title='bbox 1414 1051 1559 1089; x_wconf 88' lang='lat' dir='ltr'>mnibus</span> <span class='ocrx_word' id='word_1_393' title='bbox 1581 1049 1758 1097; x_wconf 85' lang='lat' dir='ltr'>vulgatis:</span> <span class='ocrx_word' id='word_1_394' title='bbox 1787 1048 1951 1085; x_wconf 76' lang='lat' dir='ltr'>Medium</span> <span class='ocrx_word' id='word_1_395' title='bbox 1973 1049 2010 1085; x_wconf 90' lang='lat' dir='ltr'>in</span> <span class='ocrx_word' id='word_1_396' title='bbox 2022 1048 2194 1096; x_wconf 84' lang='lat' dir='ltr'>spatium.</span> <span class='ocrx_word' id='word_1_397' title='bbox 2222 1052 2274 1088; x_wconf 89' lang='lat' dir='ltr'>At</span> <span class='ocrx_word' id='word_1_398' title='bbox 2295 1052 2365 1101; x_wconf 78' lang='lat' dir='ltr'>ipsa</span> <span class='ocrx_word' id='word_1_399' title='bbox 2387 1065 2442 1093; x_wconf 85' lang='lat' dir='ltr'>res</span> 
     </span>
     <span class='ocr_line' id='line_1_55' title="bbox 1416 1097 2443 1147; baseline 0.006 -9"><span class='ocrx_word' id='word_1_400' title='bbox 1416 1102 1549 1139; x_wconf 75' lang='lat' dir='ltr'>clamat</span> <span class='ocrx_word' id='word_1_401' title='bbox 1569 1130 1579 1146; x_wconf 93' lang='lat'>‚</span> <span class='ocrx_word' id='word_1_402' title='bbox 1619 1098 1848 1138; x_wconf 86' lang='lat' dir='ltr'>scribendum</span> <span class='ocrx_word' id='word_1_403' title='bbox 1881 1097 1983 1138; x_wconf 82' lang='lat' dir='ltr'>effe:</span> <span class='ocrx_word' id='word_1_404' title='bbox 2022 1100 2187 1136; x_wconf 83' lang='lat' dir='ltr'>Medium</span> <span class='ocrx_word' id='word_1_405' title='bbox 2217 1102 2443 1147; x_wconf 82' lang='lat' dir='ltr'>spatium...</span> 
     </span>
     <span class='ocr_line' id='line_1_56' title="bbox 1414 1148 2444 1202; baseline -0.005 -12"><span class='ocrx_word' id='word_1_406' title='bbox 1414 1153 1617 1190; x_wconf 75' lang='lat' dir='ltr'>adornatur</span> <span class='ocrx_word' id='word_1_407' title='bbox 1641 1168 1652 1188; x_wconf 91' lang='grc'>.-</span> <span class='ocrx_word' id='word_1_408' title='bbox 1692 1149 1796 1201; x_wconf 89' lang='lat' dir='ltr'>quod</span> <span class='ocrx_word' id='word_1_409' title='bbox 1828 1161 1914 1187; x_wconf 92' lang='lat' dir='ltr'>cum</span> <span class='ocrx_word' id='word_1_410' title='bbox 1935 1148 2128 1187; x_wconf 88' lang='lat' dir='ltr'>Mediceus</span> <span class='ocrx_word' id='word_1_411' title='bbox 2151 1152 2190 1188; x_wconf 68' lang='grc' dir='ltr'>ὅ(</span> <span class='ocrx_word' id='word_1_412' title='bbox 2211 1151 2315 1189; x_wconf 82' lang='lat' dir='ltr'>Vofl&#39;.</span> <span class='ocrx_word' id='word_1_413' title='bbox 2340 1165 2444 1202; x_wconf 74' lang='lat' dir='ltr'>prae.</span> 
     </span>
     <span class='ocr_line' id='line_1_57' title="bbox 1414 1201 2235 1250; baseline -0.004 -8"><span class='ocrx_word' id='word_1_414' title='bbox 1414 1203 1531 1249; x_wconf 90' lang='lat' dir='ltr'>stent,</span> <span class='ocrx_word' id='word_1_415' title='bbox 1559 1201 1635 1240; x_wconf 89' lang='lat' dir='ltr'>fine</span> <span class='ocrx_word' id='word_1_416' title='bbox 1655 1201 1895 1240; x_wconf 83' lang='lat' dir='ltr'>haesitatione</span> <span class='ocrx_word' id='word_1_417' title='bbox 1918 1201 2049 1250; x_wconf 88' lang='lat' dir='ltr'>recepi.</span> <span class='ocrx_word' id='word_1_418' title='bbox 2078 1201 2165 1239; x_wconf 76' lang='lat' dir='ltr'>COR</span> <span class='ocrx_word' id='word_1_419' title='bbox 2175 1213 2235 1239; x_wconf 79' lang='lat' dir='ltr'>TE.</span> 
     </span>
    </p>

    <p class='ocr_par' dir='ltr' id='par_1_18' title="bbox 1419 1251 2453 1404">
     <span class='ocr_line' id='line_1_58' title="bbox 1468 1251 2453 1304; baseline 0 -12"><span class='ocrx_word' id='word_1_420' title='bbox 1468 1269 1486 1304; x_wconf 83' lang='grc' dir='ltr'><em>ς</em></span> <span class='ocrx_word' id='word_1_421' title='bbox 1516 1251 1782 1302; x_wconf 59' lang='lat' dir='ltr'>Brevioribus]</span> <span class='ocrx_word' id='word_1_422' title='bbox 1812 1251 1994 1301; x_wconf 72' lang='lat' dir='ltr'>Respeetu</span> <span class='ocrx_word' id='word_1_423' title='bbox 2014 1252 2155 1290; x_wconf 82' lang='lat' dir='ltr'>illarum</span> <span class='ocrx_word' id='word_1_424' title='bbox 2179 1281 2190 1297; x_wconf 92' lang='lat'>,</span> <span class='ocrx_word' id='word_1_425' title='bbox 2218 1252 2350 1302; x_wconf 88' lang='lat' dir='ltr'>quibus</span> <span class='ocrx_word' id='word_1_426' title='bbox 2369 1253 2453 1304; x_wconf 87' lang='lat' dir='ltr'>hip-</span> 
     </span>
     <span class='ocr_line' id='line_1_59' title="bbox 1419 1301 2450 1356; baseline 0.002 -12"><span class='ocrx_word' id='word_1_427' title='bbox 1419 1306 1625 1356; x_wconf 91' lang='lat' dir='ltr'>podromus</span> <span class='ocrx_word' id='word_1_428' title='bbox 1646 1305 1684 1342; x_wconf 89' lang='lat' dir='ltr'>in</span> <span class='ocrx_word' id='word_1_429' title='bbox 1706 1301 1863 1351; x_wconf 84' lang='lat' dir='ltr'>ingressu</span> <span class='ocrx_word' id='word_1_430' title='bbox 1885 1303 2119 1341; x_wconf 66' lang='lat' dir='ltr'>vestiebatur.</span> <span class='ocrx_word' id='word_1_431' title='bbox 2141 1303 2297 1342; x_wconf 60' lang='lat' dir='ltr'>Canu.</span> <span class='ocrx_word' id='word_1_432' title='bbox 2326 1306 2450 1346; x_wconf 89' lang='lat' dir='ltr'>Medi-</span> 
     </span>
     <span class='ocr_line' id='line_1_60' title="bbox 1419 1353 2352 1404; baseline -0.001 -8"><span class='ocrx_word' id='word_1_433' title='bbox 1419 1369 1525 1396; x_wconf 88' lang='lat' dir='ltr'>ceus:</span> <span class='ocrx_word' id='word_1_434' title='bbox 1553 1354 1720 1394; x_wconf 76' lang='lat' dir='ltr'>brevibus</span> <span class='ocrx_word' id='word_1_435' title='bbox 1741 1368 1775 1392; x_wconf 90' lang='lat' dir='ltr'>u.</span> <span class='ocrx_word' id='word_1_436' title='bbox 1792 1353 1951 1404; x_wconf 83' lang='lat' dir='ltr'>platanis</span> <span class='ocrx_word' id='word_1_437' title='bbox 1974 1367 2006 1391; x_wconf 88' lang='lat' dir='ltr'>a.</span> <span class='ocrx_word' id='word_1_438' title='bbox 2032 1366 2099 1402; x_wconf 92' lang='lat' dir='ltr'>pro</span> <span class='ocrx_word' id='word_1_439' title='bbox 2121 1354 2352 1395; x_wconf 83' lang='lat' dir='ltr'>brevioribus.</span> 
     </span>
    </p>

    <p class='ocr_par' dir='ltr' id='par_1_19' title="bbox 1417 1404 2451 1509">
     <span class='ocr_line' id='line_1_61' title="bbox 1468 1404 2448 1456; baseline 0.001 -11"><span class='ocrx_word' id='word_1_440' title='bbox 1468 1409 1492 1445; x_wconf 94' lang='lat'><em>6</em></span> <span class='ocrx_word' id='word_1_441' title='bbox 1520 1404 1710 1456; x_wconf 60' lang='lat' dir='ltr'>figurae]</span> <span class='ocrx_word' id='word_1_442' title='bbox 1739 1406 1972 1454; x_wconf 80' lang='lat' dir='ltr'>Ambiguum</span> <span class='ocrx_word' id='word_1_443' title='bbox 1997 1418 2042 1443; x_wconf 82' lang='lat' dir='ltr'>ex</span> <span class='ocrx_word' id='word_1_444' title='bbox 2056 1407 2237 1451; x_wconf 75' lang='lat' dir='ltr'>acantho,</span> <span class='ocrx_word' id='word_1_445' title='bbox 2261 1419 2308 1444; x_wconf 89' lang='lat' dir='ltr'>an</span> <span class='ocrx_word' id='word_1_446' title='bbox 2319 1407 2422 1446; x_wconf 85' lang='lat' dir='ltr'>buxo</span> <span class='ocrx_word' id='word_1_447' title='bbox 2437 1437 2448 1453; x_wconf 87' lang='lat'>,</span> 
     </span>
     <span class='ocr_line' id='line_1_62' title="bbox 1417 1456 2451 1509; baseline -0.001 -10"><span class='ocrx_word' id='word_1_448' title='bbox 1417 1472 1464 1499; x_wconf 88' lang='lat' dir='ltr'>an</span> <span class='ocrx_word' id='word_1_449' title='bbox 1476 1461 1591 1508; x_wconf 82' lang='lat' dir='ltr'>magis</span> <span class='ocrx_word' id='word_1_450' title='bbox 1604 1468 1699 1508; x_wconf 84' lang='lat' dir='ltr'>quae</span> <span class='ocrx_word' id='word_1_451' title='bbox 1712 1466 1813 1496; x_wconf 89' lang='lat' dir='ltr'>erant</span> <span class='ocrx_word' id='word_1_452' title='bbox 1824 1456 1974 1496; x_wconf 81' lang='lat' dir='ltr'>stibadio</span> <span class='ocrx_word' id='word_1_453' title='bbox 1986 1456 2241 1506; x_wconf 80' lang='lat' dir='ltr'>iiiscriptae?de</span> <span class='ocrx_word' id='word_1_454' title='bbox 2251 1470 2328 1509; x_wconf 89' lang='lat' dir='ltr'>quo</span> <span class='ocrx_word' id='word_1_455' title='bbox 2341 1460 2451 1498; x_wconf 81' lang='lat' dir='ltr'>Mart.</span> 
     </span>
    </p>
   </div>
   <div class='ocr_carea' id='block_1_12' title="bbox 1471 1558 2328 1663">
    <p class='ocr_par' dir='ltr' id='par_1_20' title="bbox 1471 1558 2328 1663">
     <span class='ocr_line' id='line_1_63' title="bbox 1471 1558 2293 1610; baseline 0 -12"><span class='ocrx_word' id='word_1_456' title='bbox 1471 1560 1597 1609; x_wconf 85' lang='lat' dir='ltr'>Accipe</span> <span class='ocrx_word' id='word_1_457' title='bbox 1626 1559 1757 1598; x_wconf 83' lang='lat' dir='ltr'>lunata</span> <span class='ocrx_word' id='word_1_458' title='bbox 1772 1560 1943 1610; x_wconf 85' lang='lat' dir='ltr'>scriptum</span> <span class='ocrx_word' id='word_1_459' title='bbox 1966 1558 2134 1605; x_wconf 82' lang='lat' dir='ltr'>testudine</span> <span class='ocrx_word' id='word_1_460' title='bbox 2148 1558 2293 1608; x_wconf 78' lang='lat' dir='ltr'>stgnum</span> 
     </span>
     <span class='ocr_line' id='line_1_64' title="bbox 1526 1611 2328 1663; baseline 0.001 -14"><span class='ocrx_word' id='word_1_461' title='bbox 1526 1613 1611 1651; x_wconf 73' lang='grc' dir='ltr'>Οέῖο</span> <span class='ocrx_word' id='word_1_462' title='bbox 1629 1613 1721 1663; x_wconf 84' lang='lat' dir='ltr'>capit</span> <span class='ocrx_word' id='word_1_463' title='bbox 1736 1640 1747 1657; x_wconf 91' lang='lat'>,</span> <span class='ocrx_word' id='word_1_464' title='bbox 1775 1612 1903 1650; x_wconf 86' lang='lat' dir='ltr'>veniat</span> <span class='ocrx_word' id='word_1_465' title='bbox 1924 1612 2075 1661; x_wconf 76' lang='lat' dir='ltr'>quisquis</span> <span class='ocrx_word' id='word_1_466' title='bbox 2097 1611 2230 1650; x_wconf 81' lang='lat' dir='ltr'>amicus</span> <span class='ocrx_word' id='word_1_467' title='bbox 2249 1613 2328 1651; x_wconf 82' lang='lat' dir='ltr'>erit.</span> 
     </span>
    </p>
   </div>
   <div class='ocr_carea' id='block_1_13' title="bbox 1429 1713 2465 2531">
    <p class='ocr_par' dir='ltr' id='par_1_21' title="bbox 1429 1713 2458 1816">
     <span class='ocr_line' id='line_1_65' title="bbox 1429 1713 2458 1766; baseline 0.003 -13"><span class='ocrx_word' id='word_1_468' title='bbox 1429 1716 1584 1754; x_wconf 67' lang='lat' dir='ltr'>Cum.</span> <span class='ocrx_word' id='word_1_469' title='bbox 1611 1715 1759 1765; x_wconf 82' lang='lat' dir='ltr'>Figurns</span> <span class='ocrx_word' id='word_1_470' title='bbox 1781 1716 1872 1754; x_wconf 81' lang='lat' dir='ltr'>dixit</span> <span class='ocrx_word' id='word_1_471' title='bbox 1895 1726 1933 1766; x_wconf 67' lang='lat' dir='ltr'>n.</span> <span class='ocrx_word' id='word_1_472' title='bbox 1953 1724 2009 1763; x_wconf 81' lang='lat'>35.</span> <span class='ocrx_word' id='word_1_473' title='bbox 2028 1713 2172 1760; x_wconf 82' lang='lat' dir='ltr'>formas</span> <span class='ocrx_word' id='word_1_474' title='bbox 2186 1745 2197 1760; x_wconf 86' lang='lat'>,</span> <span class='ocrx_word' id='word_1_475' title='bbox 2219 1715 2282 1754; x_wconf 89' lang='lat' dir='ltr'>ubi</span> <span class='ocrx_word' id='word_1_476' title='bbox 2305 1715 2343 1754; x_wconf 71' lang='grc' dir='ltr'>δε</span> <span class='ocrx_word' id='word_1_477' title='bbox 2361 1714 2458 1756; x_wconf 64' lang='lat' dir='ltr'>litte--v</span> 
     </span>
     <span class='ocr_line' id='line_1_66' title="bbox 1431 1765 2291 1816; baseline 0 -11"><span class='ocrx_word' id='word_1_478' title='bbox 1431 1779 1494 1805; x_wconf 84' lang='lat' dir='ltr'>ras</span> <span class='ocrx_word' id='word_1_479' title='bbox 1515 1774 1725 1813; x_wconf 88' lang='lat' dir='ltr'>memorat,</span> <span class='ocrx_word' id='word_1_480' title='bbox 1754 1779 1799 1805; x_wconf 83' lang='lat' dir='ltr'>ex</span> <span class='ocrx_word' id='word_1_481' title='bbox 1823 1767 1954 1816; x_wconf 87' lang='lat' dir='ltr'>quibus</span> <span class='ocrx_word' id='word_1_482' title='bbox 1977 1766 2123 1802; x_wconf 89' lang='lat' dir='ltr'>nomina</span> <span class='ocrx_word' id='word_1_483' title='bbox 2146 1765 2291 1804; x_wconf 87' lang='lat' dir='ltr'>fiebant.</span> 
     </span>
    </p>

    <p class='ocr_par' dir='ltr' id='par_1_22' title="bbox 1429 1817 2465 2531">
     <span class='ocr_line' id='line_1_67' title="bbox 1480 1817 2457 1867; baseline 0.001 -12"><span class='ocrx_word' id='word_1_484' title='bbox 1480 1829 1499 1865; x_wconf 92' lang='lat'><strong>7</strong></span> <span class='ocrx_word' id='word_1_485' title='bbox 1529 1817 1773 1867; x_wconf 74' lang='lat' dir='ltr'>stibadium]</span> <span class='ocrx_word' id='word_1_486' title='bbox 1804 1818 1956 1862; x_wconf 85' lang='lat' dir='ltr'>Mensa,</span> <span class='ocrx_word' id='word_1_487' title='bbox 1981 1823 2094 1853; x_wconf 83' lang='lat' dir='ltr'>torus.</span> <span class='ocrx_word' id='word_1_488' title='bbox 2122 1817 2180 1856; x_wconf 85' lang='lat' dir='ltr'>Sic</span> <span class='ocrx_word' id='word_1_489' title='bbox 2202 1819 2457 1867; x_wconf 88' lang='lat' dir='ltr'>interpretatur</span> 
     </span>
     <span class='ocr_line' id='line_1_68' title="bbox 1431 1867 2460 1917; baseline 0.001 -11"><span class='ocrx_word' id='word_1_490' title='bbox 1431 1868 1556 1907; x_wconf 84' lang='lat' dir='ltr'>Suidas</span> <span class='ocrx_word' id='word_1_491' title='bbox 1579 1898 1589 1914; x_wconf 90' lang='lat'>‚</span> <span class='ocrx_word' id='word_1_492' title='bbox 1609 1869 1763 1916; x_wconf 84' lang='lat' dir='ltr'>stibades</span> <span class='ocrx_word' id='word_1_493' title='bbox 1788 1867 1859 1907; x_wconf 76' lang='lat' dir='ltr'>esse</span> <span class='ocrx_word' id='word_1_494' title='bbox 1880 1876 1982 1906; x_wconf 90' lang='lat' dir='ltr'>toros</span> <span class='ocrx_word' id='word_1_495' title='bbox 2003 1867 2109 1906; x_wconf 86' lang='lat' dir='ltr'>humi</span> <span class='ocrx_word' id='word_1_496' title='bbox 2130 1868 2268 1917; x_wconf 87' lang='lat' dir='ltr'>positos</span> <span class='ocrx_word' id='word_1_497' title='bbox 2293 1897 2303 1913; x_wconf 94' lang='lat'>,</span> <span class='ocrx_word' id='word_1_498' title='bbox 2342 1870 2381 1906; x_wconf 84' lang='lat'>&amp;</span> <span class='ocrx_word' id='word_1_499' title='bbox 2419 1870 2460 1908; x_wconf 86' lang='lat' dir='ltr'>li-</span> 
     </span>
     <span class='ocr_line' id='line_1_69' title="bbox 1429 1919 2462 1970; baseline 0.001 -13"><span class='ocrx_word' id='word_1_500' title='bbox 1429 1921 1508 1968; x_wconf 89' lang='lat' dir='ltr'>gnis</span> <span class='ocrx_word' id='word_1_501' title='bbox 1527 1921 1709 1970; x_wconf 84' lang='lat' dir='ltr'>ramisque</span> <span class='ocrx_word' id='word_1_502' title='bbox 1720 1920 1884 1958; x_wconf 73' lang='lat' dir='ltr'>structos.</span> <span class='ocrx_word' id='word_1_503' title='bbox 1911 1919 2050 1957; x_wconf 83' lang='lat' dir='ltr'>Athen.</span> <span class='ocrx_word' id='word_1_504' title='bbox 2063 1919 2248 1957; x_wconf 87' lang='lat' dir='ltr'>Lib.VII.</span> <span class='ocrx_word' id='word_1_505' title='bbox 2271 1920 2436 1958; x_wconf 82' lang='lat' dir='ltr'>Primum</span> <span class='ocrx_word' id='word_1_506' title='bbox 2451 1947 2462 1964; x_wconf 86' lang='lat'>.</span> 
     </span>
     <span class='ocr_line' id='line_1_70' title="bbox 1431 1969 2461 2020; baseline 0 -12"><span class='ocrx_word' id='word_1_507' title='bbox 1431 1972 1582 2020; x_wconf 85' lang='lat' dir='ltr'>inquit,</span> <span class='ocrx_word' id='word_1_508' title='bbox 1613 1973 1736 2020; x_wconf 84' lang='lat' dir='ltr'>scenas</span> <span class='ocrx_word' id='word_1_509' title='bbox 1760 1970 1950 2017; x_wconf 82' lang='lat' dir='ltr'>faciebant</span> <span class='ocrx_word' id='word_1_510' title='bbox 1973 1999 1984 2015; x_wconf 94' lang='lat'>,</span> <span class='ocrx_word' id='word_1_511' title='bbox 2018 1982 2061 2010; x_wconf 69' lang='grc' dir='ltr'>ω’</span> <span class='ocrx_word' id='word_1_512' title='bbox 2094 1970 2132 2008; x_wconf 83' lang='lat' dir='ltr'>in</span> <span class='ocrx_word' id='word_1_513' title='bbox 2165 1969 2217 2007; x_wconf 87' lang='lat' dir='ltr'>his</span> <span class='ocrx_word' id='word_1_514' title='bbox 2249 1969 2399 2009; x_wconf 90' lang='lat' dir='ltr'>stibades</span> <span class='ocrx_word' id='word_1_515' title='bbox 2419 1984 2461 2008; x_wconf 82' lang='lat' dir='ltr'>ex</span> 
     </span>
     <span class='ocr_line' id='line_1_71' title="bbox 1432 2020 2463 2072; baseline 0.003 -15"><span class='ocrx_word' id='word_1_516' title='bbox 1432 2020 1540 2059; x_wconf 87' lang='lat' dir='ltr'>herba</span> <span class='ocrx_word' id='word_1_517' title='bbox 1555 2039 1565 2058; x_wconf 81' lang='lat'>.-</span> <span class='ocrx_word' id='word_1_518' title='bbox 1586 2023 1691 2072; x_wconf 85' lang='lat' dir='ltr'>super</span> <span class='ocrx_word' id='word_1_519' title='bbox 1716 2035 1803 2072; x_wconf 78' lang='lat' dir='ltr'>quas</span> <span class='ocrx_word' id='word_1_520' title='bbox 1831 2022 1933 2071; x_wconf 85' lang='lat' dir='ltr'>dapes</span> <span class='ocrx_word' id='word_1_521' title='bbox 1946 2021 2134 2068; x_wconf 80' lang='lat' dir='ltr'>struebant</span> <span class='ocrx_word' id='word_1_522' title='bbox 2159 2050 2170 2066; x_wconf 93' lang='lat'>,</span> <span class='ocrx_word' id='word_1_523' title='bbox 2206 2032 2251 2060; x_wconf 67' lang='grc'>(7</span> <span class='ocrx_word' id='word_1_524' title='bbox 2270 2020 2343 2058; x_wconf 86' lang='lat' dir='ltr'>illis</span> <span class='ocrx_word' id='word_1_525' title='bbox 2365 2022 2463 2060; x_wconf 83' lang='lat' dir='ltr'>invi-</span> 
     </span>
     <span class='ocr_line' id='line_1_72' title="bbox 1435 2071 2460 2123; baseline 0 -14"><span class='ocrx_word' id='word_1_526' title='bbox 1435 2072 1506 2110; x_wconf 83' lang='lat' dir='ltr'>tati</span> <span class='ocrx_word' id='word_1_527' title='bbox 1527 2073 1780 2123; x_wconf 82' lang='lat' dir='ltr'>vescebantur.-</span> <span class='ocrx_word' id='word_1_528' title='bbox 1812 2085 1869 2108; x_wconf 91' lang='lat' dir='ltr'>nec</span> <span class='ocrx_word' id='word_1_529' title='bbox 1885 2071 2003 2120; x_wconf 84' lang='lat' dir='ltr'>solum</span> <span class='ocrx_word' id='word_1_530' title='bbox 2026 2072 2210 2116; x_wconf 78' lang='lat' dir='ltr'>municipes</span> <span class='ocrx_word' id='word_1_531' title='bbox 2235 2100 2245 2117; x_wconf 88' lang='lat'>,</span> <span class='ocrx_word' id='word_1_532' title='bbox 2265 2072 2331 2121; x_wconf 80' lang='lat' dir='ltr'>sed</span> <span class='ocrx_word' id='word_1_533' title='bbox 2351 2073 2460 2110; x_wconf 83' lang='lat' dir='ltr'>etiam</span> 
     </span>
     <span class='ocr_line' id='line_1_73' title="bbox 1432 2123 2462 2174; baseline 0.002 -14"><span class='ocrx_word' id='word_1_534' title='bbox 1432 2125 1626 2173; x_wconf 86' lang='lat' dir='ltr'>peregrinos</span> <span class='ocrx_word' id='word_1_535' title='bbox 1658 2123 1801 2174; x_wconf 80' lang='lat' dir='ltr'>hospites</span> <span class='ocrx_word' id='word_1_536' title='bbox 1831 2123 1997 2160; x_wconf 82' lang='lat' dir='ltr'>convivio</span> <span class='ocrx_word' id='word_1_537' title='bbox 2029 2123 2289 2161; x_wconf 87' lang='lat' dir='ltr'>admittebant.</span> <span class='ocrx_word' id='word_1_538' title='bbox 2324 2124 2363 2161; x_wconf 86' lang='lat'>&amp;</span> <span class='ocrx_word' id='word_1_539' title='bbox 2383 2124 2462 2162; x_wconf 89' lang='lat' dir='ltr'>Lib.</span> 
     </span>
     <span class='ocr_line' id='line_1_74' title="bbox 1440 2173 2461 2220; baseline 0.002 -9"><span class='ocrx_word' id='word_1_540' title='bbox 1440 2174 1548 2212; x_wconf 86' lang='lat' dir='ltr'>XIII.</span> <span class='ocrx_word' id='word_1_541' title='bbox 1570 2174 1716 2213; x_wconf 88' lang='lat' dir='ltr'>testatur</span> <span class='ocrx_word' id='word_1_542' title='bbox 1738 2174 2002 2213; x_wconf 87' lang='lat' dir='ltr'>discumbentes</span> <span class='ocrx_word' id='word_1_543' title='bbox 2025 2175 2063 2211; x_wconf 89' lang='lat' dir='ltr'>in</span> <span class='ocrx_word' id='word_1_544' title='bbox 2075 2173 2272 2220; x_wconf 83' lang='lat' dir='ltr'>stibadibus</span> <span class='ocrx_word' id='word_1_545' title='bbox 2296 2173 2401 2213; x_wconf 86' lang='lat' dir='ltr'>vesci.</span> <span class='ocrx_word' id='word_1_546' title='bbox 2423 2176 2461 2213; x_wconf 74' lang='grc' dir='ltr'>δε</span> 
     </span>
     <span class='ocr_line' id='line_1_75' title="bbox 1440 2223 2463 2274; baseline 0.001 -12"><span class='ocrx_word' id='word_1_547' title='bbox 1440 2225 1684 2264; x_wconf 88' lang='lat' dir='ltr'>Proverbium</span> <span class='ocrx_word' id='word_1_548' title='bbox 1718 2227 1756 2264; x_wconf 89' lang='lat' dir='ltr'>in</span> <span class='ocrx_word' id='word_1_549' title='bbox 1789 2235 1917 2274; x_wconf 87' lang='lat' dir='ltr'>parcos</span> <span class='ocrx_word' id='word_1_550' title='bbox 1939 2233 2063 2262; x_wconf 90' lang='lat' dir='ltr'>ortum</span> <span class='ocrx_word' id='word_1_551' title='bbox 2086 2224 2197 2262; x_wconf 89' lang='lat' dir='ltr'>refert</span> <span class='ocrx_word' id='word_1_552' title='bbox 2221 2223 2367 2264; x_wconf 87' lang='lat' dir='ltr'>Suidas:</span> <span class='ocrx_word' id='word_1_553' title='bbox 2393 2226 2463 2263; x_wconf 85' lang='lat' dir='ltr'>Sti-</span> 
     </span>
     <span class='ocr_line' id='line_1_76' title="bbox 1444 2275 2464 2315; baseline 0 -2"><span class='ocrx_word' id='word_1_554' title='bbox 1444 2275 1551 2314; x_wconf 86' lang='lat' dir='ltr'>bades</span> <span class='ocrx_word' id='word_1_555' title='bbox 1573 2276 1809 2314; x_wconf 84' lang='lat' dir='ltr'>Phormionis.</span> <span class='ocrx_word' id='word_1_556' title='bbox 1863 2275 1946 2313; x_wconf 88' lang='lat' dir='ltr'>Fuit</span> <span class='ocrx_word' id='word_1_557' title='bbox 1969 2277 2069 2313; x_wconf 88' lang='lat' dir='ltr'>enim</span> <span class='ocrx_word' id='word_1_558' title='bbox 2091 2276 2151 2314; x_wconf 87' lang='lat' dir='ltr'>hic</span> <span class='ocrx_word' id='word_1_559' title='bbox 2173 2275 2341 2315; x_wconf 84' lang='lat' dir='ltr'>Phormio</span> <span class='ocrx_word' id='word_1_560' title='bbox 2363 2276 2464 2314; x_wconf 82' lang='lat' dir='ltr'>miles</span> 
     </span>
     <span class='ocr_line' id='line_1_77' title="bbox 1441 2325 2465 2377; baseline -0.001 -13"><span class='ocrx_word' id='word_1_561' title='bbox 1441 2327 1608 2377; x_wconf 84' lang='lat' dir='ltr'>parcus?</span> <span class='ocrx_word' id='word_1_562' title='bbox 1673 2330 1735 2366; x_wconf 86' lang='lat' dir='ltr'>uin</span> <span class='ocrx_word' id='word_1_563' title='bbox 1765 2328 1874 2366; x_wconf 80' lang='lat' dir='ltr'>etiam</span> <span class='ocrx_word' id='word_1_564' title='bbox 1909 2328 1948 2365; x_wconf 88' lang='lat' dir='ltr'>in</span> <span class='ocrx_word' id='word_1_565' title='bbox 1979 2326 2107 2364; x_wconf 85' lang='lat' dir='ltr'>militia</span> <span class='ocrx_word' id='word_1_566' title='bbox 2137 2328 2243 2366; x_wconf 89' lang='lat' dir='ltr'>humi</span> <span class='ocrx_word' id='word_1_567' title='bbox 2263 2327 2376 2365; x_wconf 90' lang='lat' dir='ltr'>solent</span> <span class='ocrx_word' id='word_1_568' title='bbox 2396 2325 2465 2363; x_wconf 86' lang='lat' dir='ltr'>dis-</span> 
     </span>
     <span class='ocr_line' id='line_1_78' title="bbox 1441 2377 2465 2426; baseline -0.006 -10"><span class='ocrx_word' id='word_1_569' title='bbox 1441 2380 1615 2417; x_wconf 88' lang='lat' dir='ltr'>cumbere</span> <span class='ocrx_word' id='word_1_570' title='bbox 1718 2378 1942 2418; x_wconf 87' lang='lat' dir='ltr'>recumbere.</span> <span class='ocrx_word' id='word_1_571' title='bbox 1996 2378 2140 2417; x_wconf 88' lang='lat' dir='ltr'>Servius</span> <span class='ocrx_word' id='word_1_572' title='bbox 2175 2385 2281 2426; x_wconf 82' lang='lat' dir='ltr'>negat</span> <span class='ocrx_word' id='word_1_573' title='bbox 2301 2377 2465 2423; x_wconf 77' lang='lat' dir='ltr'>antiquos</span> 
     </span>
     <span class='ocr_line' id='line_1_79' title="bbox 1442 2423 2459 2477; baseline -0.008 -9"><span class='ocrx_word' id='word_1_574' title='bbox 1442 2429 1602 2468; x_wconf 84' lang='lat' dir='ltr'>habuiffe</span> <span class='ocrx_word' id='word_1_575' title='bbox 1615 2430 1785 2477; x_wconf 78' lang='lat' dir='ltr'>stibadia.</span> <span class='ocrx_word' id='word_1_576' title='bbox 1832 2429 2057 2468; x_wconf 83' lang='lat' dir='ltr'>Theocritus</span> <span class='ocrx_word' id='word_1_577' title='bbox 2078 2437 2204 2468; x_wconf 87' lang='lat' dir='ltr'>tamen</span> <span class='ocrx_word' id='word_1_578' title='bbox 2225 2430 2262 2466; x_wconf 89' lang='lat' dir='ltr'>in</span> <span class='ocrx_word' id='word_1_579' title='bbox 2283 2423 2459 2463; x_wconf 76' lang='lat' dir='ltr'>Adonidis</span> 
     </span>
     <span class='ocr_line' id='line_1_80' title="bbox 1447 2481 1815 2531; baseline 0.003 -12"><span class='ocrx_word' id='word_1_580' title='bbox 1447 2482 1634 2531; x_wconf 86' lang='lat' dir='ltr'>epitaphio</span> <span class='ocrx_word' id='word_1_581' title='bbox 1658 2481 1815 2520; x_wconf 87' lang='lat' dir='ltr'>dixerat:</span> 
     </span>
    </p>
   </div>
   <div class='ocr_carea' id='block_1_14' title="bbox 1500 2569 2463 2628">
    <p class='ocr_par' dir='ltr' id='par_1_23' title="bbox 1500 2569 2463 2628">
     <span class='ocr_line' id='line_1_81' title="bbox 1500 2569 2463 2628; baseline -0.01 -8"><span class='ocrx_word' id='word_1_582' title='bbox 1500 2580 1576 2623; x_wconf 46' lang='lat' dir='ltr'>Effe·</span> <span class='ocrx_word' id='word_1_583' title='bbox 1600 2581 1725 2627; x_wconf 68' lang='grc' dir='ltr'>ἁγαθαὶ</span> <span class='ocrx_word' id='word_1_584' title='bbox 1745 2579 1850 2628; x_wconf 69' lang='grc' dir='ltr'>ςιβοὶς</span> <span class='ocrx_word' id='word_1_585' title='bbox 1871 2609 1882 2627; x_wconf 87' lang='grc'><strong><em>,</em></strong></span> <span class='ocrx_word' id='word_1_586' title='bbox 1921 2580 1991 2620; x_wconf 69' lang='grc' dir='ltr'>ε’ςῖν</span> <span class='ocrx_word' id='word_1_587' title='bbox 2021 2576 2156 2618; x_wconf 49' lang='lat' dir='ltr'>aiddu&amp;</span> <span class='ocrx_word' id='word_1_588' title='bbox 2187 2573 2291 2617; x_wconf 64' lang='lat' dir='ltr'>rcsso&#39;tc</span> <span class='ocrx_word' id='word_1_589' title='bbox 2321 2569 2463 2615; x_wconf 62' lang='grc' dir='ltr'>ἶϊθῗμοι.</span> 
     </span>
    </p>
   </div>
   <div class='ocr_carea' id='block_1_15' title="bbox 1451 2669 2475 3171">
    <p class='ocr_par' dir='ltr' id='par_1_24' title="bbox 1451 2669 2474 3032">
     <span class='ocr_line' id='line_1_82' title="bbox 1451 2669 2468 2734; baseline -0.014 -9"><span class='ocrx_word' id='word_1_590' title='bbox 1451 2687 1840 2726; x_wconf 85' lang='lat' dir='ltr'>Animadvertendum</span> <span class='ocrx_word' id='word_1_591' title='bbox 1870 2684 1965 2734; x_wconf 89' lang='lat' dir='ltr'>apud</span> <span class='ocrx_word' id='word_1_592' title='bbox 1998 2682 2153 2734; x_wconf 82' lang='lat' dir='ltr'>Graecos</span> <span class='ocrx_word' id='word_1_593' title='bbox 2178 2673 2253 2729; x_wconf 58' lang='lat' dir='ltr'>dici</span> <span class='ocrx_word' id='word_1_594' title='bbox 2286 2671 2305 2710; x_wconf 69' lang='lat' dir='ltr'>’i</span> <span class='ocrx_word' id='word_1_595' title='bbox 2342 2669 2468 2730; x_wconf 59' lang='grc' dir='ltr'>ςιξιὲς,</span> 
     </span>
     <span class='ocr_line' id='line_1_83' title="bbox 1456 2723 2466 2786; baseline -0.016 -14"><span class='ocrx_word' id='word_1_596' title='bbox 1456 2741 1513 2778; x_wconf 63' lang='grc' dir='ltr'>τῖς</span> <span class='ocrx_word' id='word_1_597' title='bbox 1534 2737 1681 2779; x_wconf 62' lang='grc' dir='ltr'>ς-ιςάὸος</span> <span class='ocrx_word' id='word_1_598' title='bbox 1695 2767 1705 2784; x_wconf 90' lang='lat'>,</span> <span class='ocrx_word' id='word_1_599' title='bbox 1734 2736 1828 2786; x_wconf 78' lang='lat' dir='ltr'>apud</span> <span class='ocrx_word' id='word_1_600' title='bbox 1853 2746 1919 2772; x_wconf 90' lang='lat' dir='ltr'>nos</span> <span class='ocrx_word' id='word_1_601' title='bbox 1933 2762 1943 2777; x_wconf 88' lang='lat'>‚</span> <span class='ocrx_word' id='word_1_602' title='bbox 1969 2734 2041 2770; x_wconf 89' lang='lat' dir='ltr'>hoc</span> <span class='ocrx_word' id='word_1_603' title='bbox 2054 2725 2257 2775; x_wconf 83' lang='lat' dir='ltr'>stibadium.</span> <span class='ocrx_word' id='word_1_604' title='bbox 2279 2723 2385 2780; x_wconf 31' lang='lat' dir='ltr'>&#39;Nam</span> <span class='ocrx_word' id='word_1_605' title='bbox 2413 2724 2466 2762; x_wconf 70' lang='lat' dir='ltr'>Si-</span> 
     </span>
     <span class='ocr_line' id='line_1_84' title="bbox 1457 2776 2468 2832; baseline -0.019 -2"><span class='ocrx_word' id='word_1_606' title='bbox 1457 2789 1589 2828; x_wconf 82' lang='lat' dir='ltr'>donius</span> <span class='ocrx_word' id='word_1_607' title='bbox 1622 2790 1702 2828; x_wconf 89' lang='lat' dir='ltr'>Lib.</span> <span class='ocrx_word' id='word_1_608' title='bbox 1734 2788 1781 2825; x_wconf 92' lang='lat'>11.</span> <span class='ocrx_word' id='word_1_609' title='bbox 1803 2785 1995 2832; x_wconf 80' lang='lat' dir='ltr'>stibadium</span> <span class='ocrx_word' id='word_1_610' title='bbox 2029 2781 2066 2817; x_wconf 70' lang='grc' dir='ltr'>δε</span> <span class='ocrx_word' id='word_1_611' title='bbox 2094 2776 2242 2812; x_wconf 83' lang='lat' dir='ltr'>abacum</span> <span class='ocrx_word' id='word_1_612' title='bbox 2276 2786 2311 2812; x_wconf 88' lang='lat' dir='ltr'>in</span> <span class='ocrx_word' id='word_1_613' title='bbox 2335 2785 2468 2812; x_wconf 75' lang='lat' dir='ltr'>coena·</span> 
     </span>
     <span class='ocr_line' id='line_1_85' title="bbox 1458 2827 2469 2890; baseline -0.015 -12"><span class='ocrx_word' id='word_1_614' title='bbox 1458 2842 1619 2879; x_wconf 88' lang='lat' dir='ltr'>tiuncula</span> <span class='ocrx_word' id='word_1_615' title='bbox 1652 2840 1767 2890; x_wconf 90' lang='lat' dir='ltr'>ponit.</span> <span class='ocrx_word' id='word_1_616' title='bbox 1800 2839 1840 2874; x_wconf 86' lang='lat'>&amp;</span> <span class='ocrx_word' id='word_1_617' title='bbox 1870 2834 1944 2871; x_wconf 88' lang='lat' dir='ltr'>ficri</span> <span class='ocrx_word' id='word_1_618' title='bbox 1977 2827 2157 2875; x_wconf 66' lang='lat' dir='ltr'>interdum</span> <span class='ocrx_word' id='word_1_619' title='bbox 2197 2838 2242 2863; x_wconf 79' lang='lat' dir='ltr'>ex</span> <span class='ocrx_word' id='word_1_620' title='bbox 2282 2837 2469 2882; x_wconf 75' lang='lat' dir='ltr'>marmore</span> 
     </span>
     <span class='ocr_line' id='line_1_86' title="bbox 1457 2877 2471 2930; baseline -0.015 -2"><span class='ocrx_word' id='word_1_621' title='bbox 1457 2893 1564 2929; x_wconf 82' lang='lat' dir='ltr'>verba</span> <span class='ocrx_word' id='word_1_622' title='bbox 1587 2890 1742 2930; x_wconf 87' lang='lat' dir='ltr'>Secundi</span> <span class='ocrx_word' id='word_1_623' title='bbox 1765 2883 1969 2925; x_wconf 86' lang='lat' dir='ltr'>monstrant.</span> <span class='ocrx_word' id='word_1_624' title='bbox 1999 2880 2031 2916; x_wconf 93' lang='lat' dir='ltr'>C</span> <span class='ocrx_word' id='word_1_625' title='bbox 2047 2891 2067 2915; x_wconf 79' lang='grc' dir='ltr'><strong>Α</strong></span> <span class='ocrx_word' id='word_1_626' title='bbox 2083 2892 2104 2916; x_wconf 80' lang='grc' dir='ltr'><strong><em>τ</em></strong></span> <span class='ocrx_word' id='word_1_627' title='bbox 2122 2892 2140 2914; x_wconf 71' lang='grc' dir='ltr'><strong>Α</strong></span> <span class='ocrx_word' id='word_1_628' title='bbox 2157 2889 2194 2914; x_wconf 77' lang='grc' dir='ltr'>Ν.</span> <span class='ocrx_word' id='word_1_629' title='bbox 2218 2878 2359 2914; x_wconf 79' lang='lat' dir='ltr'>Contcr</span> <span class='ocrx_word' id='word_1_630' title='bbox 2378 2877 2471 2913; x_wconf 71' lang='lat' dir='ltr'>hanc</span> 
     </span>
     <span class='ocr_line' id='line_1_87' title="bbox 1458 2928 2472 2981; baseline -0.015 -1"><span class='ocrx_word' id='word_1_631' title='bbox 1458 2945 1496 2980; x_wconf 91' lang='lat' dir='ltr'>in</span> <span class='ocrx_word' id='word_1_632' title='bbox 1530 2954 1607 2981; x_wconf 84' lang='lat' dir='ltr'>rem</span> <span class='ocrx_word' id='word_1_633' title='bbox 1639 2939 1776 2979; x_wconf 86' lang='lat' dir='ltr'>Zosim.</span> <span class='ocrx_word' id='word_1_634' title='bbox 1801 2934 1878 2971; x_wconf 89' lang='lat' dir='ltr'>Lib.</span> <span class='ocrx_word' id='word_1_635' title='bbox 1903 2930 1969 2967; x_wconf 87' lang='lat' dir='ltr'>Ill.</span> <span class='ocrx_word' id='word_1_636' title='bbox 1992 2931 2030 2967; x_wconf 70' lang='lat'>8&lt;</span> <span class='ocrx_word' id='word_1_637' title='bbox 2052 2930 2125 2975; x_wconf 77' lang='lat' dir='ltr'>Jac.</span> <span class='ocrx_word' id='word_1_638' title='bbox 2150 2928 2320 2966; x_wconf 82' lang='lat' dir='ltr'>Sirmoud</span> <span class='ocrx_word' id='word_1_639' title='bbox 2340 2928 2384 2964; x_wconf 86' lang='lat' dir='ltr'>ad</span> <span class='ocrx_word' id='word_1_640' title='bbox 2419 2928 2472 2966; x_wconf 82' lang='lat' dir='ltr'>Si-</span> 
     </span>
     <span class='ocr_line' id='line_1_88' title="bbox 1457 2979 2474 3032; baseline -0.014 -3"><span class='ocrx_word' id='word_1_641' title='bbox 1457 2994 1557 3029; x_wconf 89' lang='lat' dir='ltr'>donii</span> <span class='ocrx_word' id='word_1_642' title='bbox 1581 2991 1659 3028; x_wconf 88' lang='lat' dir='ltr'>Lib.</span> <span class='ocrx_word' id='word_1_643' title='bbox 1683 2990 1709 3026; x_wconf 92' lang='lat' dir='ltr'>I.</span> <span class='ocrx_word' id='word_1_644' title='bbox 1733 2985 1847 3032; x_wconf 79' lang='lat' dir='ltr'>Ep.1.</span> <span class='ocrx_word' id='word_1_645' title='bbox 1872 2984 1910 3019; x_wconf 72' lang='lat'>8&lt;</span> <span class='ocrx_word' id='word_1_646' title='bbox 1931 2982 1976 3018; x_wconf 85' lang='lat'>11.</span> <span class='ocrx_word' id='word_1_647' title='bbox 2001 2981 2064 3027; x_wconf 64' lang='lat' dir='ltr'>Hp.</span> <span class='ocrx_word' id='word_1_648' title='bbox 2090 2981 2135 3018; x_wconf 92' lang='lat'>11.</span> <span class='ocrx_word' id='word_1_649' title='bbox 2170 2982 2239 3019; x_wconf 65' lang='lat' dir='ltr'>&amp;c</span> <span class='ocrx_word' id='word_1_650' title='bbox 2277 2979 2380 3017; x_wconf 61' lang='lat' dir='ltr'>Veis</span> <span class='ocrx_word' id='word_1_651' title='bbox 2399 2990 2474 3016; x_wconf 72' lang='lat' dir='ltr'>Nu.</span> 
     </span>
    </p>

    <p class='ocr_par' dir='ltr' id='par_1_25' title="bbox 1458 3030 2475 3171">
     <span class='ocr_line' id='line_1_89' title="bbox 1458 3030 2410 3082; baseline -0.012 -3"><span class='ocrx_word' id='word_1_652' title='bbox 1458 3041 1646 3080; x_wconf 85' lang='lat' dir='ltr'>Mediceus</span> <span class='ocrx_word' id='word_1_653' title='bbox 1669 3039 1726 3075; x_wconf 86' lang='lat' dir='ltr'>hic</span> <span class='ocrx_word' id='word_1_654' title='bbox 1739 3034 1931 3082; x_wconf 79' lang='lat' dir='ltr'>stipadium</span> <span class='ocrx_word' id='word_1_655' title='bbox 1947 3063 1956 3077; x_wconf 96' lang='lat'>‚</span> <span class='ocrx_word' id='word_1_656' title='bbox 1985 3032 2042 3069; x_wconf 77' lang='lat' dir='ltr'>scd</span> <span class='ocrx_word' id='word_1_657' title='bbox 2066 3032 2155 3069; x_wconf 73' lang='lat' dir='ltr'>infr-‚1</span> <span class='ocrx_word' id='word_1_658' title='bbox 2178 3037 2231 3067; x_wconf 69' lang='lat' dir='ltr'>Ex</span> <span class='ocrx_word' id='word_1_659' title='bbox 2246 3030 2410 3078; x_wconf 80' lang='lat' dir='ltr'>stebadio.</span> 
     </span>
     <span class='ocr_line' id='line_1_90' title="bbox 1508 3077 2473 3171; baseline -0.012 -43"><span class='ocrx_word' id='word_1_660' title='bbox 1508 3091 1529 3128; x_wconf 88' lang='lat'>8</span> <span class='ocrx_word' id='word_1_661' title='bbox 1557 3087 1750 3137; x_wconf 72' lang='lat' dir='ltr'>Carystiae.</span> <span class='ocrx_word' id='word_1_662' title='bbox 1775 3085 1790 3136; x_wconf 85' lang='lat'>]</span> <span class='ocrx_word' id='word_1_663' title='bbox 1815 3085 1874 3124; x_wconf 76' lang='lat' dir='ltr'>Ex</span> <span class='ocrx_word' id='word_1_664' title='bbox 1887 3082 2032 3133; x_wconf 64' lang='lat' dir='ltr'>Carysto</span> <span class='ocrx_word' id='word_1_665' title='bbox 2045 3084 2183 3133; x_wconf 84' lang='lat' dir='ltr'>oppido</span> <span class='ocrx_word' id='word_1_666' title='bbox 2205 3082 2425 3171; x_wconf 69' lang='lat' dir='ltr'>Euboejacp,</span> <span class='ocrx_word' id='word_1_667' title='bbox 2447 3077 2473 3116; x_wconf 87' lang='lat' dir='ltr'>fi</span> 
     </span>
     <span class='ocr_line' id='line_1_91' title="bbox 2420 3140 2475 3170; baseline 0 0"><span class='ocrx_word' id='word_1_668' title='bbox 2420 3140 2475 3170; x_wconf 67' lang='lat'>10·</span> 
     </span>
    </p>
   </div>
  </div>
 </body>
</html>
