2616 3686
230 200 334 244 126
469 181 1565 241 C.PL1N11(:AEc1L11
1631 181 2150 236 SECUNDI

159 292 193 343 4
236 271 442 341 Magna
478 270 792 332 contentio,
827 268 1008 340 magni
1044 268 1299 339 utrinque
1335 267 1625 330 clamore8‚
1660 264 1776 320 aliis
1809 280 1827 301 ¹
1861 269 2235 339 cognitionem
2262 267 2360 326 Se·'

166 434 196 483 5

167 635 198 678 6

239 361 392 399 natus
416 344 432 361 ²
455 345 577 413 leg-e
602 339 905 396 conclusam
924 378 940 404 ,
973 339 1083 396 aliis
1110 339 1335 394 liberam
1352 339 1688 410 solutamque
1703 337 2026 395 dicentibus:
2069 356 2360 412 quantum-

242 434 350 490 que
377 413 655 471 admififfet
685 431 805 468 reus
837 452 852 476 ,
902 425 1110 468 tantum
1133 412 1540 466 vindicandum.
1616 408 1917 465 Novissime
1951 408 1968 434 ³
2008 413 2189 470 consul
2223 417 2360 472 defi-

242 504 434 560 gnatus
453 495 471 520 ⁴
492 488 658 558 Julius
688 485 897 549 Ferox,
931 485 1013 539 vir
1037 483 1213 538 rectus
1240 485 1293 538 ἃ
1319 483 1525 538 sanstus
1550 481 1735 538 Mario
1764 481 2204 554 quideijdices
2223 490 2362 544 inte-

242 561 345 616 rim
367 561 571 616 censuit
598 559 833 613 dandos:
875 553 1185 611 evocandos
1213 570 1394 610 autem
1433 556 1629 628 quibus
1675 555 1950 610 diceretur
1987 557 2361 615 innocentium

243 650 443 707 poenas
473 633 486 661 ⁵
515 629 830 692 vendidisse.
905 629 1065 701 Quae
1089 628 1350 682 sententia
1372 645 1483 682 non
1514 630 1808 700 praevaluit
1834 626 2035 692 modo,
2070 628 2164 682 sed
2189 633 2365 687 omni-

246 724 320 763 no
359 707 474 776 post
517 718 686 760 tantas
721 701 1061 757 diffenfiones
1099 699 1204 754 fuit
1241 700 1346 754 sola
1369 699 1653 772 frequens:
1694 700 2122 771 adnotatumque
2149 704 2365 775 experi-

245 781 466 839 mentiS,
504 776 653 849 quod
684 775 834 829 favor
862 775 914 829 &
944 772 1306 828 misericordia
1331 790 1481 827 acres
1506 772 1562 826 &
1589 773 1936 828 vehementes
1962 776 2165 845 primos
2194 778 2367 848 impe-

249 866 332 907 tus
365 851 562 905 habent
588 888 603 910 ,
659 847 909 919 paulatim
947 845 1170 901 consilio
1199 846 1475 899 &ratione
1499 884 1515 909 ‚
1546 845 1727 916 quas1⁰
1749 844 1991 900 restinfia
2012 885 2029 910 ,
2064 847 2367 905 confidunt.

253 924 414 979 Unde
442 923 655 984 evenit,
695 932 753 974 ut
783 919 934 992 quod
962 920 1116 973 multi
1141 918 1377 972 clamore
1403 922 1678 988 permixto
1704 928 1956 981 tuentur,
1993 935 2160 973 nemo
2186 933 2370 977 tacen-

251 997 390 1051 tibus
406 996 626 1049 caeteris
645 993 828 1047 dicere
855 992 997 1047 velit.
1046 991 1276 1045 Patescit
1304 992 1622 1053 enim‚cum
1648 986 1665 1012 ⁷
1689 989 1938 1061 separaris
1961 1008 1990 1044 a
2017 991 2206 1058 turba,
2236 1012 2370 1049 con-

253 1068 532 1140 templatio
568 1083 749 1122 rerum
797 1083 935 1135 quae
985 1063 1140 1118 turba
1192 1077 1465 1134 teguntur.
1543 1061 1832 1118 Venerunt
1865 1062 1958 1134 qui
1996 1062 2173 1117 adeffe
2217 1079 2370 1122 erant

245 1140 396 1214 justi,
434 1151 450 1175 ⁸
482 1139 732 1196 Vitellius
775 1136 1094 1192 Honoratus
1121 1175 1136 1198 ,
1172 1137 1227 1190 &
1254 1149 1272 1173 ⁹
1298 1136 1506 1190 Flavius
1533 1134 1841 1189 Marcianus
1868 1152 1880 1188 z
1932 1151 2002 1190 ex
2026 1135 2219 1207 quibus
2246 1137 2372 1194 Ho-

253 1228 473 1284 noratus
500 1213 757 1269 trecentis
785 1211 1013 1266 millibus
1043 1210 1264 1266 exilium
1293 1208 1488 1283 equitis
1515 1207 1778 1271 Romani,
1814 1206 2129 1279 septemque
2168 1211 2371 1266 amico·

2251 1300 2375 1340 rum

308 1448 323 1474 1
354 1432 598 1482 Cognitionem
637 1429 830 1482 senatus.]
859 1431 921 1479 Jus
969 1431 1276 1480 inquirendorum
1346 1442 1470 1469 carum
1503 1429 1599 1468 urbis
1634 1427 1849 1467 terminavit
1881 1425 2032 1478 ripam2
2073 1433 2115 1465 P.
2140 1435 2177 1468 Β..
2199 1430 2252 1467 ad
2266 1433 2371 1480 prem

252 1486 449 1525 criminum
470 1495 534 1533 per
557 1483 731 1522 Senatum
755 1511 766 1528 ‚
796 1481 927 1533 <quod
949 1491 1076 1522 tamen
1100 1482 1276 1528 iudicibus
1345 1482 1404 1532 cip.
1423 1491 1456 1531 p.
1479 1487 1600 1519 XXII.
1616 1481 1806 1530 scientiam
1830 1485 1877 1517 11.
1901 1486 1933 1517 S.
1962 1479 2081 1517 on-zu.
2367 1478 2369 1480 ’

254 1534 467 1587 permissum
501 1533 582 1582 cst.)
638 1535 843 1585 Cognoscere
877 1535 977 1572 enim
1011 1533 1060 1572 est
1082 1527 1277 1583 disquirere
1398 1546 1417 1581 ς
1450 1530 1678 1580 νεη(ἰιἰἰι’]]ε.]
1709 1530 1872 1568 Marium
1896 1530 2054 1568 subaudi.
2082 1530 2199 1569 IDEM.

254 1590 295 1626 &
318 1587 526 1638 examinare
549 1587 710 1624 crimina.
765 1584 878 1626 Unde
899 1585 1027 1635 Virgil.
1063 1584 1108 1624 de
1142 1585 1277 1623 Minoe·
1396 1584 1420 1621 6
1449 1582 1620 1631 aelith]
1669 1579 1852 1619 Praesidio
1876 1580 2052 1618 destituta.
2090 1581 2151 1618 Est
2171 1580 2238 1619 alia
2260 1580 2372 1620 leffio

255 1643 434 1689 tanquam
458 1637 503 1676 de
522 1637 645 1687 judice
669 1637 759 1675 dixit
773 1666 784 1682 ‚
1346 1635 1424 1673 satis
1448 1632 1651 1672 commoda
1674 1631 1847 1678 restincra.
1878 1631 1934 1669 In
1949 1643 1970 1668 ε
1986 1642 2024 1667 Μ.
2078 1631 2204 1671 Nostri
2242 1642 2376 1671 omnes

1348 1685 1524 1733 restinora.
1563 1683 1714 1732 Insignis
1746 1683 1848 1720 locus
1884 1681 1933 1729 est
1956 1682 2100 1720 Luc-ani
2123 1683 2206 1722 Lib.
2228 1680 2296 1718 IV.
2326 1694 2378 1722 vs.

305 1761 369 1772 ....
419 1759 483 1771 --
537 1738 697 1789 Vitasque
720 1749 764 1778 (θ’
783 1738 935 1777 crimina
957 1738 1069 1786 discit.
1350 1749 1434 1786 279.
1457 1736 1533 1785 sqq.
1556 1735 1617 1773 ubi
1638 1734 1785 1784 impetus
1805 1734 1950 1779 cadere,
1981 1732 2178 1783 deflagrare
2192 1763 2203 1780 ,
2230 1731 2376 1781 langue-

257 1793 415 1832 CATAN.
1341 1788 1436 1838 scere
1460 1788 1498 1825 ὅς
1521 1797 1653 1823 mentes
1675 1784 1832 1834 tepescere
1845 1784 2024 1823 dicuntur.
2052 1784 2101 1823 Et
2114 1784 2216 1825 ficuti
2230 1783 2277 1822 de
2287 1785 2375 1833 igne

307 1856 329 1880 2
360 1839 483 1891 Lege]
512 1840 840 1890 Repetundarum:
871 1843 957 1890 qnia
982 1842 1132 1879 Senatus
1156 1839 1283 1879 secun·
1353 1837 1513 1877 Ovidius
1535 1836 1640 1875 XIII.
1663 1835 1822 1874 Metam.
1844 1848 1895 1875 vs.
1916 1836 2001 1883 408.
2024 1834 2139 1875 dixit:

257 1893 347 1932 dum
382 1905 462 1932 eam
500 1892 684 1930 censuerat
718 1901 758 1929 ut
782 1891 1028 1930 mulfmretur.
1083 1893 1147 1929 An
1169 1893 1283 1940 magis

256 1945 364 1994 lege,
392 1955 464 2031 qus
488 1952 637 1980 cautum
659 1952 734 1981 erat
756 1955 804 1980 ne
826 1943 877 1980 bis
900 1943 946 1981 de
970 1942 1101 1983 eadem
1125 1955 1164 1981 re
1176 1939 1282 1991 agere
1400 1967 1451 1978 -,
1512 1960 1576 1969 —
1639 1953 1747 1990 mque
1768 1937 1886 1976 adhuc
1907 1938 2121 1977 consederat
2142 1940 2256 1989 ignis;

259 1996 402 2034 liceret.
463 2007 558 2032 nem.

313 2058 332 2096 3
362 2045 493 2095 Consul
525 2043 768 2095 designatus]
808 2047 884 2094 Qui
916 2047 1093 2095 proximis
1117 2043 1286 2083 Calendis
1350 2044 1398 2081 ita
1433 2041 1479 2079 de
1500 2048 1610 2080 motu
1631 2039 1755 2080 sedato
1779 2039 1933 2079 Tacitus
1956 2040 1985 2078 Ι,
2010 2039 2146 2077 Annal.
2170 2052 2247 2090 cap.
2261 2041 2384 2082 XXX.

264 2096 406 2134 Martiis
440 2097 549 2133 creati
584 2096 727 2133 fuerant
761 2097 938 2134 Consules
963 2125 973 2141 ,
1021 2098 1093 2146 seq.
1117 2095 1287 2133 Calendis
1355 2094 1452 2141 Qia
1470 2093 1672 2142 praesentia
1686 2093 1782 2143 satis
1795 2091 2057 2135 consederant,
2083 2091 2122 2127 in
2133 2091 2255 2129 urbem
2267 2095 2385 2133 rediit.

260 2148 436 2194 januariis
485 2145 724 2185 Consulatum
764 2147 900 2184 inibant
925 2161 934 2185 ε
971 2147 1139 2197 quamvis
1177 2146 1287 2183 etiam
1355 2146 1467 2192 Supra
1491 2144 1604 2181 Arnz.
1626 2143 1761 2193 consilio
1784 2154 1829 2181 eff·
1847 2142 2003 2180 oratione
2027 2169 2037 2186 ‚
2066 2151 2249 2192 corrupte.
2287 2143 2384 2184 Vos-

263 2200 360 2247 prius
407 2199 539 2237 initum
586 2198 774 2245 legamus,
803 2207 842 2235 ut
873 2198 969 2247 apud
1003 2199 1087 2236 LiV.
1121 2196 1293 2235 Calendis
1355 2193 1439 2232 sian.
1463 2205 1483 2230 a
1507 2205 1622 2231 manu
1642 2193 1820 2231 secunda:
1851 2194 1949 2230 Unde
1971 2193 2083 2232 venit.
2381 2189 2384 2193 ’

266 2249 418 2288 Martiis.
470 2249 548 2298 Qui
578 2260 669 2285 vero
691 2248 812 2297 postea
837 2250 1054 2287 creabantur
1077 2250 1113 2286 in
1136 2247 1289 2298 sequen·
1409 2257 1427 2293 7
1459 2246 1636 2295 separaris
1669 2257 1691 2280 a
1723 2243 1874 2294 turba.]
1915 2244 2015 2281 Cum
2049 2243 2143 2283 solus
2165 2244 2379 2288 sententiam

264 2310 342 2339 tem
367 2313 507 2338 annum
531 2330 542 2346 ‚
579 2301 604 2337 ii
626 2298 798 2347 designati
820 2300 1031 2339 dicebantur
1052 2299 1204 2337 auctore
1238 2298 1288 2338 Fl.
1361 2296 1447 2336 dicis
1467 2298 1612 2335 attentis
1635 2297 1793 2334 caeteris.
1823 2295 1855 2333 C
1871 2309 1929 2333 AT
1945 2308 1966 2331 A
1982 2306 2019 2332 N.

267 2352 441 2401 Vopisco.
469 2351 660 2390 Postremo
683 2350 778 2388 adeo
801 2354 914 2389 crevit
927 2352 1080 2389 ambitio
1094 2351 1154 2388 sub
1168 2350 1287 2400 Impp.
1411 2349 1432 2386 8
1464 2347 1620 2386 Vitellius
1644 2346 1889 2396 Honoratus.]
1919 2345 2072 2383 Fabium
2094 2353 2316 2386 Honoratum
2341 2347 2378 2384 in

268 2412 310 2441 ut
343 2415 420 2441 uno
451 2414 551 2440 anno
572 2402 687 2440 tradat
712 2402 945 2451 Lampridius
969 2403 1029 2441 sub
1065 2401 1288 2439 Commodo
1359 2400 1515 2449 antiquis
1540 2399 1728 2437 memoriis
1752 2399 1906 2447 reperio.
1955 2399 2160 2446 Spartianus
2181 2400 2220 2437 in
2242 2400 2376 2436 Severo

269 2452 374 2491 fuiss‘e
397 2455 524 2502 viginti
548 2455 712 2504 quinque
737 2453 911 2492 Consules
935 2452 1149 2502 designatos
1189 2452 1289 2490 Cum
1362 2450 1536 2488 Honorati
1561 2449 1747 2499 cujusdam
1770 2451 2004 2488 mentionem
2029 2447 2114 2486 fecit
2136 2477 2147 2493 ‚
2186 2451 2224 2486 ὅτ
2242 2447 2376 2484 Plutar-

271 2505 379 2552 igitur
403 2518 456 2542 res
478 2506 595 2555 aliqua
619 2506 726 2542 relata
750 2503 866 2543 fuerat
889 2506 935 2543 ad
957 2505 1122 2543 senatum
1146 2533 1157 2549 ‚
1187 2505 1293 2542 Con·
1362 2502 1449 2540 chus
1473 2503 1509 2539 in
1532 2502 1606 2539 vita
1629 2502 1766 2539 Galbae
1782 2501 1959 2539 Antonini
1973 2499 2169 2541 Honorati,
2197 2496 2374 2534 ubieti'am

271 2555 362 2595 sules
386 2559 446 2606 qui
471 2555 716 2606 praeli-lebant
741 2584 750 2599 ‚
778 2558 939 2604 primum
964 2556 1166 2605 designatos
1189 2556 1294 2593 Con·
1362 2553 1556 2591 Vitellium
1581 2553 1807 2591 Marti-anum
1832 2553 2011 2590 nominat.
2038 2549 2086 2586 D.
2121 2546 2273 2602 Hieron.
2304 2551 2376 2600 Ho-

276 2607 365 2645 sules
388 2609 491 2657 super
516 2619 556 2645 ca
577 2607 790 2644 sententiam
814 2607 988 2655 rogabant
1012 2636 1023 2653 ,
1060 2619 1102 2645 ac
1123 2606 1294 2656 deinceps
1363 2615 1533 2641 noratnm
1580 2603 1813 2642 Praefeecum
1859 2601 2046 2642 Praetorio
2078 2595 2272 2634 Galliarum
2308 2606 2379 2643 pri-

276 2667 440 2696 caeteros
463 2660 662 2697 Senatores.
694 2658 807 2695 IDEM.
1369 2666 1485 2692 mum.
1516 2656 1630 2693 IDEM.
2085 2697 2090 2702 ,
2235 2698 2240 2703 ‚

325 2724 348 2756 4
387 2710 511 2754 Julius
545 2708 695 2757 Ferox.]
736 2709 847 2746 Feroci
896 2708 1060 2758 scripsisse
1096 2709 1296 2748 Proculum
1416 2719 1439 2754 9
1469 2705 1619 2744 Flavius
1666 2701 1918 2750 Martianus.]
1973 2702 2160 2752 Martldnq
2184 2696 2273 2753 ‘le-
2315 2696 2382 2735 Vl.

280 2763 448 2798 meminit
471 2762 484 2807 J
496 2762 536 2798 C.
560 2761 689 2799 Paulus
712 2760 861 2806 Dulium.
886 2767 1050 2799 Beroeam
1065 2760 1297 2798 clarissiinum
1366 2756 1480 2795 scribit
1502 2758 1698 2796 Martialis:
1727 2758 1766 2794 &
1791 2753 2016 2790 Marcianum
2038 2746 2106 2793 JC·
2141 2745 2241 2802 fufffss
2273 2747 2380 2803 1ςῖῒῖοῗ

282 2811 403 2847 virum
429 2817 465 2848 t«
489 2813 665 2859 plurimae
685 2812 909 2849 auftoritatis
941 2812 1113 2850 testantur
1146 2811 1299 2860 Trajani
1369 2809 1408 2845 δε
1433 2808 1580 2846 Aeliu-m
1608 2807 1837 2844 Martianum
1862 2802 1990 2838 Uticae
2021 2797 2288 2853 Proconlulcin
2313 2810 2383 2834 ini-

282 2858 416 2897 litt-iic.
472 2862 584 2900 Hunc
618 2862 802 2900 Secundus
835 2863 915 2901 alibi
948 2863 1197 2901 doffiffimum
1222 2874 1302 2899 me-
1371 2868 1520 2906 perante
1573 2857 1768 2895 Antonino
1808 2853 1874 2890 Pio
1906 2848 2015 2887 refert
2040 2846 2126 2895 Ulp.
2150 2857 2190 2905 ut
2213 2859 2381 2885 omittam

285 2919 430 2953 inurat,
461 2914 497 2947 'ct
521 2912 664 2949 Tiberis
685 2905 890 2950 cu'iatorem
914 2916 1084 2963 antiquus
1116 2915 1155 2952 in
1184 2913 1303 2961 lapide
1373 2908 1516 2946 Icelium
1561 2907 1726 2944 libertum
1777 2907 2031 2957 cognomento
2070 2903 2302 2935 Martianum
2339 2911 2385 2936 ac

285 2961 408 2998 titulus
431 2960 549 2997 adhuc
572 2970 706 2997 extans.
759 2967 816 2997 Ex
841 2964 1052 3000 auctoritate
1085 2963 1306 3013 Imperatoris
1373 2960 1492 2995 virum
1523 2956 1798 2994 eruditissimum
1830 2955 2064 2987 Martmnum
2094 2950 2288 2998 capsllam.
2327 2951 2390 2988 Si-

285 3013 385 3057 Caes.
418 3011 510 3047 Divi
546 3017 687 3047 Nervae
722 3011 873 3058 Trajani
915 3013 1060 3060 August.
1096 3014 1307 3051 Germanici.
1372 3009 1417 3045 tis
1463 3005 1600 3042 constat
1650 3016 1694 3041 cx
1741 3001 1953 3038 tcstjinonio
2001 2999 2173 3038 Calistmti
2213 3001 2247 3036 sr'.
2285 3011 2393 3049 quar·

289 3067 392 3099 Pont.
407 3067 513 3097 Max.
530 3061 621 3096 Trib.
637 3067 712 3097 Por.
740 3066 773 3095 ι’.
800 3061 886 3108 Cosy.
913 3064 968 3096 W,
994 3069 1063 3097 pp,
1089 3065 1157 3100 Tit,
1183 3065 1309 3108 Juljm
1372 3065 1413 3093 to
1439 3056 1669 3091 Marti.mmn
1695 3054 1754 3091 sub
1779 3052 1944 3101 Trajano
1969 3049 2069 3089 fuisse
2102 3050 2318 3088 accusitnni.
2359 3051 2393 3088 1-

291 3118 398 3150 Ferox
422 3124 561 3150 curator
584 3111 678 3149 alvei
700 3122 742 3150 υ·
764 3109 923 3159 riparum
948 3112 1084 3160 Tybcm
1110 3142 1120 3157 ,
1156 3126 1198 3153 ω,
1221 3114 1313 3151 aaa,
1376 3119 1468 3144 DEM.
1498 3105 1603 3143 Hace
1626 3105 1751 3142 Omnia
1774 3114 1781 3137 :
1821 3114 1865 3142 (y
1894 3102 2044 3141 Flavius
2072 3103 2280 3140 Marcianus
2304 3114 2311 3137 :
2333 3111 2392 3187 'hex

2279 3164 2337 3201 qus
2362 3162 2401 3187 us
