2616 3686
333 186 872 241 ‹--*L·IB‘ER
939 187 1045 237 1v.
1109 188 1681 242 EPISTOLA
1746 195 1867 245 VII.
2140 204 2236 266 ἰς-9

138 277 309 338 uua-o,
343 269 540 329 ebore,
573 277 848 318 marmore
887 259 1118 332 effingit.
1151 331 1162 341 ·
1193 267 1206 287 ¹
1243 259 1356 331 lpse
1397 278 1528 316 vero
1567 267 1621 317 &
1656 281 1828 335 nuper
1878 263 2121 320 adhibito
2156 273 2233 324 in-

137 348 286 417 genti
322 340 591 395 auditorio
629 335 824 390 librum
858 331 932 387 de
970 335 1074 388 vita
1115 350 1225 401 ejus
1263 332 1510 387 recitavit
1545 352 1558 387 ε
1591 335 1668 388 de
1707 340 1815 389 vita
1853 337 2005 406 pueri
2045 337 2237 392 recita-

139 419 259 480 vit;
306 426 485 467 tamen
535 408 772 463 eundern
823 404 1009 458 librum
1062 405 1118 459 in
1156 405 1476 475 exemplaria
1517 406 1886 476 transcriptum
1926 407 2100 470 mille,
2137 425 2232 478 per

136 500 305 540 rotam
348 486 544 537 ltaliam
580 477 988 550 provinciasque
1026 475 1238 530 dimisit.
1299 480 1314 498 ²
1348 475 1563 546 Scripsit
1603 478 1812 546 publice
1840 514 1855 537 ‚
1913 489 1970 528 ut
2011 494 2037 528 a
2073 494 2087 518 ³
2135 479 2231 532 de-

2268 340 2270 342 .
2278 300 2309 334 Ζ

134 556 450 614 curionibus
489 556 772 625 eligeretur
805 547 1156 604 vocaliffimus
1194 549 1382 620 aliquis
1420 564 1490 602 ex
1526 549 1644 619 iptis
1672 586 1688 612 ,
1724 549 1819 619 qui
1858 547 2059 617 legeret
2108 565 2235 605 eum
2281 597 2287 603 Α,

2005 624 2232 688 populo:

134 767 216 810 tio,
268 775 314 803 ua
343 762 369 801 fi
398 762 627 800 mediocriter
655 759 819 803 utimur,
845 756 1045 806 plurimum
1064 768 1143 807 gra·
1217 757 1262 794 ad
1311 767 1425 807 quam
1473 754 1634 793 formam
1672 760 1775 802 pater
1813 752 2006 790 Homerus
2044 751 2147 792 Iliad.
2190 753 2235 801 κζ

135 816 230 859 tiae,
303 813 520 862 frequentius
540 810 760 848 inculcamus
782 837 793 853 ‚
839 807 965 846 fastidii
995 817 1143 847 tantun-
1214 818 1265 845 vs.
1295 807 1374 845 126.

137 863 222 902 dem
242 863 355 901 affert.
388 861 464 899 Nifi
490 862 642 899 velimus
663 869 790 908 putare
807 857 962 896 voluiffe
984 870 1047 907 per
1069 861 1143 898 hoc

134 911 395 952 immodestiam
418 912 547 959 Reguli
579 908 834 948 demonstrare.
873 910 1028 946 CATAN.
1064 911 1142 949 Ve—
1262 907 1327 942 'Ov
1345 906 1407 947 μέν
1429 921 1502 946 πως
1522 909 1568 941 ivi
1590 900 1746 942 ἐςὶνοέπὶ
1766 898 1869 951 ὃςυὸς
1889 901 1950 939 δ’δ’
1971 902 2048 939 ἀπὸ
2069 899 2199 951 πέτξκς

132 963 286 1001 tern'mi:
312 961 412 999 illum
433 974 519 998 auro
535 990 546 1006 ,
570 961 688 1005 ebore,
714 971 890 996 marmore
919 958 1060 1007 effingit.
1088 960 1142 999 At
1261 959 1325 1002 Τῷ
1343 955 1564 1004 ὀαριζέμεναι
1590 956 1653 990 ἄιε
1679 958 1941 989 ΠΑΡΘΕΝΟΣ
1958 957 2140 988 ΗΣΘΕΟΣ
2155 959 2234 998 TE,

131 1010 279 1050 Helmst.
302 1013 340 1049 &
361 1010 425 1048 Ed.
448 1010 532 1050 Vet.
553 1009 656 1048 illum
675 1020 843 1058 argento,
870 1021 956 1046 auro
971 1037 981 1053 ,
1007 1024 1034 1046 e.
1053 1023 1138 1049 m.e.
1261 1011 1526 1045 ΠΑΡΘεΝοΣ
1551 1007 1734 1042 mezo-1:
1755 1005 1795 1039 τ’
1820 1001 1994 1051 aeglea„
2018 999 2235 1054 &nautam-n.

183 1072 200 1100 ι
224 1062 296 1111 Ipse
319 1075 400 1100 vero
415 1090 426 1106 ,
451 1060 555 1111 eya]
593 1061 748 1099 Veteres
767 1058 816 1097 fic
839 1072 847 1096 :
888 1065 942 1096 De
965 1060 1048 1097 vita
1069 1061 1138 1100 eius

130 1112 314 1156 recitavit,
340 1112 382 1150 de
400 1114 481 1150 vita
495 1112 591 1161 pueri
611 1111 774 1149 recitavit
797 1125 808 1153 ;
835 1121 959 1148 tamen
979 1111 1138 1149 eumdem
1210 1107 1318 1146 Idem
1339 1107 1440 1147 Iliad.
1463 1106 1512 1155 ψ.
1531 1117 1584 1145 vs.
1605 1106 1688 1153 641.

129 1157 266 1199 librum.
301 1164 340 1201 in
360 1174 436 1211 quo
458 1171 585 1212 putem
605 1162 784 1200 mendum
805 1159 876 1199 efle
897 1162 933 1198 in
965 1161 1139 1200 sententia

126 1211 271 1251 iterata:
296 1211 363 1250 nisi
389 1214 469 1262 quis
491 1214 576 1251 velit
607 1211 839 1260 gloriosulum
877 1211 1062 1258 Regulum
1093 1212 1139 1250 de
1260 1208 1317 1244 ὀι
1355 1207 1389 1244 A*
1424 1208 1478 1256 ἄρ’
1518 1207 1600 1244 ’έναι
1639 1201 1793 1249 δίδυμαι·
1834 1203 1849 1239 ὁ
1894 1200 1956 1247 μὲν
1993 1207 2235 1242 ΕΜΠΕΔΟΙ(

125 1260 161 1299 se
180 1264 360 1311 primum,
387 1263 472 1300 dein
495 1263 539 1302 de
553 1262 626 1301 filio
639 1260 773 1300 dixiffe.
802 1261 952 1299 Minos.
980 1262 1051 1299 Pal.
1064 1261 1140 1301 edi-
1310 1263 1589 1296 ΗΝιοΧΕΥΕΝ
2011 1303 2016 1309 .

126 1312 250 1362 tioque
271 1313 437 1358 exoleta,
466 1314 506 1350 de
529 1315 611 1350 vita
632 1313 704 1362 ejus
737 1312 917 1350 recitavit.
974 1316 1026 1349 De
1055 1313 1138 1350 vita
1259 1314 1499 1346 EMssEAON
1531 1310 1810 1345 HNiOXErEN
1830 1331 1842 1348 ‚
1878 1303 1895 1340 ὁ
1926 1301 1961 1338 θ’
2004 1301 2076 1353 οἶμαι
2094 1304 2233 1348 μοῖς-ιγ(

119 1363 216 1410 puri
235 1364 400 1400 recitavit
414 1378 425 1405 ;
454 1374 575 1400 tamen
596 1363 742 1400 eundem
766 1361 910 1399 librum.
949 1363 1060 1410 Quae
1083 1374 1137 1401 re·
1310 1359 1446 1397 κέλευεν

147 1413 248 1450 etitio
268 1414 450 1450 nonnullis
471 1414 633 1462 placebit.
662 1413 851 1450 Gau-rm.
877 1414 1045 1450 Primum
1057 1412 1136 1452 scri-

121 1421 283 1500 iiendum
307 1476 316 1499 ε
361 1463 425 1512 lpse
459 1474 547 1502 vero
581 1465 619 1500 &
652 1471 781 1511 nuper,
810 1471 876 1500 cet.
898 1474 943 1500 ex
974 1463 1136 1510 plurimis
1208 1458 1257 1497 Et
1278 1458 1326 1498 fic
1346 1461 1485 1508 passim.
1523 1457 1708 1507 Gryphius
1728 1453 1804 1511 stne
1823 1452 1937 1509 dubio
1957 1454 2070 1492 talem
2098 1456 2234 1497 iterati-

124 1512 163 1549 &
196 1514 397 1551 veterrimis
425 1513 520 1550 libris
543 1540 554 1556 ,
591 1522 676 1548 cum
706 1513 924 1548 recentiores
963 1511 1138 1560 quidam,
1208 1520 1323 1547 onem
1352 1512 1388 1546 in
1409 1511 1476 1547 suis
1497 1519 1650 1556 quoque
1671 1507 1764 1544 libris
1786 1513 1917 1552 reperit
1941 1532 1951 1548 ‚
1979 1504 2039 1542 sed
2068 1513 2108 1542 ut
2139 1505 2232 1544 scri-

125 1560 332 1610 Gryphium
357 1561 466 1599 secuti
491 1589 502 1605 ,
540 1561 746 1598 invexerint
769 1573 777 1596 :
802 1561 866 1608 ipse
890 1561 999 1597 etiarn
1023 1571 1139 1611 nuper.
1208 1556 1541 1609 ptos&impreff0s
1564 1557 1728 1607 quodam
1752 1553 1874 1611 modo.
1891 1555 2125 1611 conciliaret,
2151 1557 2233 1596 νηι-

123 1609 272 1650 Deinde
301 1612 458 1648 omnino
487 1610 684 1658 legendum
711 1622 719 1644 :
747 1608 877 1645 librum
903 1610 943 1646 de
967 1609 1048 1646 vita
1071 1612 1138 1649 eius
1209 1611 1330 1658 gavit:
1359 1608 1491 1646 librum
1515 1608 1555 1644 de
1581 1607 1663 1644 vita
1687 1606 1790 1655 pueri
1806 1615 2004 1641 recitavit:
2032 1613 2113 1641 rum
2134 1618 2232 1642 eum-

122 1662 288 1699 recitavit
303 1689 312 1705 ,
339 1660 380 1697 de
402 1662 484 1698 vita
501 1661 596 1709 pueri
617 1659 809 1697 recitavit:
832 1663 963 1697 Tamen
979 1662 1138 1699 eumdem
1211 1661 1288 1697 dem
1311 1659 1442 1696 librum
1467 1665 1532 1695 cet.
1563 1657 1632 1695 Sed
1657 1656 1745 1706 quid
1768 1655 1841 1692 hoc
1861 1653 1963 1691 distat
1992 1665 2012 1690 a
2046 1655 2228 1702 Vulgata:

122 1719 189 1747 cet.
223 1713 269 1749 ita
303 1712 400 1748 enim
432 1711 479 1748 est
513 1712 548 1748 in
579 1708 824 1758 antiquiffimo
846 1708 1047 1754 Mediceo,
1075 1715 1138 1760 qiu·
1172 1746 1173 1750 ,
1200 1709 1382 1759 frequenti
1401 1707 1577 1745 auditorio
1604 1707 1738 1743 librum
1760 1706 1801 1742 de
1822 1705 1903 1741 vita
1928 1706 2003 1741 eius
2035 1705 2230 1744 recitavit.-

122 1765 246 1799 tamen
271 1761 356 1799 nihil
380 1760 483 1798 facile
505 1762 690 1807 geminare
713 1758 822 1803 solet,
847 1760 937 1796 it.·1n
975 1761 1011 1797 in
1046 1761 1138 1799 Lin-
1171 1767 1173 1774 ’
1206 1767 1287 1797 tum
1309 1759 1466 1796 eumdem
1480 1757 1609 1794 librum
1627 1784 1637 1801 ,
1663 1764 1732 1793 cet.
1761 1755 1841 1791 Nos
1853 1755 1977 1802 itaque
1990 1756 2228 1796 veterrimam

123 1808 244 1848 denbr.
280 1810 468 1848 Helmstad
499 1814 537 1848 ὅ(
572 1809 639 1846 Ed.
669 1809 751 1846 Ver.
787 1809 949 1858 Ineptiae
977 1810 1134 1858 Reguli,
1169 1778 1174 1852 i
1205 1809 1412 1859 scripturam
1437 1806 1680 1856 expreffimus.
1708 1806 1863 1843 Coun.

121 1860 184 1905 qui
214 1862 256 1897 de
285 1862 367 1898 vita
395 1861 491 1908 pueri
519 1859 687 1897 recitavit
711 1887 721 1904 ,
747 1857 910 1897 fecerunt
934 1886 945 1904 ‚
972 1868 1012 1898 ut
1043 1861 1133 1900 haec
1169 1860 1173 1909 f
1254 1871 1275 1897 2
1303 1857 1440 1908 Scripsit
1473 1858 1616 1906 publice
1640 1884 1651 1901 ,
1679 1866 1717 1893 ut
1739 1868 1762 1891 a
1782 1853 2064 1901 decurionibu5.l
2110 1856 2228 1906 Suspi-

124 1908 232 1944 verba
265 1922 342 1946 non
387 1910 459 1948 sine
504 1910 584 1948 felle
623 1911 763 1948 iteraret
797 1936 809 1953 ,
853 1910 1014 1957 inprimis
1047 1921 1134 1950 cum
1168 1914 1172 1954 3
1205 1919 1292 1955 cor,
1321 1908 1590 1947 distinffionem
1614 1905 1685 1944 effe
1709 1906 1869 1948 malam,
1898 1906 1936 1942 &
1968 1915 2119 1942 comma
2146 1908 2226 1956 post

124 1960 255 1994 Tamen
291 1959 387 2005 (hoc
420 1963 519 1998 enim
553 1961 734 1998 veterrimi
757 1958 877 1997 Codd.
898 1960 1130 2008 praeferunt,
1168 1963 1171 1982 ²
1203 1971 1338 1998 vocem
1354 1958 1488 2009 scripfit
1519 1957 1790 1995 collocandum.
1828 1955 2044 1992 Scaurum
2084 1956 2224 2004 Lapsus

123 2016 199 2041 non
238 2010 353 2050 Tam)
385 2009 672 2058 subiungendum
695 2007 787 2048 effer.
835 2009 926 2046 Non
958 2008 1133 2051 diffimilia
1166 2005 1170 2059 l
1204 2009 1251 2047 est
1279 2011 1397 2048 bonus
1429 2008 1630 2047 Schefferus
1652 2035 1664 2052 ,
1702 2006 1791 2044 dum
1813 2005 1960 2056 scribere
1983 2031 1993 2048 ,
2031 2006 2069 2043 &
2117 2006 2227 2047 ublice

121 2053 207 2110 sunt·
226 2058 305 2094 Lib.
328 2059 372 2096 11.
397 2059 501 2106 Epist.
524 2059 624 2097 XIX.
644 2071 677 2096 n.
701 2071 734 2107 7.
763 2058 871 2105 Potest
894 2071 1014 2097 tamen
1029 2060 1132 2109 fieri,
1165 2062 1169 2098 l
1202 2059 1396 2109 separanda
1429 2057 1498 2096 effe
1529 2059 1680 2107 putavit.
1734 2056 1860 2094 Immo
1886 2054 1994 2104 scribi
2019 2015 2151 2104 publice
2173 2057 2227 2097 di.

120 2115 162 2139 ιιι
182 2105 267 2143 libro
291 2107 344 2153 isti
365 2111 502 2147 novitas
525 2109 756 2154 lenocinetur;
784 2111 928 2148 novitas
949 2112 1043 2160 apud
1073 2125 1134 2150 no-
1204 2119 1358 2155 cuntur,
1385 2121 1480 2159 quae
1503 2108 1549 2146 ad
1572 2110 1745 2147 Senatum
1770 2134 1781 2151 ,
1807 2108 1847 2144 &
1869 2116 1982 2153 remp.
2006 2107 2226 2155 mittuntur,

115 2151 226 2198 stros:
258 2159 352 2206 apud
373 2163 514 2196 Graecos
533 2161 626 2198 enim
647 2159 691 2206 est
721 2160 895 2210 quiddam
927 2168 994 2199 cet.
1048 2162 1132 2201 Lib,
1203 2169 1266 2197 aut
1299 2173 1345 2199 eo
1376 2159 1450 2197 fine
1474 2187 1484 2204 ‚
1520 2167 1561 2196 ut
1590 2159 1732 2208 publice
1764 2157 1986 2198 recitentur,
2023 2156 2124 2203 quod
2158 2169 2226 2198 nos

117 2202 188 2261 III.
209 2207 312 2254 Epist.
336 2208 381 2245 X.
407 2221 440 2246 n.
462 2209 496 2246 6.
523 2209 616 2247 Mihi
636 2209 779 2248 difficile
814 2209 863 2248 est
885 2209 1057 2260 hucusque
1077 2214 1134 2250 in-
1205 2209 1450 2249 adolescentes
1476 2209 1750 2246 observavimus
1768 2206 1814 2244 ad
1839 2207 1913 2243 Cic.
1937 2205 1986 2240 V.
2000 2203 2100 2241 Fam.
2116 2207 2225 2254 Epist.

118 2256 256 2293 tendere
279 2258 439 2296 animum
461 2260 498 2296 in
522 2259 655 2304 dolore;
685 2260 828 2298 difficile
839 2259 911 2298 est:
933 2262 995 2310 sed
1009 2273 1132 2301 tamen
1169 2255 1171 2301 i
1207 2258 1296 2297 VII.
1319 2263 1428 2310 princ.
1457 2263 1512 2295 Ex
1533 2258 1659 2296 litteris
1686 2257 1753 2294 tuis
1769 2286 1778 2300 ‚
1806 2268 1892 2304 quas
1916 2255 2057 2302 publice
2078 2256 2223 2302 misisti,

117 2315 159 2340 ut
174 2306 382 2355 sculptorem
404 2317 472 2347 cet.
489 2309 569 2348 Lib.
593 2309 657 2347 lV.
681 2309 787 2359 Epist.
808 2310 960 2349 X111.n.
975 2324 1006 2359 5.
1028 2314 1135 2360 Quod
1206 2312 1271 2358 cepi
1294 2323 1368 2347 una
1388 2322 1465 2347 cum
1483 2308 1640 2346 omnibus
1663 2305 1895 2344 incredibilem
1921 2303 2150 2351 voluptatem.
2183 2309 2224 2345 &

118 2363 210 2389 nunc
233 2358 270 2392 in
292 2372 330 2395 ea
346 2386 357 2402 ‚
379 2371 467 2407 quae
489 2371 638 2408 peregre
651 2368 845 2404 emuntur;
873 2362 991 2398 omnia
1013 2372 1135 2398 aurem
1169 2373 1171 2382 ¹
1206 2360 1329 2406 postea
1350 2360 1396 2397 ad
1419 2358 1533 2406 Crispi
1549 2359 1625 2405 lug.
1648 2369 1725 2404 cap.
1750 2355 1913 2408 VH¹·.¹¹·
1945 2364 1977 2388 2.
2025 2354 2086 2408 Lsei
2107 2355 2220 2402 potius

117 2411 265 2490 {eregrc
288 2418 458 2447 emuntur
472 2424 481 2451 ;
509 2410 729 2459 impenditis,
757 2411 901 2449 adiicere
915 2411 1135 2449 mercedibus.
1207 2410 1373 2455 publice,
1403 2421 1511 2456 quam
1530 2407 1706 2456 privatim
1729 2405 1924 2441 amicitiam
1943 2402 2055 2451 populi
2078 2409 2117 2441 R.
2138 2405 2222 2444 cole-

153 2454 197 2511 {b-
223 2457 290 2495 VI.
312 2458 419 2507 Epist.
443 2459 527 2496 XII.
549 2471 583 2497 n.
608 2473 639 2506 ς.
693 2460 841 2497 Proinde
884 2460 994 2498 etiam
1027 2471 1134 2510 atque
1205 2469 1268 2494 ret.
1299 2457 1505 2506 Saepissime
1525 2457 1656 2503 publice
1678 2457 1715 2492 ὃς
1737 2453 1908 2503 privatim
1929 2453 2002 2489 hoc
2013 2452 2131 2497 sensu,
2159 2464 2222 2495 aut

114 2512 224 2542 etiam
248 2521 326 2554 rogo
351 2536 361 2551 ,
398 2521 438 2545 ut
479 2509 565 2546 mihi
588 2510 661 2558 sem
685 2524 719 2546 er
748 2510 867 2547 eadem
881 2509 1133 2559 fimplicitate,
1169 2522 1172 2537 ι
1205 2505 1309 2546 simili
1343 2506 1440 2556 apud
1470 2507 1628 2544 Plinium
1662 2506 1818 2542 occurrit
1840 2532 1850 2548 ‚
1899 2504 1961 2552 qui
1996 2505 2033 2540 ὃ(
2067 2504 2148 2542 Lib.
2171 2506 2220 2545 V.

118 2557 242 2610 quqties
267 2557 386 2605 cessare
411 2559 584 2604 videbor,
613 2562 647 2596 vi
677 2561 764 2597 ebor
786 2559 870 2597 dico
895 2588 906 2604 ,
934 2572 1132 2607 numquam
1169 2574 1172 2605 l
1205 2557 1311 2606 Epist.
1346 2556 1437 2594 VII.
1469 2567 1502 2593 n.
1537 2570 1568 2605 5.
1615 2561 1707 2592 Haec
1736 2568 1791 2603 ego
1822 2553 1970 2592 scribere
1999 2553 2141 2601 publice
2155 2556 2223 2607 s‘⁴·‚

117 2611 204 2660 ‘nup
235 2608 356 2654 celJabo
379 2635 390 2652 ,
430 2609 620 2647 convicium
645 2610 774 2655 facias.
803 2610 895 2647 adde
919 2610 1000 2647 Lib.
1023 2609 1131 2648 VIII.
1168 2615 1172 2657 ᾗ
1199 2608 1345 2658 persedi.

176 2653 222 2693 tst.
245 2658 312 2695 Vl.
334 2669 368 2695 n.
391 2671 421 2706 ς.
463 2660 544 2696 Alia
569 2659 697 2697 damus
720 2659 765 2697 ad
785 2660 866 2697 Lib.
889 2659 986 2697 VIII
1023 2659 1132 2708 Epist.
1168 2662 1172 2696 i
1255 2670 1274 2707 3
1317 2655 1615 2706 Decurionibus.]
1655 2654 1885 2694 senatoribus
1923 2655 1961 2691 in
2001 2655 2220 2709 municipiis·

209 2704 255 2742 V.
276 2718 310 2744 n.
331 2720 362 2746 2.
412 2714 455 2745 Te
479 2709 616 2758 missum
637 2710 694 2759 effe
721 2711 770 2746 ad
789 2710 985 2754 homines,
1011 2711 1132 2748 maxi—
1167 2699 1171 2729 ¹
1205 2707 1351 2757 Insuper
1375 2709 1509 2745 decurio
1533 2707 1580 2744 est
1604 2707 1697 2744 ordo
1719 2708 1754 2743 in
1778 2705 1902 2749 militia
1922 2733 1930 2750 ,
1975 2715 2038 2752 qui
2060 2714 2222 2752 praeerat

124 2751 379 2811 mhprnineae
406 2760 455 2795 ad
473 2760 627 2802 liberos,
653 2761 811 2797 maxime
832 2761 971 2798 liberos.
1011 2759 1130 2801 ‚Talis
1167 2802 1170 2807 ,
1200 2766 1344 2796 turmae
1371 2760 1516 2806 triginta
1553 2757 1709 2794 duorum
1742 2757 1906 2804 equitum
1934 2783 1943 2798 ‚
1984 2753 2008 2789 li
2047 2754 2221 2794 Modesto

129 2803 283 2844 repentio
301 2806 467 2856 frequens
487 2809 535 2849 est
559 2810 701 2848 Ovidio
727 2811 764 2847 &
786 2811 861 2848 aliis
883 2811 1014 2848 Poetis.
1068 2811 1130 2848 De
1203 2809 1383 2847 credimus
1419 2807 1641 2846 Cumulo.
1665 2808 1800 2844 Savaro
1822 2804 1865 2841 ad
1881 2804 2005 2842 Sidon.
2020 2803 2099 2840 Lib.
2113 2806 2222 2845 VIII.

132 2840 284 2893 fingulafi
310 2865 432 2911 autem
463 2869 595 2907 genere
628 2861 850 2908 repetitionis
899 2861 1040 2909 egimus
1083 2861 1129 2899 ad
1201 2859 1309 2907 Epist.
1336 2858 1400 2895 IX.
1424 2869 1501 2906 pag.
1523 2869 1606 2906 493-
1633 2855 1875 2910 emendabitq
1897 2866 1939 2910 uf
1960 2866 1980 2891 e
2012 2855 2219 2909 curionibus

132 2892 266 2936 Lucan.
284 2902 362 2943 Lib.
383 2905 446 2945 IX.
468 2920 518 2947 vs.
539 2910 625 2948 662.
1199 2909 1379 2958 eligeretur
1402 2906 1627 2953 vocalissimus
1649 2906 1776 2955 aliquis
1798 2918 1839 2942 ex
1865 2905 1938 2954 ipsis
1963 2932 1973 2948 ‚
2011 2916 2068 2953 quc
2097 2904 2221 2953 legeret

1165 2949 1169 3003 ἔ
1199 2973 1276 2997 cum
1295 2958 1426 3009 populo.
1457 2958 1525 2997 Sed
1548 2960 1627 3007 quis
1648 2958 1765 2994 Plinio
1790 2954 1956 2991 obtrudat
1979 2966 1988 2991 :
2024 2967 2038 2991 e
2071 2956 2221 2993 curioni·

182 3003 276 3018 ᾖ
325 3011 416 3027 ’ᾕ-
444 3007 630 3056 Cyllenida
646 3010 787 3060 sustulit
810 3011 986 3060 Harpen,
1166 3008 1168 3021 '
1199 3010 1260 3046 bus
1274 3010 1402 3060 aliquis
1423 3020 1464 3046 ex
1485 3005 1588 3054 ipfis?
1618 3007 1759 3045 Scilicet
1783 3006 1867 3053 quia
1891 3005 1982 3042 curio
2007 3003 2054 3041 est
2089 3016 2221 3052 praeco

182 3041 332 3094 Hflpen
350 3051 486 3096 alterins
507 3059 648 3108 monstri
667 3062 739 3102 iam
762 3063 861 3101 caede
879 3060 1075 3104 rubentem.
1164 3075 1168 3092 ι
1199 3060 1348 3109 quidam
1363 3088 1374 3105 ‚
1402 3059 1465 3109 qui
1486 3058 1654 3145 ριἰἰέτιὲὶρίε
1677 3064 1739 3095 aut
1762 3055 1983 3104 magistratus
2009 3051 2099 3093 iussu
2110 3067 2223 3141 quiae-

1618 3117 1638 3145 2
2168 3113 2225 3141 am
