2616 3686
269 208 341 252 σι
472 187 991 245 C.PLINII
1056 186 1560 240 CAE<31L11
1633 189 2145 244 SECUNDI

427 271 649 328 Mabam
690 267 1011 340 Pompejum
1047 268 1393 323 Saturninum
1419 307 1434 330 ‚
1480 268 1625 323 hunc
1668 267 1795 322 dico
1831 267 1845 288 ¹
1870 270 2107 327 nostrum
2136 289 2149 327 :
2190 270 2370 327 lauda-

291 279 411 414 A
432 346 661 415 bamque
688 341 797 412 ejus
821 343 1129 412 ingenium,
1167 342 1330 395 etiam
1355 353 1640 412 antequam
1668 339 1852 395 scirem
1877 378 1895 404 ‚
1939 358 2099 412 quarn
2133 345 2370 409 varium,

291 437 451 492 quam
488 415 727 473 flexibile
757 451 773 476 ‚
822 430 982 485 quam
1018 415 1297 483 multiplex
1327 412 1452 466 effer
1489 437 1503 474 ς
1548 430 1690 468 nunc
1713 430 1846 468 vero
1882 425 2058 467 totum
2083 432 2171 470 me
2195 430 2372 481 tenet,

244 509 275 542 2
295 493 484 556 babet,
522 506 538 525 ²
567 486 814 560 poffider.
856 485 1057 539 Audivi
1086 484 1263 538 causas
1288 499 1541 554 agentem
1564 483 1579 510 ³
1607 487 1800 540 acriter
1833 485 1887 540 &
1915 486 1933 510 ⁴
1954 484 2236 550 ardenter,
2272 506 2373 545 nec

298 567 470 622 minus
498 564 691 635 polite,
734 558 787 612 δέ
819 572 1031 619 ornate,
1071 555 1176 610 five
1204 559 1490 621 meditata,
1530 556 1632 611 five
1658 557 1822 612 subita
1848 558 2126 626 proferret.
2164 559 2372 616 Adsunt

301 655 314 682 ς
342 654 524 709 aptae,
562 634 888 704 crebraeque
915 627 932 650 ⁶
958 628 1248 684 sententiae
1273 669 1288 693 ‚
1328 633 1500 700 gravis
1529 631 1581 683 &
1607 629 1806 686 decora
1841 629 1857 656 ⁷
1891 630 2215 686 constructio
2239 670 2254 694 ,
2300 633 2383 686 so-

297 712 477 769 nantia
503 707 663 763 verba
689 705 743 760 &
768 700 784 726 ⁸
809 702 1042 775 antiqua.
1081 702 1280 758 Omnia
1301 703 1434 758 haec
1459 702 1592 759 mire
1617 703 1843 776 placent.
1873 721 1998 758 cum
2023 706 2227 775 impetu
2248 720 2386 776 quo-

2263 776 2390 832 dam

299 913 421 950 varios
441 910 610 949 auctores
632 905 810 956 invenio)
833 907 889 945 vir
912 904 1052 944 sanctus
1066 934 1076 951 ,
1105 904 1252 945 disertus
1262 916 1324 954 pa-
1416 917 1433 952 5
1464 902 1586 953 Aptae
1607 903 1809 954 crebraeque
1826 902 2063 954 sententiaa]
2104 903 2186 943 MS.
2221 903 2386 944 Arnzen.

300 971 431 1001 tronus
465 964 504 1001 ὃς
537 960 702 999 constans
726 988 737 1004 ‚
765 969 914 996 morum
938 958 1200 1006 literarumque
1224 965 1326 994 vete·
1366 955 1404 992 ὃς
1426 953 1495 992 Ed.
1519 955 1698 1005 Gryphii:
1719 962 1854 993 acutae
1875 955 2077 1005 crebraeque
2081 955 2286 1004 fintentiae.
2316 957 2386 995 Sed

301 1025 386 1052 rum
400 1012 692 1055 studiosissnnus,
719 1008 985 1058 praefecturam
1009 1008 1102 1045 urbis
1124 1006 1225 1055 geffit
1240 1036 1250 1050 ‚
1277 1007 1327 1044 bis
1365 1006 1475 1044 altera
1495 1005 1607 1043 lectio
1629 1006 1786 1054 p'uribus
1809 1006 1902 1043 libris
1926 1007 2050 1043 nititur
2076 1035 2087 1051 ,
2126 1007 2165 1043 ὃς
2198 1005 2274 1043 satis
2307 1017 2390 1056 apta

303 1064 429 1102 consul
453 1065 521 1102 fuit
535 1093 546 1109 ,
574 1063 634 1100 sub
655 1062 769 1098 altero
792 1060 869 1107 ejus
892 1057 1080 1096 consulatu
1102 1057 1254 1097 nascitur
1268 1058 1329 1096 Se-
1366 1056 1423 1094 est.
1478 1057 1592 1106 Supra
1614 1055 1816 1095 Helmstad.
1831 1055 1910 1108 five
1930 1056 2105 1094 meditata
2131 1084 2141 1101 ,
2160 1054 2240 1106 five
2261 1057 2393 1096 subma

305 1127 435 1160 verus,
463 1117 526 1165 qui
559 1112 637 1163 post
669 1111 874 1161 imperavit.
925 1109 1157 1158 Ambiguum
1180 1137 1191 1153 ‚
1228 1120 1276 1146 an
1303 1110 1329 1146 is
1362 1109 1546 1158 proferret.
1572 1108 1678 1145 male.

303 1167 438 1210 fuerit,
464 1163 711 1215 queminulto
735 1160 814 1212 post
834 1169 1006 1210 tempore
1028 1158 1210 1198 interfecit
1230 1159 1329 1199 idem
1418 1160 1441 1195 6
1470 1158 1705 1208 Sententiae.]
1747 1159 1933 1197 Sententia
1965 1158 2064 1196 varie
2097 1156 2195 1206 apud
2230 1165 2393 1198 oratores

309 1218 464 1255 Severus
486 1217 534 1254 ob
557 1214 807 1253 crudelitatem
822 1241 832 1256 ‚
861 1223 947 1249 cum
969 1219 1096 1249 tamen
1117 1209 1243 1248 videre
1254 1211 1331 1249 vcl-
1368 1211 1564 1259 accipitur,
1592 1221 1678 1247 cum
1711 1208 1756 1248 sc.
1792 1222 1836 1247 ex
1870 1209 1999 1258 scripto
2025 1210 2064 1246 &
2086 1207 2260 1245 sententia
2283 1209 2393 1249 nasci-

305 1267 357 1305 let
380 1266 698 1306 clementissimus:
726 1275 773 1301 an
795 1264 872 1313 ejus
893 1261 984 1300 filius
998 1291 1009 1307 ‚
1038 1261 1126 1299 ficut
1144 1261 1243 1299 haud
1265 1260 1332 1299 du-
1367 1268 1426 1298 tur
1448 1260 1697 1299 controversia
1711 1289 1722 1304 ‚
1748 1261 1810 1298 ubi
1832 1259 1976 1299 videtur
2009 1259 2187 1309 scriptoris
2223 1259 2392 1298 voluntas

307 1319 367 1358 bie
391 1317 528 1357 constat
553 1317 669 1367 ipsum
692 1313 795 1352 fuiffe
818 1343 830 1359 ‚
858 1314 905 1351 ad
929 1325 1042 1364 quem
1065 1313 1225 1359 Julianus
1249 1313 1330 1351 Lib.
1370 1323 1456 1350 cum
1479 1311 1608 1361 scripto
1632 1309 1837 1358 dissentire,
1865 1311 1910 1349 de
1933 1322 2004 1361 qua
2028 1309 2110 1348 sane
2132 1320 2210 1347 non
2233 1309 2397 1360 loquitur

313 1382 343 1408 1.
368 1368 403 1407 ff.
428 1368 538 1406 refert
562 1368 690 1406 divum
716 1366 955 1405 Antoninum
977 1362 1143 1413 scripsisse
1169 1392 1180 1408 ‚
1216 1375 1333 1414 quan-
1371 1362 1570 1401 Caecilius:
1599 1371 1640 1401 ut
1662 1374 1731 1399 nec
1755 1362 1800 1400 de
1822 1375 1894 1414 qua
1917 1361 2044 1399 Fabius
2067 1361 2104 1398 in
2138 1359 2249 1398 Instit.
2303 1362 2395 1400 Sunt

308 1431 422 1469 quam
457 1420 504 1457 ibi
535 1429 604 1468 pro
638 1416 771 1453 Euritio
805 1415 918 1452 Claro
944 1444 956 1459 ,
994 1422 1166 1464 corrupte
1194 1414 1335 1463 legatur
1373 1414 1412 1451 &
1436 1413 1634 1452 sententiae
1656 1415 1918 1459 translati-vae,
1947 1424 2035 1463 quas
2048 1412 2194 1461 proprie
2206 1410 2396 1451 sententias

308 1469 464 1520 Euriptio
487 1468 622 1512 Claro,
648 1475 689 1505 ut
711 1469 749 1506 in
769 1467 833 1504 illis
855 1466 950 1504 libris
986 1466 1102 1505 multa
1134 1465 1335 1515 priscorum
1375 1463 1527 1503 dicimus
1541 1493 1552 1509 ‚
1579 1476 1674 1514 quae
1696 1465 1785 1503 nihil
1807 1466 1943 1504 habent
1967 1475 2054 1501 curn
2076 1463 2146 1512 ipsa
2180 1468 2397 1500 controver-

307 1522 465 1559 nomina
486 1520 567 1558 sunt
588 1518 738 1558 inversa.
790 1518 898 1556 Haec
920 1516 1073 1555 collecta
1107 1528 1153 1554 ex
1187 1517 1360 1566 Spania-i
1377 1514 1424 1553 fia
1448 1515 1666 1565 implicitum
1682 1545 1692 1562 ‚
1720 1524 1760 1552 ut
1782 1516 1862 1553 sunt
1880 1518 1984 1565 juxta
2008 1515 2133 1552 Senec.
2157 1512 2202 1551 de
2227 1511 2373 1550 fortuna
2387 1541 2400 1557 ‚

313 1584 365 1610 no
380 1601 390 1617 ,
418 1571 540 1610 Gellio
556 1600 566 1616 ‚
594 1572 632 1608 δε
656 1569 732 1619 ipso
756 1567 940 1607 Secundo.
989 1568 1058 1605 CA
1073 1581 1095 1606 τ
1111 1579 1185 1604 ΑΝ.
1232 1567 1339 1606 MSS.
1355 1558 1361 1578 ¹
1379 1565 1424 1604 de
1446 1565 1656 1604 crudelitate
1672 1594 1682 1611 ‚
1711 1565 1756 1603 cle
1777 1565 1898 1603 seculo
1913 1593 1923 1610 ‚
1951 1565 1996 1601 de
2019 1563 2162 1601 deliciis.
2215 1561 2304 1599 Hoc
2338 1573 2402 1611 ge-

313 1623 425 1662 nostri
449 1634 581 1660 omnes
604 1621 726 1658 Erucio
741 1627 805 1667 juo
827 1649 840 1664 ‚
877 1631 955 1656 non
990 1619 1134 1657 Euritio.
1185 1619 1248 1657 De
1269 1581 1363 1657 hoel
1380 1629 1447 1655 nus
1457 1618 1606 1655 Porcius
1630 1617 1749 1656 Latro
1774 1614 2022 1667 supellecflilem
2054 1613 2209 1652 vocabat
2233 1640 2243 1657 ‚
2272 1613 2311 1650 δε
2344 1613 2401 1652 Μ.

317 1674 441 1712 Erucio
463 1674 512 1710 ita
535 1673 588 1710 vir
613 1671 765 1708 doetus:
794 1670 909 1707 Hunc
929 1677 1022 1719 puto
1046 1668 1116 1707 esse
1129 1669 1283 1707 Sextum
1296 1670 1345 1706 E-
1384 1669 1434 1705 T.
1458 1669 1635 1706 Sententia
1652 1696 1663 1712 ‚
1689 1669 1807 1717 inquit
1822 1696 1832 1712 ‚
1858 1666 1902 1715 est
1923 1666 2032 1703 oratio
2045 1668 2193 1715 sumpta
2227 1663 2269 1700 de
2299 1663 2403 1709 vita,

320 1726 463 1762 ruciam
489 1723 638 1761 Clarum
665 1751 676 1766 ‚
703 1721 932 1759 consularem
964 1722 1097 1759 virum.
1149 1720 1250 1757 Vide
1281 1731 1346 1759 ve-
1384 1731 1472 1768 quae
1492 1730 1558 1757 aut
1581 1719 1665 1769 quid
1679 1717 1728 1768 fit
1744 1747 1754 1763 ,
1782 1727 1847 1755 aut
1871 1717 1955 1768 quid
1976 1714 2032 1764 elJb
2050 1725 2203 1766 oporteat
2232 1713 2271 1750 in
2303 1714 2406 1760 vita,

317 1776 430 1813 tullios
451 1773 586 1823 lapides
610 1802 622 1818 ‚
650 1774 852 1810 Gruterum
877 1800 888 1816 ‚
916 1770 1127 1809 Fabrettum
1152 1771 1191 1808 &
1212 1770 1345 1810 Relan-
1386 1770 1540 1807 breviter
1564 1769 1718 1817 ostendit.
1771 1769 1849 1807 Has
1871 1770 1977 1818 igitur
2001 1766 2188 1808 Secundus
2219 1764 2407 1803 intellexit.
2444 1806 2448 1811 ,

320 1826 411 1863 dum
434 1828 471 1863 in
495 1824 600 1862 Fastis
624 1823 889 1860 Consularibus.
918 1822 1015 1860 Item
1036 1823 1128 1859 Part.
1143 1821 1345 1872 LInscripr..
1386 1820 1446 1858 sed
1468 1832 1554 1858 cum
1578 1820 1686 1866 dicit,
1712 1820 1871 1863 crebrae,
1892 1832 1913 1857 a
1935 1819 2133 1870 praeceptis
2145 1818 2224 1855 Cic.
2235 1814 2410 1860 disceffit,
2452 1813 2458 1820 '

321 1878 411 1916 Ant.
436 1876 511 1914 Etr.
533 1875 693 1912 Urbium
715 1884 796 1924 pag.
829 1873 911 1919 418.
942 1885 977 1910 n.
1010 1873 1092 1919 267.
1144 1871 1253 1909 Haec
1278 1874 1348 1912 ille.
1388 1873 1453 1923 qui
1474 1872 1511 1909 in
1534 1871 1689 1910 Rhetor.
1708 1872 1812 1920 jubet
1827 1871 2025 1921 sententias
2045 1866 2215 1918 interponi
2235 1877 2317 1902 raro
2333 1893 2344 1911 ,
2371 1876 2415 1903 ut

325 1928 470 1966 Erucius
493 1928 601 1964 etiam
619 1954 628 1970 ‚
657 1937 733 1962 non
757 1923 938 1968 Eurinus,
965 1924 1122 1961 scribitur
1135 1921 1231 1972 apud
1245 1924 1349 1973 Spar-
1390 1923 1435 1960 rei
1457 1924 1609 1968 acrores,
1637 1936 1706 1961 non
1729 1922 1878 1960 vivendi
1893 1930 2123 1971 praeceptores
2144 1918 2333 1959 videamur
2345 1914 2420 1965 effe.

324 1981 411 2018 tian.
436 1980 574 2017 Severo
597 1987 673 2025 cap.
698 1975 726 2013 Ι.
749 1977 787 2014 &
810 1973 915 2013 XIII.
937 1987 1006 2013 nec
1029 1975 1131 2013 aliter
1151 1974 1250 2023 apud
1263 1975 1351 2013 Gel-
1393 1975 1550 2012 Cri-rau.

325 2031 429 2070 lium.
483 2027 581 2066 Vide
603 2028 710 2065 huius
731 2028 885 2076 interpp.
907 2026 952 2063 ad
976 2026 1057 2064 Lib.
1079 2023 1148 2063 VI.
1172 2037 1248 2075 cap.
1282 2026 1352 2064 VI.
1446 2035 1464 2072 7
1495 2023 1749 2075 constructio]
1792 2021 2028 2074 Compositio
2050 2050 2068 2069 ‚v
2091 2021 2184 2060 ordo
2206 2021 2419 2060 verborum.

332 2085 372 2121 ὅ(
404 2081 451 2119 ad
483 2080 565 2117 Lib.
598 2077 703 2115 XIII.
726 2089 802 2126 cap.
826 2077 951 2114 XVII.
1003 2076 1118 2114 Haud
1141 2077 1354 2116 cunctanter
1396 2076 1496 2114 Nam
1523 2075 1604 2114 sunt
1630 2077 1740 2116 verba
1765 2077 1882 2115 verbis
1908 2072 2009 2126 quasi
2035 2074 2336 2122 coagmentanda.
2386 2072 2421 2127 ¹ss

328 2134 455 2182 itaque
479 2129 598 2167 Erucio
621 2127 827 2166 emendavi.
857 2129 1013 2166 Coma.
1400 2140 1426 2165 n
1441 2139 1462 2164 ε
1478 2140 1517 2165 M.

389 2197 403 2221 1
438 2179 644 2229 Nostrum]
675 2179 854 2217 Amicum
878 2179 1105 2217 familiarem.
1158 2178 1216 2215 Ex·
1230 2180 1359 2228 quibus
1450 2178 1471 2216 8
1499 2177 1706 2230 Antiqua]
1748 2178 1880 2217 Latina
1903 2205 1914 2222 ‚
1951 2186 2031 2214 non
2052 2178 2240 2225 peregrina
2263 2205 2277 2223 ,
2302 2189 2423 2229 neque
2476 2206 2485 2231 ,

334 2234 523 2276 adducor,
550 2232 639 2269 alios
663 2228 766 2268 fuisse
786 2231 987 2279 Pompejos
1011 2230 1223 2267 Saturninos
1235 2230 1360 2270 iisdem
1402 2237 1527 2266 tamen
1551 2229 1713 2268 obsoleta
1735 2229 1922 2268 vetustate.
1974 2227 2019 2265 In
2041 2228 2158 2265 verbis
2180 2227 2353 2266 intuenda
2374 2227 2422 2267 est

337 2284 575 2335 temporibus.
603 2282 702 2320 Vide
727 2284 765 2319 δε
785 2281 875 2319 Plin.
897 2280 1090 2319 seniorem.
1119 2280 1276 2319 Cri-rm.
1406 2281 1592 2325 elocutio,
1618 2283 1655 2320 in
1678 2281 1782 2319 rebus
1806 2281 1998 2324 inventio,
2026 2280 2063 2317 in
2087 2278 2246 2329 utrisque
2269 2279 2421 2317 colloca-

391 2348 412 2374 2
443 2332 688 2384 Poffidetque.]
720 2332 827 2371 MSS.
850 2331 1016 2371 Riccard.
1039 2331 1206 2379 Bongars.
1230 2333 1365 2372 Helm·
1405 2333 1468 2370 tio.
1499 2333 1532 2369 C
1546 2344 1566 2367 A
1582 2345 1605 2370 τ
1621 2345 1642 2369 A
1657 2344 1694 2369 N.
1721 2332 1886 2382 Antiqua
1909 2342 1988 2369 non
2010 2339 2249 2380 opponuntur
2270 2328 2421 2380 peregri-

342 2387 428 2426 stad.
451 2389 488 2426 ὃς
511 2384 693 2436 quaedam
716 2383 809 2421 Edd.
833 2385 1003 2432 ignorant
1026 2383 1211 2431 Copulam
1227 2413 1237 2428 ,
1266 2385 1364 2423 &fic
1408 2385 1461 2421 nis
1475 2412 1484 2428 ‚
1513 2382 1616 2433 quod
1638 2384 1716 2420 vult
1740 2384 1943 2421 Catanaeus
1959 2411 1969 2427 ‚
1994 2381 2053 2420 sed
2074 2382 2182 2420 novis
2204 2382 2243 2420 &
2263 2386 2421 2418 recenter

346 2439 395 2476 est
417 2440 454 2476 in
478 2438 591 2474 veteri
614 2434 772 2473 formula
794 2436 876 2473 iuris
900 2464 911 2480 ,
947 2444 1059 2483 quam
1083 2434 1259 2472 servatam
1281 2436 1366 2474 vide
1409 2433 1534 2472 effictis
1569 2433 1806 2484 formatisque
1830 2463 1841 2480 ,
1889 2433 2007 2484 qualia
2021 2433 2168 2471 Graecis
2180 2430 2418 2472 πεποιημένα,

347 2489 416 2537 leg.
454 2489 508 2526 18.
542 2501 580 2522 π.
615 2487 660 2524 de
695 2486 908 2537 Acceptilat.
962 2486 1044 2523 Nec
1066 2486 1188 2534 inepte
1211 2486 1366 2524 verbum
1411 2486 1582 2523 Ciceroni
1597 2485 1710 2533 fibla,
1738 2497 1808 2524 nec
1828 2494 1970 2524 temere
1993 2483 2189 2532 usurpanda
2212 2509 2223 2525 ,
2249 2488 2289 2517 ur
2309 2480 2419 2525 magi-

344 2539 484 2589 poffidct
516 2538 574 2575 hic
605 2537 764 2576 adhiberi
789 2565 799 2581 ,
836 2536 945 2576 disces
978 2548 1022 2574 ex
1046 2535 1154 2585 Epist.
1180 2536 1245 2573 ΙΙΙ.
1274 2550 1308 2575 n.
1336 2551 1368 2577 2..
1410 2535 1466 2575 stri
1487 2535 1669 2574 testantur.
1699 2538 1915 2576 SCHEFFER.
1941 2536 2112 2574 Primaria
2133 2531 2325 2568 verborum
2350 2530 2420 2565 vir—

354 2590 545 2628 Mediceus
566 2588 651 2626 inde
673 2600 692 2625 a
713 2588 886 2625 vocibus:
915 2599 1008 2624 nunc
1030 2601 1112 2625 vero
1135 2599 1250 2625 totum
1275 2618 1285 2634 ,
1311 2602 1370 2627 us-
1412 2595 1468 2625 tus
1517 2587 1734 2639 Proprietas,
1762 2599 1874 2638 quam
1913 2585 1988 2625 fere
2022 2586 2059 2623 in
2094 2580 2246 2629 antiquis
2282 2577 2420 2623 verbis,

353 2653 428 2692 que
461 2640 506 2678 ad
540 2638 647 2689 Epist.
681 2638 762 2675 XX.
795 2650 831 2675 n.
864 2651 897 2685 7.
930 2639 1061 2676 verba:
1089 2639 1206 2676 multa
1229 2640 1370 2690 dixisse,
1414 2649 1509 2688 quac
1532 2641 1644 2677 veluti
1669 2650 1755 2677 cum
1778 2638 1858 2687 ipsis
1880 2637 1985 2676 rebus
2006 2643 2087 2673 nata
2110 2632 2210 2674 sunt,
2234 2629 2397 2666 obtinere
2412 2658 2422 2673 ‚

354 2705 423 2732 nos
436 2692 585 2735 deserit,
614 2689 703 2727 dum
716 2689 838 2727 media
861 2691 986 2727 omnia
1008 2689 1165 2728 librarius
1187 2691 1372 2739 negligen-
1410 2689 1708 2738 locupletissimus
1740 2688 1834 2728 testis
1856 2690 1904 2728 est
1954 2686 2079 2724 Fabius
2103 2681 2181 2719 Lib·
2203 2678 2309 2716 Vlll·
2345 2678 2425 2717 lust.

356 2751 410 2780 ter
432 2741 564 2780 omisit.
613 2741 683 2779 Sed
706 2741 765 2778 vel
788 2739 862 2779 fine
886 2742 961 2778 eius
982 2739 1198 2779 auctoritate
1221 2743 1377 2791 particu-
1419 2741 1485 2778 Or.
1518 2751 1594 2790 cap.
1631 2739 1697 2778 III.
1729 2753 1763 2790 p.
1795 2741 1878 2778 686.
1910 2747 2022 2787 quem
2045 2734 2153 2771 etiam
2175 2731 2269 2778 legas
2293 2730 2373 2767 Lib.
2399 2730 2426 2769 1.

359 2793 431 2830 lam
480 2808 517 2830 ue
540 2792 670 2830 delevi.
721 2792 818 2829 Mox
841 2803 1031 2842 perperam
1054 2791 1221 2830 Voffian.
1251 2794 1377 2832 audivi
1419 2803 1494 2841 cap.
1519 2792 1588 2828 VI.
1642 2792 1807 2841 Antiqua
1831 2792 1936 2837 igitur
1956 2782 2133 2822 hocloco
2168 2779 2296 2835 eadem
2340 2792 2426 2829 pro-

357 2855 450 2892 quas
477 2854 535 2878 am
558 2844 688 2890 causlas
708 2854 881 2889 agentem.
1417 2842 1649 2891 pemodum,
1676 2853 1770 2891 quae
1797 2839 1932 2888 propria
1966 2836 2004 2872 &
2038 2843 2123 2870 Vere
2157 2837 2310 2874 Lama}
2341 2843 2430 2879 ‘lua-

415 2908 433 2945 3
465 2892 643 2941 Acriter]
686 2894 782 2930 Cum
815 2895 1016 2933 acrimonia
1051 2896 1088 2933 &
1120 2895 1380 2941 vehementia,
1418 2895 1508 2932 lium
1532 2892 1729 2929 verborum
1751 2889 1905 2926 studium
1922 2915 1932 2931 ‚
1959 2892 1999 2922 ut
2021 2885 2124 2920 omni
2147 2891 2288 2926 aetate,
2318 2883 2363 2918 ita
2391 2883 2430 2919 δε

365 2957 459 2994 quac
506 2942 731 2990 potiffimum
779 2947 954 2983 convenit
997 2945 1222 2993 judicialibus
1259 2946 1381 2984 causis.
1422 2943 1524 2981 Plinii
1547 2952 1641 2979 aevo
1665 2937 1939 2987 elegantioribus
1972 2931 2205 2972 necess-nium
2241 2941 2338 2975 erat,
2367 2933 2431 2982 qui

366 2999 523 3035 Cum.
1424 3004 1494 3030 non
1524 3001 1629 3027 erant
1659 2989 1810 3026 tomenti
1842 2985 2034 3037 eloquentia
2057 2984 2184 3034 sacculi
2210 2981 2265 3030 sm
2289 3012 2299 3026 ,
2328 2982 2431 3033 quod

418 3061 442 3094 4
468 3040 690 3091 Ardentem]
733 3042 831 3078 Cum
865 3043 984 3080 calore
1009 3045 1047 3080 8<
1071 3047 1282 3086 incitatione
1303 3056 1383 3086 cor·
1421 3045 1455 3081 in
1477 3039 1646 3078 transsatis
1669 3042 1707 3077 δε
1730 3038 1817 3077 fietis
1841 3036 2024 3076 vocabulis
2046 3036 2201 3073 multum
2225 3035 2268 3072 ab
2288 3035 2434 3082 antiqua

368 3100 467 3152 poris
480 3126 492 3145 ,
516 3103 558 3133 ut
579 3093 669 3132 solet
691 3092 766 3132 fieri
789 3094 825 3132 in
848 3095 1099 3134 contentione.
1127 3096 1243 3136 Imm,
1424 3093 1644 3144 proprietate
1666 3089 1870 3129 desciverat.
1908 3089 1969 3130 Dc
1982 3086 2191 3138 sonantibus
2216 3085 2332 3132 verbis
2354 3081 2437 3119 vide

2335 3143 2447 3184 cum}
