2616 3686
323 221 416 272 194
578 188 2245 250 C.PL1.N11CAECIL11-2SECUND1

323 277 778 422 lpiitiiiogliquiiridiici)
807 346 984 400 causas
1021 344 1250 400 actitasse
1274 383 1291 409 ,
1338 342 1610 398 deeessiffe
1637 362 1786 399 anno>
1804 344 1957 401 sexto
1985 346 2445 423 &quinquagesi-

326 444 419 482 mo
444 463 461 488 ‚
511 423 753 477 medium
791 433 1002 490 tempus
1040 418 1056 435 ²
1095 418 1385 472 distentum
1413 417 1879 490 impeditumque,
1921 435 2025 489 qua
2055 417 2251 476 officiis
2276 426 2445 479 maxi-

871 284 1165 349 occupatus
1193 270 1509 327 absolverit:
1550 272 1716 342 magis
1743 273 2046 338 miraberis,
2080 271 2361 342 fi-scieris,
2384 278 2471 334 it·-
2542 336 2548 343 ,

247 502 274 550 8
332 501 463 559 miS‚
501 513 604 566 qua
628 505 643 532 ³
666 493 898 549 amicitia
928 492 1233 562 principum
1254 490 1325 554 „⁴
1351 489 1528 559 egisse.
1593 491 1701 545 bed
1730 504 1843 545 erat
1877 507 2012 547 aere.
2029 492 2331 559 ingenium,
2368 499 2450 552 in-

332 568 590 626 credibile
617 566 882 626 ssudium,
923 564 1135 618 summa.
1158 561 1466 633 vigilantia..
1523 578 1535 604 ⁵
1576 563 1896 619 Lucubrare
1942 558 1963 582 ⁶
1989 582 2016 616 a
2072 561 2452 624 Vulcanalibus

333 639 622 713 incipiebat
649 677 665 704 ,
726 651 840 693 non
874 633 890 660 ⁷
933 634 1239 705 auspicandi
1277 633 1428 688 causa
1451 671 1469 698 ‚
1518 633 1614 692 sed
1651 635 1899 692 studendi
1927 669 1945 697 2
2001 628 2018 655 ⁸
2043 633 2215 691 statim
2241 655 2268 690 a
2295 639 2453 695 noete

2258 711 2451 765 multa:
2475 754 2480 757 .

330 867 369 903 ni
393 890 404 908 ‚
440 863 501 901 sed
531 873 552 899 a
573 861 695 899 rivulis
717 859 823 908 saepe
846 857 1097 897 deficientibus
1132 866 1255 894 rerum
1289 866 1354 894 co-

356 914 539 953 nitionem
561 913 732 950 hauriret.
761 911 923 948 CATAN.
951 908 1158 956 Gryphius:
1183 913 1354 944 Natura-

343 965 418 1003 ium
448 962 699 1012 Historiarum.
730 961 785 1000 At
807 961 914 1000 MSS.
937 965 1111 1004 Natura,
1140 963 1356 1004 Naturam,

330 1016 479 1067 Optimi
500 1020 687 1053 Naturae..

381 1079 398 1106 1
429 1064 666 1116 occupatan]
697 1062 840 1103 Officiis
861 1061 1044 1100 distentus.
1098 1060 1198 1098 Nam
1220 1072 1355 1110 procu-

326 1119 509 1162 rationes,
536 1116 689 1154 au&ore
708 1113 929 1165 Tranquillo
951 1140 963 1157 ‚
1001 1111 1282 1161 spendidiffimas
1302 1122 1354 1152 at-

327 1179 403 1218 que
437 1167 629 1206 continuas
662 1167 805 1205 summa
836 1163 1042 1212 integritate
1068 1162 1356 1209 administravit,

329 1220 369 1257 &
391 1229 518 1258 tamen
538 1218 738 1256 liberalibus
759 1215 880 1255 studiis
899 1223 1041 1252 tantam
1065 1225 1217 1263 operam
1231 1215 1331 1253 dedit
1345 1243 1357 1260 ,

326 1278 370 1307 ut
411 1282 492 1308 non
525 1278 667 1308 temere
704 1269 784 1319 quis
831 1267 932 1316 plura
968 1266 1007 1304 in
1044 1267 1130 1305 ocio
1175 1265 1358 1315 scripserit.

327 1319 486 1360 CATAN.
1154 1347 1168 1358 .

373 1383 397 1408 2
426 1368 671 1419 Distentum.]
703 1370 967 1418 occupatum,
995 1367 1194 1414 distriaflum
1217 1394 1229 1412 ,
1257 1368 1355 1407 utin

323 1422 542 1471 quibusdam
574 1422 713 1469 legitur.
754 1419 901 1458 IDEM.
939 1417 1194 1466 Distentum.]
1226 1417 1357 1463 Distri-

323 1475 421 1511 etum
454 1473 565 1511 habet
593 1471 776 1510 Palatinus
799 1498 810 1515 ‚
848 1470 961 1509 editio
991 1481 1082 1508 vero
1105 1477 1209 1507 vetus
1229 1468 1358 1516 disten-

323 1534 415 1562 tum.
454 1525 607 1562 GRuT
624 1535 696 1562 En.
736 1521 940 1560 Helmstad.
965 1532 1125 1572 quoque
1159 1520 1287 1558 Oxon.
1318 1523 1356 1559 &

324 1574 488 1614 Arnzen.
511 1573 707 1622 distriftum
722 1601 732 1618 ,
760 1572 961 1623 quomodo
984 1572 1184 1620 liiepissinie
1211 1571 1356 1609 Noster.

326 1625 399 1663 Sed
431 1627 470 1664 &
501 1626 656 1664 alterurn
681 1624 764 1662 alibi
784 1623 917 1673 placuit
942 1652 951 1666 ‚
978 1631 1019 1660 ut
1044 1623 1122 1661 Lib.
1157 1622 1224 1658 Vl.
1247 1621 1374 1672 Epist.⁴

326 1674 475 1714 XVIII.
497 1689 533 1714 n.
558 1688 588 1713 1.
615 1678 851 1725 Qamquam
879 1673 1044 1724 plurimis
1079 1673 1357 1722 occupationibus

325 1725 508 1765 distentus.
537 1727 616 1764 Lib.
639 1726 726 1763 VII.
749 1723 858 1775 Epist.
881 1724 968 1762 Vll.
990 1735 1027 1761 n.
1050 1736 1082 1774 3.
1138 1729 1180 1760 Te
1215 1725 1358 1772 negotiis

327 1775 484 1816 distineri
508 1778 545 1816 ob
567 1783 628 1814 hoc
652 1775 876 1824 molestefero.
902 1776 1035 1823 Paneg.
1050 1786 1126 1824 cap.
1140 1774 1359 1814 LXXXVI.

327 1831 488 1878 Cumque
503 1827 553 1877 fis
572 1829 637 1878 ipse
661 1827 832 1866 distentus
851 1827 986 1876 imperii
1006 1826 1108 1882 curis.

379 1890 399 1928 3
434 1879 605 1917 Amicitia
632 1878 878 1928 principum]
909 1878 1121 1926 Vespasiani
1153 1877 1362 1926 praesertim

329 1929 370 1967 &
390 1929 494 1974 Titi,
523 1929 626 1979 quod
647 1928 719 1978 ipse
741 1929 825 1968 alibi
853 1927 1062 1967 confitetur.
1090 1929 1250 1967 cmm.
1278 1946 1282 1950 ⁴

379 1992 404 2026 4
431 1979 575 2030 Egisse.]
603 1979 836 2018 Noviffiinae
858 1979 1036 2018 editiones
1059 1978 1271 2027 adjecerunt
1293 1992 1364 2018 vo-

334 2041 417 2067 cem
439 2031 650 2080 pernoscitur
666 2041 784 2080 ,quae
802 2042 851 2068 ne
874 2029 1027 2080 quidem
1051 2030 1088 2067 in
1110 2029 1244 2067 Aldina
1257 2042 1366 2069 coin-

332 2089 446 2129 paret.
485 2081 682 2120 Gnuun.
715 2081 884 2118 Verbum
919 2080 1007 2118 illud
1031 2079 1230 2117 damnabat
1255 2091 1365 2119 ellim

334 2130 500 2170 Bartliius
514 2160 524 2177 ,
552 2143 623 2171 nec
643 2130 769 2169 visitur
790 2133 827 2169 in
850 2131 957 2168 MSS.
982 2130 1118 2168 nostris,
1147 2130 1364 2170 Mediceus:

335 2192 452 2230 quam
486 2183 649 2222 amicitia
674 2198 684 2226 ;
724 2180 825 2219 Voss
846 2182 1046 2219 amicitiam
1072 2196 1081 2224 ;
1114 2180 1227 2219 Arnz.
1252 2195 1365 2232 quain

337 2231 459 2278 officiis.
489 2234 604 2271 Simili
628 2234 720 2271 vitio
744 2232 838 2270 infra
860 2233 996 2281 vulgati
1024 2233 1100 2270 libri
1136 2235 1367 2271 contaniina-
1403 2258 1406 2301 4
1439 2225 1581 2314 stusdl0„
1598 2227 1763 2315 (ῙΠΟῘἸῘΞῙῘΕ
1780 2225 2018 2315 spcfsfistffl'et·
2039 2277 2044 2282 ,
2070 2225 2472 2314 Ῑῐὲἳῇξὲξὲῗῐξῖἓζωὲἑί
2501 2251 2505 2255 ’

1439 2288 1484 2313 ai:
1528 2290 1582 2316 icn
1609 2289 1675 2315 cau
1706 2289 1725 2315 a
1796 2291 1815 2314 e
1856 2289 1948 2315 mox
1987 2289 2046 2315 eri
2075 2289 2099 2313 n
2138 2287 2160 2313 ⁷i
2307 2290 2318 2315 i
2351 2289 2370 2315 e
2457 2303 2468 2312 .

1404 2343 1408 2385 ἰ
1442 2290 1651 2366 (xii-inmens
1674 2305 1798 2367 minus
1824 2329 1922 2366 reete
1945 2290 2037 2366 hiiec
2050 2287 2226 2377 gexponit.
2254 2327 2466 2365 Sensus.
2500 2351 2504 2354 ·

336 2284 365 2320 ti
388 2292 502 2321 erant.
526 2283 627 2322 Vide
652 2285 733 2322 Lib.
759 2283 825 2320 VI.
849 2284 958 2333 Epist.
980 2282 1163 2320 XXVIII.
1189 2296 1222 2321 n.
1253 2297 1281 2322 1.

390 2346 410 2382 ς
441 2334 652 2372 Lucubrare.
676 2334 691 2384 ]
733 2334 896 2372 Studere.
946 2335 1047 2372 Nam
1081 2333 1278 2372 lucubratio
1322 2336 1371 2373 est

338 2382 496 2424 studium
520 2385 746 2424 nocqurnum
772 2397 850 2422 non
872 2385 990 2424 solum
1015 2387 1107 2423 circa
1129 2386 1246 2423 iteras
1271 2415 1280 2429 ‚
1310 2387 1370 2425 sed

341 2437 450 2473 etiam
486 2437 569 2474 alias
602 2447 666 2474 res.
721 2435 820 2474 Vide
844 2435 930 2474 rab.
954 2436 1066 2484 Apul.
1092 2437 1279 2474 Columel.
1301 2439 1371 2475 &cn

340 2536 379 2574 in
401 2549 473 2586 qua
494 2538 682 2576 lucubrare
706 2537 841 2576 i'o‘ebat
866 2537 1061 2587 Augustus.
1090 2539 1249 2575 CATAN.

390 2590 414 2624 6
442 2593 480 2624 A
505 2587 796 2637 Vulcanalibus]
828 2588 935 2627 Festis
959 2589 1132 2626 Vulcano
1145 2588 1280 2626 dicatis.
1310 2591 1375 2628 Ri-

340 2637 458 2678 dicula
484 2639 630 2678 illorum
655 2641 903 2689 interpretatio
928 2669 940 2686 ‚
989 2641 1050 2689 qui
1073 2641 1255 2689 accipiunt
1278 2649 1375 2678 teni-

342 2702 434 2738 pora
457 2690 636 2729 nocturna
653 2719 663 2735 ‚
693 2692 820 2740 quibus
844 2692 991 2740 surgunt
1016 2690 1104 2729 fabri
1130 2691 1177 2729 ad
1199 2703 1292 2741 opus
1311 2703 1374 2729 an-

342 2740 565 2780 telucanum.
595 2742 657 2780 De
682 2742 803 2780 mense
827 2742 982 2790 Augusti
1008 2740 1110 2780 fuiffe
1133 2742 1375 2781 Vtile-analio-

345 2800 428 2827 1um
451 2792 549 2830 diem
577 2793 797 2830 auctoritate
819 2793 923 2831 Plinii
948 2796 986 2831 ὅ(
1013 2793 1245 2832 Columellae
1269 2805 1376 2832 com-

346 2840 530 2886 probatur.
562 2844 607 2879 lit
632 2842 784 2894 quidem
807 2845 975 2893 reperio,
1009 2843 1218 2882 vulcanalia
1239 2843 1374 2883 fieriad

346 2888 532 2945 decimum
571 2893 722 2932 Caleni.
759 2895 944 2943 Septemb.
968 2895 1026 2932 cui
1049 2895 1248 2934 sententiae
1271 2907 1376 2935 acce-

345 2938 397 2976 dit
431 2943 676 2987 tragmentum
714 2945 935 2984 vetustissimi
971 2945 1124 2983 Calend.
1147 2948 1296 2985 Romae
1320 2958 1377 2986 re-

346 2997 504 3038 pertum.
558 2992 614 3027 Sic
638 2994 735 3029 enim
762 2996 911 3033 incisum
940 2995 1007 3033 fuit
1029 2997 1067 3033 in
1080 2997 1206 3036 mense
1219 2997 1375 3047 August.
1440 2992 1576 3030 habent
1607 2988 1714 3035 aliqui
1737 2983 1871 3030 ΜΙῙΜθ
1893 3009 1922 3038 γ
2103 3031 2106 3035 ,

348 3051 388 3076 ε.
430 3052 463 3076 x·
514 3052 680 3077 νοιεΑΝ.
711 3054 770 3078 Nn.
811 3057 1004 3083 Vomano,
1035 3059 1077 3084 m
1108 3059 1235 3086 cmco
1258 3060 1375 3085 ηΑΜ,
1440 3052 1517 3079 non
1539 3037 1754 3086 improbare.
1810 3033 1925 3081 Atqui
1961 3042 2049 3080 upra
2073 3029 2213 3067 dixerat
2248 3056 2261 3073 ,

348 3091 451 3130 Nam
472 3089 513 3130 P.
536 3090 668 3129 Victor
693 3093 823 3131 aedem
846 3096 1006 3136 Vulcani
1032 3098 1070 3135 iii
1095 3099 1208 3137 Circo
1241 3097 1377 3136 Flami-

1426 854 1492 909 nio
1515 864 1616 892 nona
1637 856 1750 895 Urbis
1772 860 1925 912 regione
1946 858 2056 897 locat.
2082 856 2260 896 Postridie
2282 859 2459 899 Vulcana-·

1429 903 1478 941 lta
1500 905 1686 943 mundum
1708 916 1834 954 patere
1855 910 1964 948 tradit
1984 908 2121 947 Festus.
2138 934 2150 940 =-
2175 908 2259 946 Nec
2281 921 2343 948 me
2369 912 2461 962 fugit

1431 954 1573 1002 insuper
1611 958 1758 994 Vulcani
1790 956 1902 1004 lustra
1931 958 2010 998 fieri
2036 959 2145 998 solita
2186 960 2280 997 cirea
2304 973 2358 999 xx.
2382 963 2456 1001 Cal.

1429 1005 1554 1051 Junias
1568 1034 1580 1052 ,
1609 1007 1754 1046 Ovidio
1775 1008 1817 1045 in
1835 1006 1944 1046 Fastis
1963 1008 2150 1047 referente
2174 1021 2184 1046 t
2212 1020 2327 1059 quem
2351 1011 2379 1049 fi
2401 1020 2461 1050 to-

1392 1084 1396 1100 ,
1430 1064 1513 1093 tum
1537 1057 1758 1096 haberemus
1782 1086 1793 1102 ,
1822 1091 1823 1094 ,
1845 1069 1926 1096 non
1946 1057 2119 1108 profecto
2142 1059 2467 1108 elaboravissemus

1391 1102 1395 1154 ζ
1430 1107 1468 1144 in
1492 1108 1801 1147 Vulcanaliorum
1825 1107 1884 1147 die
1905 1107 2142 1160 inquirendo.
2179 1109 2314 1150 Solitos
2336 1122 2461 1153 autem

1394 1167 1408 1202 '.
1426 1155 1535 1196 fuiffe
1558 1169 1703 1198 veteres
1725 1161 1761 1197 in
1785 1158 1859 1197 fine
1883 1159 2077 1204 autumni,
2104 1159 2206 1208 quod
2231 1163 2344 1200 etiam
2366 1175 2465 1205 nunc

1432 1209 1471 1247 in
1493 1210 1642 1257 publicis
1664 1209 1867 1260 gymnasiis
1891 1210 2105 1249 observatur
2131 1236 2142 1254 ,
2165 1209 2463 1254 lucubrationem

1433 1260 1696 1301 antelucanam
1716 1263 1877 1310 incipere
1891 1290 1902 1308 ‚
1930 1260 2079 1300 testatur
2101 1260 2235 1308 Juven.
2265 1290 2268 1292 -

1775 1374 1816 1401 at
1846 1375 1940 1400 nunc
1962 1374 1974 1395 s

1484 1409 1563 1461 Post
1575 1414 1695 1463 finem»
1708 1415 1878 1452 autumni
1900 1412 2018 1452 media
2041 1413 2082 1451 de
2102 1413 2200 1451 nofle
2217 1411 2382 1462 supinum
2411 1428 2414 1430 ’

1484 1464 1671 1514 clamosus
1685 1479 1855 1513 juvenem
1871 1474 1977 1517 pater
1999 1465 2161 1511 excitat,
2188 1465 2298 1514 accipe
2321 1464 2445 1512 ceras,⁴
2472 1492 2477 1498 -

1485 1516 1594 1554 Scribe
1613 1526 1711 1565 puer.
1738 1528 1812 1558 <56-
1839 1547 1845 1552 .

1436 1615 1468 1653 C
1481 1628 1503 1653 Α
1519 1629 1541 1654 τ
1558 1630 1580 1654 A
1595 1630 1635 1655 u.

1486 1677 1503 1714 7
1537 1666 1805 1719 Auspicandij]

1436 2029 1477 2059 to
1501 2025 1686 2071 agendum
1713 2054 1724 2068 ‚

1437 2081 1517 2111 tur:
1549 2076 1587 2112 ὃς
1613 2075 1691 2124 post
1716 2072 1911 2112 meridiem
1927 2072 1999 2112 sole
2012 2083 2163 2120 magno.
2194 2074 2352 2111 Canu.
2382 2074 2471 2112 Non

1402 2129 1405 2167 ἶ
1438 2125 1635 2163 inchoandi
1661 2124 1779 2163 cauffa
1795 2153 1805 2168 ‚
1838 2124 1999 2162 solebant
2023 2125 2123 2161 enirn
2146 2132 2228 2160 tuin
2246 2123 2469 2164 lucubratio·
2491 2143 2504 2147 ..

1437 2188 1500 2213 nes
1527 2178 1689 2225 primum
1714 2177 1890 2215 inchoare
1913 2204 1923 2217 ,
1954 2175 2014 2214 sed
2035 2182 2076 2211 ut
2100 2175 2136 2212 in
2160 2175 2235 2212 hoc
2254 2174 2469 2214 lucubrandi

1442 2380 1580 2418 Clarius
1605 2381 1759 2429 exponit
1783 2381 1957 2418 Muretus
1978 2380 2062 2418 Lib.
2083 2377 2230 2416 XVIII.
2252 2377 2339 2415 var.
2361 2373 2464 2413 Le&

341 2487 398 2524 Sic
422 2487 660 2536 Tranquillus
684 2486 1177 2525 lucubratoriamlerzuutam
1190 2488 1371 2536 appellat,
1443 2442 1520 2479 mi·
1552 2431 1656 2468 ΜΠ

1491 2483 1512 2518 8
1543 2482 1717 2531 Statim]
1756 2484 1794 2520 A
1815 2481 2078 2520 Vulcanalibus
2102 2509 2114 2527 ‚
2139 2478 2187 2516 sic
2208 2471 2459 2530 ordinandum.

1443 2534 1615 2581 Sequenti
1640 2533 1697 2573 die
1711 2534 1790 2582 post
1802 2534 2030 2572 Vulcanalia.
2058 2531 2119 2568 Est
2130 2524 2458 2584 alialeiftiosqtffle

1440 2584 1526 2631 legit
1547 2584 1674 2631 aestate
1695 2613 1706 2630 ‚
1733 2593 1912 2635 tanquam
1937 2583 1963 2621 fi
1982 2592 2117 2621 annum
2139 2589 2175 2615 in
2198 2574 2271 2627 dUQ
2284 2571 2461 2610 divideret

1441 2644 1585 2672 tantum
1602 2665 1613 2681 ,
1641 2638 1678 2674 in
1702 2636 1872 2674 aestatem
1898 2637 1937 2674 &
1958 2635 2140 2683 hiemem:
2161 2634 2202 2660 ac
2221 2632 2379 2670 priorem
2396 2634 2461 2659 au-

1442 2687 1563 2724 tumni
1596 2695 1738 2736 partem
1774 2689 1814 2726 &
1847 2687 1939 2724 veris
1973 2681 2203 2732 Ροίῖῑῖηθῑξω
2239 2682 2306 2720 Pro
2328 2672 2459 2729 aestate

1443 2738 1667 2786 intelligeret.
1720 2739 1821 2778 Nam
1845 2736 1877 2774 se
1905 2735 2022 2775 uitur,
2043 2727 2150 2764 hmm
2171 2735 2235 2758 'W'
2236 2736 2267 2759 ⁰·
2318 2722 2367 2759 Et
2390 2728 2461 2772 ¹P¹e

1443 2790 1632 2827 Secundus
1668 2790 1782 2828 Libro
1818 2787 1874 2823 VI
1900 2785 1926 2821 I.
1962 2781 2024 2817 ubi
2323 2825 2328 2830 .

1442 2840 1558 2878 scribit
1582 2869 1593 2885 ,
1631 2851 1769 2877 annum
1800 2844 1923 2874 tamen
1955 2832 1991 2867 in
2025 2829 2195 2864 aetatem
2230 2825 2267 2861 8<
2294 2823 2460 2863 hiemem

1442 2892 1602 2939 partitur.
1633 2890 1786 2926 Canu.
1824 2881 2033 2921 Lucubrare
2059 2875 2252 2931 incipiebat
2276 2883 2353 2912 tem
2383 2875 2464 2933 effi.

1443 2954 1490 2980 ve
1513 2969 1524 2986 ,
1562 2951 1646 2978 cum
1680 2938 1797 2974 adhuc
1829 2933 1943 2970 multa
1977 2940 2052 2966 nox
2087 2926 2183 2984 eslet.
2235 2926 2308 2963 Pro
2334 2928 2358 2972 J
2369 2937 2463 2965 anm

1969 2980 2046 3018 uod
2078 2979 2222 3016 videtur
2257 2979 2463 3016 Catanaeus

2086 2772 2257 2811 uomodo
2296 2772 2435 2812 studeat
2448 2802 2461 2820 ,

2296 3029 2463 3066 lucubra-

1440 3093 1559 3130 tiones
1579 3083 1747 3134 incepisse
1771 3094 1791 3121 a
1814 3083 2072 3123 Vulcanalibus
2097 3109 2108 3127 ‚
2136 3091 2230 3131 quae
2257 3080 2462 3120 Catanaeus

2391 3129 2465 3180 ipse

1847 1667 1941 1706 Non
1974 1668 2119 1718 auspicii
2144 1667 2324 1718 capiendi.
2357 1667 2470 1710 >Mos
2499 1692 2502 1696 ·

1434 1725 1512 1755 erat
1545 1729 1631 1757 ante
1666 1719 1868 1757 diluculum
1891 1719 2092 1757 luminibus
2115 1720 2154 1757 &
2174 1718 2318 1768 lychnis
2339 1724 2471 1769 apertis
2497 1741 2501 1746 ·

1435 1768 1589 1818 auspicia
1612 1781 1742 1819 capere
1756 1797 1766 1813 ,
1794 1770 1868 1808 vid.
1891 1771 2072 1809 Plutarch.
2091 1771 2130 1808 in
2153 1769 2410 1818 Quaestionib.
2431 1773 2502 1810 δι,

1435 1819 1606 1858 Valerius
1631 1821 1735 1857 Max.
1764 1820 1812 1859 Et
1836 1822 2033 1860 Metellum
2054 1821 2165 1858 Pont.
2188 1820 2294 1858 Max.
2316 1820 2471 1861 vetuisse
2491 1835 2505 1854 .-

1435 1871 1516 1918 post
1540 1871 1748 1920 Augustum
1773 1874 1992 1921 inaugurare
2006 1899 2017 1916 ,
2045 1871 2186 1909 Gellius
2208 1871 2393 1909 Varronis
2405 1883 2502 1910 ειη-κ

1436 1919 1606 1961 ctoritate
1631 1925 1736 1960 nixus
1759 1922 1879 1960 tradit.
1915 1924 2017 1961 Nam
2041 1921 2291 1970 magistratus,
2319 1922 2471 1970 quando
2501 1939 2504 1945 ¹

1438 1983 1512 2009 una
1537 1972 1594 2010 die
1618 1976 1667 2011 eis
1689 1973 1950 2022 auspicandum
1976 1980 2054 2010 erat
2076 2000 2087 2016 ‚
2129 1974 2167 2010 ὃ(
2189 1972 2293 2020 super
2316 1971 2472 2021 auspica-
2501 1992 2506 1995 ·

1772 2023 1851 2072 post
1875 2023 2039 2061 inediam
2060 2022 2217 2060 noctem
2241 2022 2471 2071 auspicaban-
2502 2042 2505 2045 Δ
