2616 3686
237 375 298 411 10

335 210 433 278 428
582 190 1680 259 C.PL1N'11CAECIL11
1749 202 2261 254 SECUNDI

339 285 429 343 sed
480 286 658 339 multis
712 290 859 353 (crat
913 287 1057 339 enim
1098 284 1348 352 frequens
1399 283 1691 337 amoenitas
1743 283 1914 350 orae)
1963 283 2160 335 laturus
2209 281 2483 343 auxilium}

343 360 354 381 ¹
396 359 659 427 Properat
695 359 817 411 illue
847 398 860 419 ‚
914 359 1058 412 unde
1088 359 1169 412 alii
1198 357 1411 425 fugiunt
1440 396 1456 421 ‚
1496 356 1810 427 reeiumque
1834 356 2045 410 cursum
2073 392 2088 416 ,
2125 354 2267 436 reela
2288 355 2482 423 guber-

339 432 523 486 nacula
562 430 617 484 in
654 433 952 502 pei-iculum
995 441 1140 485 tenet
1173 447 1184 483 ε
1253 430 1391 482 adeo
1431 431 1628 484 solutus
1664 441 1808 483 metu
1840 468 1856 492 ‚
1897 444 1953 481 ut
1981 444 2168 481 omnes
2195 427 2333 481 illius
2362 429 2483 484 mali

342 518 521 559 motus
548 541 563 566 ,
612 521 798 558 omnes
836 505 1026 573 figuras
1053 543 1068 565 ‚
1120 516 1178 555 ut
1218 500 1647 571 deprehenderat
1678 503 1843 556 oculis
1869 541 1883 565 ‚
1922 500 1938 518 ²
1962 499 2184 553 dielaret
2212 513 2483 555 enotaret-

342 594 465 647 que.
539 575 656 645 Jam
690 576 908 629 navibus
933 577 1063 628 cinis
1090 572 1388 636 inciderat,
1426 585 1440 611 ³
1466 591 1577 643 quo
1602 576 1820 645 propius
1870 571 2219 633 accederent,
2259 573 2483 629 calidior

342 651 397 702 &
440 649 694 708 densior,
738 650 843 714 jam
881 652 898 674 ⁴
934 649 1170 716 pumices
1207 645 1369 699 etiam
1399 683 1414 708 ,
1449 648 1699 716 nigrique
1731 648 1782 698 ὃς
1811 646 2060 708 ambusti,
2103 644 2154 697 &
2185 645 2333 702 fracli
2360 646 2484 714 igne

1734 715 1751 738 ⁶
1790 722 1987 776 montis
2023 719 2187 786 litora,
2211 716 2488 775 obstantia.

791 718 801 743 ⁵
845 718 1042 774 vadum
1091 715 1322 774 subitum
1353 756 1369 786 ‚
1434 721 1694 790 ruinaque
2289 791 2302 810 ι
2333 792 2380 846 C

2388 804 2487 846 Un-

341 721 558 793 lapides.
627 719 748 790 Jam

394 948 411 975 1
445 939 610 977 Proterat
635 933 717 972 illuc
741 959 750 977 ,
775 934 868 971 unde
891 931 1127 981 aliisuginnt.
1156 931 1172 983 ]
1202 935 1270 972 Ed.
1295 933 1380 972 Vet.
1448 930 1598 981 summa
1623 943 1693 968 non
1717 929 1796 968 alta
1816 929 1860 977 est
1883 932 2150 989 terra.·Graeci
2170 927 2386 982 huJusmodi
2404 927 2492 967 locat

339 986 511 1037 'Properat
545 986 630 1023 illuc
653 1013 662 1029 ‚
691 983 754 1021 alii
780 985 896 1022 territi
916 984 996 1022 inde
1008 985 1163 1034 fugiunt
1186 999 1195 1027 ;
1227 986 1384 1023 Helmst.
1454 985 1606 1033 βξοὲχεοι
1635 990 1798 1028 vocant,
1827 993 1921 1031 quos
1942 990 2103 1021 imitatus
2127 982 2236 1022 Maro
2252 997 2269 1021 ε.

343 1037 408 1075 alii
441 1038 534 1074 unde
558 1036 742 1085 fitgistnt;
795 1036 909 1074 Arnz.
949 1043 1113 1083 Properat
1145 1035 1229 1073 illuc
1254 1066 1263 1081 ‚
1292 1039 1385 1076 unde

335 1089 513 1137 ficgiunt5
545 1089 675 1125 Oxou.
698 1093 890 1135 Properat,
917 1086 982 1123 alii
1004 1087 1083 1124 inde
1113 1087 1278 1135 fugiunt.
1327 1089 1384 1126 O-

342 1140 481 1188 ptimus
497 1139 661 1186 vulgatae
672 1139 918 1185 patrocinatur
933 1167 942 1182 ‚
954 1149 1048 1187 quae
1062 1139 1160 1176 reste
1171 1138 1292 1177 habet.
1307 1141 1383 1179 V'e-

347 1188 529 1227 nustatem
565 1190 662 1227 illam
688 1218 699 1234 ,
739 1199 850 1238 quam
885 1189 1008 1226 multis
1029 1190 1149 1228 verbis
1169 1189 1304 1228 Plinius
1324 1191 1384 1229 hic

346 1241 552 1290 exprimere
585 1241 765 1279 laboravit
788 1267 799 1285 ,
827 1242 951 1289 paucis
977 1239 1076 1279 dedit
1101 1242 1276 1281 Lucanus
1299 1243 1383 1282 Lib.

346 1290 377 1329 Ι.
411 1303 460 1329 vs.
492 1304 574 1342 503.

1508 1098 1606 1108 ·--
1639 1091 1742 1130 Tres,
1772 1087 1914 1135 inquit,
1944 1089 2062 1123 Eurus
2084 1084 2130 1121 ab
2152 1084 2232 1123 alto,

1510 1140 1553 1176 In
1577 1137 1700 1176 brevia
1724 1148 1768 1177 ω’
1790 1143 1906 1186 Syrtes
1928 1147 2040 1185 urget.

1429 1234 1434 1238 ⁴
1455 1240 1555 1278 Mox
1579 1242 1679 1279 enim
1699 1240 1791 1279 haec
1815 1239 1888 1290 ipsa
1910 1239 2011 1276 vada
2030 1238 2197 1289 appellat.
2225 1239 2375 1290 subjicit
2388 1248 2491 1286 enim

1457 1291 1639 1341 illiditque
1667 1293 1783 1330 vadis.
1839 1291 1935 1330 Alibi
1967 1291 2076 1339 plene
2107 1291 2209 1327 vada
2241 1292 2367 1332 brevia
2387 1296 2487 1337 dixin

1457 1344 1556 1392 Quia
1588 1344 1694 1391 igitur
1716 1344 1863 1381 brevior
1886 1343 1932 1381 ibi
1954 1341 2052 1379 unda
2075 1343 2132 1390 agi
2154 1353 2268 1381 naves
2292 1356 2370 1384 non
2395 1346 2490 1387 fine-

1455 1395 1515 1432 bat
1536 1423 1546 1439 ‚
1584 1393 1744 1433 desidere
1781 1406 1839 1433 eas
1870 1391 2012 1431 necesse
2039 1403 2125 1431 erat.
2156 1393 2318 1432 subitum
2344 1399 2487 1437 vadum

1454 1446 1558 1491 dicit,
1587 1444 1688 1495 quod
1723 1457 1785 1495 per
1817 1443 2069 1494 tempestatem
2107 1444 2225 1482 subito
2248 1446 2485 1497 nascebatur,

1453 1496 1625 1534 subducta
1646 1508 1711 1545 per
1732 1496 1871 1535 aestum
1893 1498 1931 1534 ὃς
1953 1505 2231 1534 terraemotum
2245 1497 2354 1537 unda.
2381 1499 2482 1540 Infra

1452 1547 1567 1597 Epist,
1584 1547 1666 1584 XX.
1687 1547 1733 1586 de
1754 1548 1828 1585 hoc
1850 1546 1928 1597 ipso
1950 1547 2053 1584 casu:
2083 1561 2182 1585 mare
2199 1548 2237 1583 in
2251 1549 2290 1597 se
2322 1551 2488 1601 rffhrbm·

1451 1611 1495 1640 <7
1517 1613 1663 1637 tremore
1684 1609 1799 1637 terrae
1823 1596 1922 1648 quasi
1953 1597 2069 1648 repelli
2100 1599 2324 1638 videbamus.
2380 1602 2486 1642 Haec

397 1414 471 1425 —
524 1413 586 1424 --
636 1413 708 1424 -—
752 1392 829 1444 fic,
856 1391 939 1431 urbe
960 1392 1107 1441 relic‘la,

398 1443 443 1482 In
464 1444 600 1482 bellum
622 1444 768 1492 fugitur.

350 1546 414 1585 ubi
438 1547 619 1596 quaedam
643 1556 827 1587 notamus.

401 1611 420 1636 2
455 1598 654 1650 Dicffaret.]
684 1600 859 1645 Diceret,
888 1612 986 1651 quae
1005 1603 1168 1640 notarius
1183 1603 1381 1652 exciperet.

350 1649 452 1686 Nam
485 1651 532 1689 illi
565 1652 706 1699 semper
736 1651 783 1689 acl
813 1652 906 1690 latus
941 1660 1039 1697 erat,
1069 1654 1107 1691 ὃς
1131 1665 1226 1703 qua-e
1248 1667 1268 1692 a
1291 1655 1381 1693 Plin.

1453 1650 1708 1700 prima'causa.
1746 1651 1830 1697 Jam
1855 1656 1980 1698 ruptus
2001 1650 2175 1688 incendio
2200 1651 2238 1688 ὃς
2263 1660 2379 1691 terrae
2401 1665 2487 1692 rno-

349 1699 533 1738 scribenda
553 1699 758 1739 dicerentur
781 1703 961 1740 enotabat.
993 1704 1148 1742 CATAN.
1178 1706 1289 1754 Supra
1303 1707 1384 1745 Ve-
1451 1710 1493 1740 tu
1525 1703 1709 1741 Vesuvius
1745 1714 1854 1740 mons
1887 1700 2002 1738 inulta
2025 1708 2136 1749 atque
2159 1703 2320 1750 ingentia
2343 1704 2423 1741 saxa
2446 1707 2485 1745 in

351 1753 544 1789 teri-imus:
574 1763 615 1788 ut
639 1751 879 1801 deprenderat
901 1753 1014 1790 oculis.

403 1813 422 1850 3
452 1804 531 1850 Quo
547 1804 681 1852 propius
703 1803 932 1853 accederet.j
962 1804 1086 1852 Quis?
1107 1806 1205 1843 Puto
1227 1807 1381 1846 scriben-

350 1850 441 1890 dum
466 1855 667 1891 accederent
691 1882 700 1898 ‚
739 1863 780 1892 ut
803 1855 978 1893 referatur
1001 1855 1046 1893 ad
1071 1858 1290 1906 praecedens
1315 1872 1382 1894 na«

348 1902 465 1941 vibus.
506 1905 725 1942 SCHEFFER.
764 1907 981 1944 Accederent
1010 1909 1151 1954 pridem
1183 1908 1382 1951 ediditAl-

348 1953 414 1991 dus
437 1983 447 1998 ‚
479 1957 536 1993 cui
571 1955 665 1993 forte
689 1984 699 2000 ,
728 1956 753 1994 fi
783 1956 1103 2005 transpositionem
1134 1959 1258 1997 demas
1282 1990 1293 2007 ‚
1321 1961 1383 1999 ad-

346 2004 496 2043 sentitur
522 2006 740 2054 Mediceus,
768 2009 805 2046 in
835 2020 911 2057 quo
931 2011 1129 2047 accenderet
1140 2011 1277 2059 legitur.
1308 2014 1381 2050 Re-

1448 1753 1546 1792 littus
1571 1755 1609 1792 &
1631 1765 1732 1791 niare
1753 1753 2003 1803 provolverat.
2055 1753 2145 1790 Hoc
2167 1755 2315 1790 ruinam
2349 1757 2483 1796 montis

1449 1814 1568 1844 vocat.
1596 1806 1705 1853 Quae
1725 1817 1811 1842 cum
1834 1817 1914 1843 non
1936 1803 2095 1842 sinerent
2116 1805 2298 1853 appellere
2319 1815 2453 1844 navem
2470 1837 2482 1854 ,

1448 1856 1535 1894 sane
1559 1856 1745 1895 obstabant
1768 1857 1887 1894 littora
1903 1884 1914 1901 ,
1940 1855 1978 1894 id
1999 1857 2159 1904 agitanti.
2214 1856 2303 1893 Hoc
2326 1856 2483 1898 alterum

1452 1907 1523 1952 est,
1555 1907 1658 1959 quod
1679 1908 1882 1948 institutum
1899 1908 2004 1945 Plinii
2028 1906 2266 1945 frustrabatur.
2289 1906 2392 1955 c'iuod
2417 1910 2483 1949 illis

1451 1960 1592 2004 verbis,
1619 1959 1793 2008 ruinaque
1813 1959 1945 1996 montis
1968 1957 2142 2006 obstantia
2168 1959 2288 1996 littora
2312 1961 2480 2008 expreffit

1452 2010 1596 2049 Noster.
1625 2011 1846 2048 Bucinum.-
1863 2009 2043 2048 Posterius
2065 2022 2144 2048 non
2163 2010 2240 2049 satis
2255 2011 2347 2048 clare
2363 2022 2479 2060 expo-

346 2054 438 2104 liqui
459 2058 632 2098 accederet
663 2085 675 2103 ‚
702 2070 840 2108 nempe
862 2060 996 2099 Plinius
1018 2075 1031 2104 ;
1063 2061 1251 2110 Gryphius
1272 2065 1384 2114 acces-
1446 2061 1513 2100 suit
1535 2064 1590 2101 vir
1612 2060 1848 2100 doc‘liffimus.
1870 2061 1949 2110 Ipsa
1970 2062 2073 2099 ruina
2095 2064 2232 2101 montis
2256 2063 2358 2101 litora
2380 2061 2477 2110 quasi

337 2107 454 2155 seras.

398 2171 421 2206 4
449 2159 644 2209 immine]
670 2160 838 2199 Auctore
859 2161 950 2200 Plin.
973 2164 1198 2213 appellantur
1221 2166 1260 2203 &
1282 2173 1380 2205 cete·

345 2218 384 2246 ra
416 2210 496 2247 saxa
537 2211 635 2248 erosa
671 2213 773 2250 annis
806 2240 817 2257 ,
869 2214 999 2262 quibus
1033 2222 1219 2260 utuntur,
1259 2218 1298 2254 &
1331 2219 1377 2256 ad

344 2259 560 2309 herig-„inda
597 2273 761 2311 corpora.
836 2264 968 2304 Graeci
1006 2268 1194 2314 pumicem
1233 2266 1375 2316 ciſjerim

344 2321 505 2356 vocant,
533 2311 557 2349 fi
581 2313 711 2352 Suida3
735 2313 916 2352 credimus
938 2343 949 2360 ,
975 2316 1099 2354 levem
1122 2319 1160 2355 &
1181 2318 1376 2359 exsuccum

343 2362 649 2413 perforatumque
682 2365 843 2413 lapidem
876 2368 991 2414 ponti.
1032 2367 1222 2406 Vitruvius
1254 2382 1299 2407 ex
1323 2371 1377 2408 in-

345 2414 479 2452 cendio
501 2415 651 2454 Vesuvii
671 2417 849 2464 pumicem
866 2417 1139 2467 Pompejanum
1156 2421 1378 2460 excoeiola-

1414 2146 1416 2149 .
1449 2124 1548 2151 nova
1573 2116 1610 2152 in
1631 2125 1734 2151 mare
1756 2113 1924 2151 intulerat
1947 2141 1957 2156 ‚
1985 2125 2081 2161 quae
2102 2113 2301 2154 obstabant.
2351 2112 2476 2152 Similis

1449 2162 1497 2201 est
1519 2165 1695 2214 elegantia
1720 2164 1863 2202 Lucani
1885 2164 1967 2202 Lib.
1990 2163 2055 2203 IX.
2077 2177 2132 2203 vs.
2155 2178 2238 2217 322.

1494 2286 1566 2298 —
1622 2285 1684 2295 -—·
1736 2267 1898 2317 longeque
1920 2280 1942 2304 a
1964 2268 2123 2315 Syrtibus
2143 2272 2267 2310 undas·

1498 2319 1582 2368 Egit
1595 2348 1613 2365 ,.
1636 2330 1682 2358 Θ*
1701 2318 1800 2358 illato
1823 2319 1989 2369 confregit
2013 2319 2119 2360 litore
2136 2331 2297 2372 pontum.

1498 2422 1521 2457 6
1550 2422 1698 2460 Montis.
1727 2421 1742 2472 ]
1782 2422 1945 2461 Vesuvii.
1993 2426 2121 2473 Quem
2155 2425 2240 2463 scire
2270 2422 2468 2465 debemus,'

343 2463 434 2512 pidis
445 2476 581 2513 genere
593 2469 628 2504 in
645 2467 790 2517 pumicis
814 2468 1024 2517 qualitatem
1050 2470 1238 2509 redactum
1257 2472 1377 2512 tradit.
1409 2502 1411 2507 ·
1443 2481 1522 2509 11011
1543 2481 1686 2511 tantum
1709 2473 1942 2523 conflagrasse
1964 2476 2026 2513 sub
2047 2476 2139 2513 Tito
2153 2504 2164 2519 ‚
2185 2474 2385 2511 austoribus
2406 2473 2463 2508 Ο·

341 2515 513 2565 Pompeii
538 2527 664 2556 autem
688 2519 868 2566 oppidum
894 2531 972 2557 non
996 2523 1125 2570 procul
1146 2534 1165 2558 a
1193 2522 1373 2564 Vesuvio.

1442 2521 1541 2560 rofio
1554 2554 1563 2568 ‚
1592 2526 1759 2564 Martiale
1772 2555 1783 2570 ‚
1813 2526 1970 2564 Eusebio
1983 2528 2019 2564 in
2036 2525 2210 2564 chronicis
2223 2550 2233 2565 ,
2261 2520 2461 2568 Tranquill.

341 2565 432 2604 Plin.
459 2567 537 2606 Lib.
561 2568 667 2606 XIII.
690 2570 796 2607 tradit
819 2570 911 2608 nasci
938 2572 1081 2610 frutices
1103 2573 1206 2610 lauro
1229 2575 1268 2611 ὃ(
1291 2575 1377 2623 thy·
1408 2594 1410 2627 i
1443 2574 1481 2611 in
1505 2575 1599 2613 Tito
1614 2605 1623 2621 ‚
1652 2578 1805 2627 Papinio
1828 2579 1866 2616 in
1887 2577 1995 2626 sylvis
2012 2605 2022 2620 ‚
2050 2587 2092 2612 ac
2114 2575 2235 2611 Dione
2255 2571 2291 2606 in
2314 2571 2458 2618 pn'mis:

342 2628 410 2654 mo
434 2616 588 2662 similes,
619 2624 680 2670 qui
704 2621 816 2657 ambo
839 2621 946 2670 ejecti
973 2624 1010 2661 in
1028 2625 1203 2674 pumicem
1234 2625 1375 2666 transfi-

342 2677 526 2714 gurantur.
558 2672 714 2710 Cius.

397 2733 414 2767 ς
448 2721 627 2770 medum]
660 2723 772 2760 Maris
794 2723 890 2761 unda
912 2725 1041 2765 brevis.
1062 2727 1120 2764 Ex
1142 2728 1243 2765 ruina
1266 2740 1377 2767 mon-

342 2769 385 2804 tis
409 2771 513 2824 *littus
542 2784 640 2816 certe
676 2773 893 2823 processerat
921 2804 932 2820 ,
961 2779 999 2816 &
1023 2789 1124 2815 mare
1146 2780 1180 2817 in
1207 2779 1239 2816 se
1262 2781 1377 2819 resor-

342 2815 441 2860 ΜΗ,
470 2823 507 2858 &
541 2832 703 2863 tremore
735 2835 849 2863 terrae
879 2828 977 2876 quasi
1011 2830 1133 2877 repelli
1159 2830 1376 2878 videbatur,

343 2868 532 2915 multaque
567 2876 671 2911 maris
705 2878 872 2915 animalia
906 2876 1002 2918 siccis
1025 2881 1138 2918 arenis
1162 2880 1376 2920 detineban—

341 2921 410 2952 tur.
450 2918 593 2956 IDEM.
636 2926 782 2961 vadum.
810 2925 823 2972 l
868 2929 965 2967 Dtlzls
1000 2932 1118 2969 caussis
1154 2932 1282 2976 affert,
1313 2945 1376 2972 Cur

341 2973 469 3023 tenere
494 2969 587 3006 lzttus
613 2981 687 3007 non
715 2979 873 3019 potuerit
898 3006 906 3018 ‚
948 2982 985 3016 &
1010 2980 1056 3017 sic
1081 2982 1287 3020 succurrere
1312 2996 1376 3032 pe-

343 3017 585 3055 riclitantibus.
615 3021 733 3058 Prima
760 3024 806 3060 cll
831 3028 969 3062 vadum
991 3031 1146 3073 subitum
1163 3050 1172 3068 :
1195 3033 1304 3070 altera
1316 3035 1375 3071 ob-

335 3066 476 3112 stantia
502 3070 606 3105 litora
631 3073 758 3108 montis
779 3075 897 3110 ruina.
930 3080 1068 3113 Vadam
1084 3107 1093 3121 ‚
1121 3083 1216 3119 unda
1231 3084 1371 3122 brevis:

1443 2624 1504 2663 sed
1536 2627 1676 2680 saepius
1711 2637 1796 2667 ante
1818 2657 1829 2674 ,
1869 2621 2367 2679 secundnm*Strabonemwac
2392 2620 2461 2677 Vi-

1440 2679 1617 2716 ti‘uviuin.
1657 2679 1801 2718 Verum
1840 2679 1922 2725 quia
1946 2673 2150 2726 incendium
2177 2670 2323 2724 Vesuvii
2346 2682 2462 2726 niaxi-

1441 2738 1547 2766 mum
1573 2734 1745 2769 omnium
1767 2730 1828 2768 sub
1851 2727 1942 2764 Tito
1964 2724 2029 2760 fuit
2052 2750 2061 2764 ,
2089 2719 2172 2757 ldCs)
2198 2720 2298 2756 D10s¹
2321 2721 2462 2758 histori-

1407 2772 1410 2850 ί
1441 2789 1503 2815 cus
1526 2780 1621 2818 hanc
1644 2792 1721 2820 rem
1745 2779 1944 2818 luculenter
1965 2773 2098 2810 tractat.
2138 2770 2238 2807 Hinc
2261 2770 2351 2808 libro
2380 2772 2474 2810 uiti«

1444 2841 1511 2866 mo
1538 2831 1641 2869 Silius
1657 2844 1666 2868 :

1495 2930 1547 2967 sic
1566 2930 1626 2967 ubi
1650 2930 1691 2966 vi
1713 2940 1812 2965 caeca
1835 2925 1979 2963 tandem
2003 2924 2160 2963 devic‘t‘us
2184 2926 2233 2961 ad
2253 2924 2349 2971 astra

1486 2980 1659 3015 Evomuit
1677 2977 1789 3026 pastos
1804 2985 1862 3024 per
1874 2975 1990 3024 saecla
2017 2975 2196 3013 Vesuvius
2219 2978 2310 3024 ignes
2325 3005 2335 3021 ‚

1485 3032 1529 3064 Et
1547 3027 1665 3076 pelago
1685 3038 1728 3066 (7⁶
1749 3026 1852 3065 terris
1867 3027 1954 3076 susa
1978 3025 2021 3075 est
2048 3027 2216 3066 Vulcania
2235 3028 2343 3077 pestis.

343 3116 419 3160 slve
442 3127 481 3158 ut
502 3120 623 3159 Varro
647 3122 741 3171 apud
755 3124 923 3163 Servium
939 3125 1122 3176 describit,
1148 3132 1262 3170 ubiab
1274 3145 1372 3184 aqua
1439 3127 1591 3166 CHAN-

2310 3194 2333 3233 ι
2362 3184 2470 3234 cun&-
