2616 3686
514 174 859 225 LlBER
924 174 1687 238 V11.EPISTOLA
1753 188 1848 236 111.
1959 231 1963 236 .
2164 193 2259 259 485

121 270 144 312 Ψ
162 257 295 316 liber
318 264 465 310 totus
488 251 637 307 dies?
677 257 695 276 ²
723 262 935 318 tempus
964 249 1039 305 est
1067 261 1120 328 te
1145 250 1372 304 revisere
1398 255 1662 310 molestias
1688 261 1918 323 nostras,
1956 263 2039 318 vel
2065 264 2134 318 ob
2148 268 2255 326 hoe

121 330 321 392 solum,
359 344 428 382 ne
466 325 766 396 voluptates
804 322 928 376 istae
966 323 981 350 ³
1018 322 1259 376 satietate
1296 323 1678 394 languescant:
1717 329 1735 354 ⁴
1761 329 1936 384 Saluta
1961 334 2249 405 paulisper,

115 422 231 479 quo
253 402 315 458 fit
342 400 437 454 tibi
459 395 744 468 jucundius
771 393 1010 449 salutari:
1051 406 1226 450 terere
1255 397 1310 450 in
1337 395 1434 450 bac
1461 397 1646 458 turba,
1682 412 1741 454 ut
1769 415 1822 454 te
1846 402 2077 458 solitudo
2104 409 2250 462 dele-

115 480 244 533 etet.
319 472 426 528 Sed
464 470 597 542 quid
631 467 940 540 imprudens
965 504 982 531 ‚
1030 483 1195 538 quem
1237 484 1466 525 evocare
1512 486 1714 534 conor,
1751 476 2000 528 retardo?
2041 478 2250 534 fortasse

117 552 263 606 enirn
298 548 376 602 his
417 544 531 616 ipfis
567 541 904 603 admoneri8‚
957 553 1016 594 ut
1051 552 1107 594 te
1146 541 1309 613 magis
1345 559 1406 595 ac
1435 549 1602 614 magis
1631 547 1748 598 otio
1786 545 2020 601 involvas
2047 587 2062 610 ,
2100 553 2249 618 quod

112 639 226 692 >ego
249 638 360 676 non
386 615 624 687 abrumpi
653 653 670 679 ,
721 613 811 668 sed
838 613 1122 668 intermitti
1152 616 1292 668 v010.
1372 613 1447 668 Ut
1474 618 1617 670 enim
1648 616 1682 672 si
1707 634 1936 673 coenam
1965 620 2061 674 tibi
2106 621 2247 677 face-
2288 644 2319 691 5

121 713 265 758 rem,
306 691 546 746 dulcibus
581 687 711 742 cibis
746 703 896 740 acres
932 685 946 713 ⁵
986 700 1281 758 acutosque
1325 688 1605 743 miscerem
1632 729 1648 754 ‚
1700 705 1758 745 ut
1787 690 2001 746 obtusus
2025 693 2151 757 illis,
2191 695 2249 749 &

118 765 309 821 oblitus
334 761 627 817 stomachus
654 760 730 813 his
759 759 1086 814 excitaretur
1113 777 1125 813 :
1164 761 1238 814 ita
1270 777 1412 813 nunc
1438 761 1628 816 hortor
1666 807 1677 826 ‚
1716 778 1779 826 ,ut
1806 764 2248 833 jucundisfimum

116 854 284 912 genus
312 836 446 889 vitae
473 833 738 889 nonnullis
766 832 1038 886 interdum
1057 871 1073 897 ‚
1111 833 1130 857 ⁶
1153 831 1296 905 quafi
1318 833 1598 898 acoribus,
1633 835 1873 892 condias.
1909 838 2059 895 Vale.

349 970 468 1029 IV.
542 969 1116 1054 C.PL1N1us
1193 969 1582 1025 Pois-1:10
1658 971 1853 1028 Suo
1929 975 1980 1030 S.

111 1108 418 1173 Admiranti
444 1110 669 1172 Pontio,
707 1106 844 1181 quod
862 1106 1302 1178 hendecasyllabos
1312 1109 1595 1181 scripstſjift
1613 1143 1627 1172 ,·
1658 1080 2211 1181 respondefsecnndus
2225 1152 2240 1177 ‚

514 1242 517 1244 ,
531 1187 594 1254 st)
620 1202 651 1237 a
679 1182 882 1236 teucris
908 1182 1063 1233 annis
1085 1185 1321 1253 poeticae
1331 1181 1618 1254 studiosum
1629 1184 1810 1256 fillffi·
1837 1198 1841 1207 ·

245 1395 468 1449 modum
520 1394 795 1465 coeperim
847 1391 1120 1453 scribere,
1169 1390 1374 1456 homo,
1438 1408 1498 1449 ut
1548 1393 1646 1450 tibi
1697 1394 1929 1458 videor,
1990 1397 2235 1462 severuS‚
2311 1452 2331 1463 ,

105 1321 309 1461 AIS
370 1319 550 1394 legisse
613 1334 666 1374 te
716 1315 1180 1390 hendecasyllabos
1227 1334 1417 1375 meos:
1471 1321 1700 1392 requiris
1753 1320 1916 1375 etiam
1979 1323 2241 1392 quemad-

83 1518 85 1520 .
2114 1489 2127 1511 ¹
2174 1483 2234 1524 ut

95 1601 369 1644 existimandus.
407 1603 435 1641 B
450 1616 474 1640 υ
490 1615 512 1640 c
527 1613 550 1638 u
565 1609 677 1640 uta.
713 1600 900 1649 <Quousque
920 1599 1023 1637 calcei
1043 1610 1127 1636 nus·
1201 1601 1304 1639 ratio.
1341 1600 1396 1639 Ita
1427 1601 1578 1640 liberum
1602 1612 1735 1652 tempus
1759 1603 1848 1643 dixit
1871 1605 2005 1643 Cicero
2031 1604 2112 1643 Lib.
2137 1605 2164 1643 1.
2188 1606 2233 1644 de

99 1665 236 1707 quam?
265 1655 367 1705 eya]
398 1654 538 1692 Attum
562 1653 634 1699 agit
666 1652 783 1688 homo
814 1652 1030 1699 ingeniosus.
1085 1650 1128 1688 In
1202 1651 1280 1689 Fin.
1303 1663 1381 1701 cap.
1404 1652 1450 1690 X.
1473 1665 1551 1703 quo
1580 1654 1699 1692 facere
1719 1654 1936 1703 possumus,
1961 1657 2051 1706 quid
2068 1656 2236 1697 velimus.

101 1706 274 1745 omnibus
297 1708 349 1744 his
379 1705 584 1753 intelligitur
601 1730 612 1745 ,
635 1702 721 1749 sunt
739 1702 795 1740 vel
817 1700 861 1748 est
883 1701 960 1739 tibi.
986 1704 1125 1750 {Qous-
1204 1702 1360 1741 ConTE.

99 1769 163 1807 que
186 1756 288 1794 calcei
310 1769 486 1806 nusquam
510 1755 588 1792 sunt
608 1751 698 1791 tibi?
726 1763 804 1801 toga
818 1753 957 1799 firiata
971 1765 1015 1791 en
1030 1751 1122 1790 tibi?
1251 1765 1271 1789 2
1302 1758 1448 1802 Tempus
1465 1752 1534 1800 est,
1561 1761 1598 1792 te
1619 1754 1808 1804 revisere.]
1840 1756 1897 1794 Sic
1910 1757 2074 1806 optimus
2085 1769 2236 1798 omnes·

98 1807 200 1843 Liber
223 1819 310 1846 totos
338 1808 408 1845 dies
433 1806 483 1845 est
504 1806 565 1844 tibi
587 1806 624 1842 in
644 1803 805 1841 manibus
824 1802 870 1840 ad
891 1802 1122 1842 studendum.
1199 1814 1272 1851 que
1294 1804 1352 1841 alii
1373 1805 1500 1853 scripti.
1529 1804 1645 1843 Aldus
1667 1817 1760 1843 vero
1782 1816 1816 1844 te
1839 1806 1961 1845 omifit
1986 1836 1997 1854 ‚
2035 1811 2236 1859 quomodo

98 1856 191 1894 Non
213 1858 312 1895 enim
333 1858 418 1896 liber
440 1858 500 1895 hic
523 1858 670 1893 ἐπίθετον
689 1883 700 1899 ,
735 1863 775 1893 ut
797 1855 852 1892 ille
873 1861 987 1903 putat.
1040 1855 1125 1893 Cal·
1198 1853 1333 1902 saepius
1348 1855 1408 1893 alii
1428 1855 1618 1905 scriptores
1639 1856 1778 1901 solent,
1799 1869 1893 1907 quos
1919 1859 2160 1906 produximus
2185 1862 2231 1899 ad

101 1916 189 1944 ceos
222 1916 346 1944 autem
383 1910 420 1946 δε
454 1917 579 1955 togam
611 1905 715 1943 simul
744 1906 931 1944 sumebant
956 1934 966 1951 ,
1016 1904 1120 1944 fimul
1194 1902 1332 1943 Sallust.
1357 1905 1435 1954 Iug.
1459 1917 1537 1955 cap.
1559 1907 1771 1945 LXXXIX.
1795 1919 1828 1944 n.
1855 1921 1886 1957 3.
1915 1910 2053 1946 maiora
2083 1912 2233 1960 &aspe-

98 1957 295 2004 ponebant.
347 1957 460 1995 Unde
481 1959 620 1995 calceos
643 1957 783 2005 propria
805 1964 912 2005 togae
935 1965 1121 1995 tormenta
1193 1968 1236 1991 ra
1269 1956 1416 2005 adgredi
1445 1965 1594 2006 tempus
1625 1958 1753 2007 visum.
1793 1958 1889 1996 Infra
1920 1962 2024 2009 pauci
2049 1962 2230 2011 impressi:

98 2015 212 2044 vocat
244 2007 456 2046 Tertullian.
495 2010 533 2046 in
564 2007 644 2046 Lib.
676 2006 721 2044 de
750 2007 873 2045 Pallio.
928 2008 1122 2047 Suetonius
1193 2005 1250 2044 vel
1277 2006 1337 2044 hoc
1354 2008 1474 2055 solum
1499 2036 1510 2052 ,
1537 2017 1664 2046 contra
1694 2009 1947 2048 autfioritatem
1978 2012 2079 2049 Vett.
2109 2011 2232 2051 Codd.

101 2057 237 2094 oen.
261 2068 290 2094 c.
311 2070 328 2104 7
361 2089 368 2096 .
396 2063 441 2096 Et
455 2057 610 2106 sorenfia
631 2067 675 2096 (9·
694 2058 833 2096 calceos
852 2071 1037 2108 nunquam
1051 2072 1121 2097 non
1248 2070 1266 2108 3
1293 2060 1468 2097 Satietate
1487 2059 1756 2110 languescant]
1789 2062 1916 2099 Nimia
1940 2064 2046 2110 copia
2062 2090 2072 2105 ‚
2100 2064 2231 2101 &affi-

97 2107 198 2146 imra
221 2070 412 2146 cubicuium
433 2108 568 2146 habuit.
607 2108 653 2146 Et
675 2120 750 2158 cap.
773 2109 832 2155 78.
879 2116 934 2146 Ita
955 2121 997 2147 ut
1018 2110 1121 2156 vesti·
1193 2108 1329 2147 ciuitate
1362 2109 1450 2147 fiant
1482 2111 1653 2149 utiliores.
1702 2113 1839 2150 Seneca
1864 2113 1930 2149 XI.
1958 2113 2229 2161 Epistolarum:

99 2169 158 2196 tus
191 2160 429 2209 calceatusque
459 2172 548 2197 erat.
583 2158 744 2198 Vestitus
759 2189 768 2204 ,
795 2159 832 2198 id
854 2159 924 2205 est,
949 2169 1115 2209 togatus:
1192 2160 1294 2197 mula
1318 2160 1382 2198 tibi
1406 2161 1571 2210 voluptas
1597 2175 1693 2199 nova
1713 2162 1781 2209 est:
1811 2163 1912 2201 nulla
1936 2176 2005 2201 non
2021 2164 2103 2213 jam
2115 2167 2231 2216 odiosa

78 2217 136 2247 'ut
171 2208 322 2247 forensi-a
347 2238 357 2255 ,
393 2211 480 2248 nihil
509 2210 605 2248 aliud
642 2222 754 2260 quam
786 2219 882 2259 toga.
928 2211 1116 2251 Gimuov.
1188 2211 1258 2260 ipsa
1282 2212 1452 2250 satietate.
1481 2214 1623 2251 (ΞΑ-[Α
1641 2225 1679 2250 u.

92 2259 213 2296 Calcei
235 2274 409 2310 nusquam
434 2271 448 2298 ,²
478 2261 564 2298 Hoc
583 2261 666 2299 dicit
689 2290 698 2305 ,
732 2263 816 2311 quia
838 2260 943 2300 nudis
965 2264 1116 2310 pedibus
1237 2275 1260 2309 4
1290 2262 1456 2312 Salam]
1489 2265 1589 2302 Veni
1622 2266 1658 2300 in
1694 2263 1823 2300 urbem
1847 2292 1857 2307 ‚
1887 2265 1926 2302 &
1956 2264 2062 2301 saluta
2095 2274 2228 2312 poten-

93 2319 168 2348 erat
200 2312 236 2348 in
269 2311 472 2354 secessibus,
499 2312 601 2361 quod
631 2312 751 2349 laudat
784 2314 821 2349 &
851 2313 888 2350 in
911 2312 1114 2363 paedagog,
1189 2313 1312 2350 tiores.
1342 2313 1442 2350 Nam
1465 2314 1629 2356 nobiles,
1661 2314 1699 2350 &
1721 2313 1938 2357 salutabant,
1967 2316 2007 2350 ὅ(
2026 2314 2227 2355 salutaban-

93 2362 268 2398 Clemens
294 2362 568 2400 .>X'ex.i*id1·1nus.
594 2362 745 2399 Rama.
774 2362 882 2400 Adde
896 2362 1113 2403 Tertullian.
1189 2372 1258 2401 tur.
1312 2363 1413 2401 Nota
1443 2375 1498 2400 res
1524 2365 1639 2411 longo
1667 2364 1851 2409 Juvenalis
1880 2366 2053 2402 carmine.
2083 2365 2199 2405 IDEM.

93 2412 139 2450 de
161 2412 272 2449 Pallas,
298 2424 373 2462 cap.
396 2413 444 2448 V.
470 2414 507 2450 ὃ(
529 2413 575 2451 ibi
605 2413 747 2450 Salr'nas.
772 2423 849 2460 pag.
873 2415 956 2461 386.
1241 2427 1259 2462 ς
1291 2417 1505 2461 Acutosque.
1531 2412 1546 2462 ]
1579 2413 1690 2451 Sall'os
1711 2442 1720 2458 ‚
1750 2413 1982 2451 stomachum
2009 2415 2225 2458 suscitantes.

147 2473 163 2499 1
197 2461 296 2498 Liber·
320 2473 417 2501 totos
440 2464 508 2500 dies
524 2473 537 2500 ?
557 2462 570 2511 ]
601 2463 725 2500 Video
741 2491 750 2506 ‚
778 2462 866 2510 quid
887 2475 954 2512 pro
976 2465 1044 2502 hac
1067 2466 1115 2505 le-
1191 2465 1246 2501 In
1261 2477 1283 2501 E
1299 2476 1337 2501 Μ.
1378 2464 1503 2501 Celeb.
1535 2465 1762 2501 B'urmannus
1797 2463 1843 2500 ad
1869 2466 2016 2502 Petron.
2048 2469 2117 2505 Sat.
2143 2480 2223 2518 cap.

95 2513 216 2551 &ione
247 2513 385 2551 adferat
419 2515 633 2551 Gronovius
657 2541 666 2557 ,
717 2516 755 2551 &
786 2513 858 2550 scio
879 2542 889 2557 ,
918 2517 1114 2563 quomodo
1190 2514 1330 2552 XXXI.
1361 2514 1509 2552 testatur
1534 2543 1544 2558 ,
1594 2514 1789 2551 Heinfium
1821 2515 1866 2552 ad
1907 2526 2010 2552 oram
2055 2519 2132 2556 libri
2171 2521 2221 2559 sui

91 2565 202 2611 vulgo
225 2574 379 2613 capiant.
409 2565 479 2601 Sed
502 2576 578 2602 non
601 2564 753 2612 amplius
772 2563 1024 2611 disputandum
1039 2569 1113 2605 erit.
1189 2563 1381 2604 coniecisse
1414 2578 1421 2600 :
1465 2577 1557 2602 acres
1589 2564 1778 2613 acidosquc
1813 2567 1989 2616 miscerem
2014 2594 2024 2610 ‚
2062 2569 2120 2607 sed
2144 2571 2220 2609 libri

93 2613 282 2652 Mediceus
306 2617 405 2652 enim
421 2642 429 2657 ,
460 2616 498 2652 ὃς
521 2626 652 2652 omnes
674 2613 781 2651 nostri
807 2614 912 2653 MSS.
936 2625 1020 2652 cum
1045 2615 1110 2656 Ed.
1191 2628 1323 2654 omnes
1349 2614 1557 2653 dissentiunt
1580 2644 1592 2660 ,
1620 2617 1659 2654 ὃς
1680 2615 1789 2655 sicubi
1811 2617 1992 2665 legeretur
2014 2620 2129 2657 acidos
2145 2649 2155 2664 ,
2184 2622 2221 2659 id

94 2664 178 2703 Vet.
198 2664 281 2701 liber
303 2673 401 2703 totus
425 2666 504 2701 dies.
532 2666 609 2712 Qui
633 2667 666 2702 in
691 2665 778 2702 urbe
798 2674 921 2708 erant,
949 2667 1009 2704 vix
1034 2678 1110 2715 par·
1188 2669 1310 2716 potius
1332 2678 1399 2714 pro
1424 2666 1546 2704 Glollii
1570 2669 1615 2704 τὲ
1634 2678 1751 2704 acutos
1773 2668 1958 2705 haberem.
1988 2671 2101 2707 Acuti
2118 2672 2218 2708 enim

75 2720 170 2752 .tem
201 2714 271 2753 dici
301 2716 450 2754 liberam
485 2715 667 2752 habebant
692 2744 701 2761 ,
746 2724 809 2752 aut
843 2714 903 2753 sibi
928 2716 1110 2757 vindicare
1191 2719 1256 2756 cibi
1283 2720 1319 2755 ὃς
1341 2716 1462 2754 acidos
1487 2745 1497 2761 ,
1525 2719 1564 2755 &
1584 2716 1742 2755 austeros
1764 2729 1973 2766 omnesque
1995 2719 2082 2758 alios
2107 2749 2117 2765 ‚
2155 2724 2220 2771 qui

121 2772 278 2810 oterant5
306 2776 434 2805 contra
464 2767 501 2802 in
531 2765 674 2804 secess'u.
728 2766 784 2804 Sic
817 2767 895 2803 Lib.
924 2767 969 2803 Il.
1004 2767 1111 2816 Epist.
1190 2768 1419 2805 stomachum
1445 2770 1624 2811 excitant,
1652 2769 1961 2817 complectuntur.
2003 2770 2108 2819 Lege
2134 2772 2220 2810 Cel-

92 2774 217 2852 RVH.
235 2827 269 2853 n.
291 2829 326 2855 2.
361 2823 482 2855 Decem
505 2826 547 2856 G·
564 2816 691 2865 septem
715 2816 868 2854 millibus
887 2817 1045 2865 passuum
1067 2820 1110 2856 ab
1191 2819 1268 2856 sum
1292 2819 1373 2856 Lib.
1398 2818 1445 2855 ΙΙ.
1467 2829 1544 2867 cap.
1570 2819 1691 2856 XXII.
1716 2821 1753 2857 δε
1789 2819 1932 2857 XXIV.
1987 2819 2041 2858 Ita
2071 2833 2220 2861 acutum

103 2861 182 2899 urbe
204 2864 319 2913 fecoffit
344 2895 356 2912 ,
391 2879 433 2905 'ut
459 2868 606 2916 perculis
631 2896 641 2912 ,
678 2881 764 2917 quae
799 2869 933 2914 agenda
949 2869 1087 2914 fuerint
1104 2899 1113 2914 ,
1193 2869 1441 2918 vinisaporem
1465 2869 1596 2907 Piinius
1617 2871 1736 2907 maior
1758 2870 1858 2909 dixit.
1963 2881 1968 2886 ·

103 2911 198 2949 salvo
226 2913 298 2952 iam
329 2919 366 2955 &
406 2917 614 2967 composito
645 2919 702 2956 die
727 2947 737 2961 ‚
772 2918 861 2966 poffis
890 2918 937 2954 ibi
961 2932 1112 2958 manere.
1242 2920 1264 2955 6
1291 2919 1404 2969 {Quafi
1452 2920 1653 2970 acoribus]
1704 2921 1758 2958 Ita
1800 2920 1873 2958 Pal.
1904 2932 2056 2971 quoque
2089 2921 2220 2961 noster.

105 2961 166 2998 ubi
194 2961 285 3000 Vide·
315 2967 428 3016 'Lege
457 2971 565 3006 etiam
601 2970 681 3007 Lib.
715 2969 779 3005 IX.
805 2969 912 3018 Epist.
938 2969 1113 3008 XXXVI.
1194 2970 1279 3009 editi
1305 2970 1379 3007 fere
1398 2971 1614 3015 acrioribus,
1642 2973 1762 3009 minus
1783 2971 1945 3020 adposite
1969 2999 1980 3016 ‚
2019 2983 2108 3010 meo
2142 2976 2223 3021 qui-

107 3022 200 3059 quae
221 3009 378 3054 ostendet
397 3046 407 3063 ,
442 3020 629 3068 vulgarem
652 3020 851 3059 lectionem
874 3018 1016 3058 admitti
1039 3033 1114 3058 non
1196 3021 1282 3058 dem
1300 3020 1450 3069 jndicio.
1475 3021 1666 3060 Gaui-m.
1682 3022 1850 3060 Acoribus
1865 3034 1976 3072 penes
1989 3023 2221 3062 nosVossl&

108 3059 232 3112 Possm
261 3073 475 3116 quamquam
507 3071 677 3110 eamdem
702 3073 739 3110 ὃς
760 3078 886 3120 arguat
911 3070 1114 3111 [saturitatis
1199 3071 1312 3110 Arnz.
1334 3079 1480 3112 tuentur
1505 3101 1515 3118 ‚
1544 3072 1655 3122 idque
1678 3073 1873 3114 veriffime.
1909 3075 2039 3113 Ox-on.
2061 3075 2222 3114 moerori-

1538 3124 1687 3175 Pppz.
2123 3124 2212 3168 (Μ’,
