2616 3686
535 181 1837 240 LIBERV1.EPISTOLAVI.
2152 214 2247 263 407

533 264 629 317 etit
669 277 794 315 cum
839 261 1016 320 multis
1041 298 1056 324 ‚
1096 277 1221 315 cum
1255 261 1436 324 boniS‚
1475 279 1609 333 quos
1635 278 1695 318 ut
1719 268 2041 336 gloriosum,
2078 271 2144 326 sie
2172 278 2246 331 est

264 266 405 327 Naso

119 274 344 402 gimfficsse
372 303 503 410 isu’pe
532 352 636 390 are.
677 332 690 352 ¹
733 332 952 387 Pendeo
987 347 1118 402 ergo
1147 332 1199 386 ἃ
1226 350 1486 387 exerceor
1506 372 1522 396 ‚
1563 336 1782 389 adficior
1807 353 1954 392 metu
1973 377 1989 402 ,
2028 348 2045 368 ²
2081 343 2135 397 ὃς
2158 361 2246 399 me

116 412 464 477 Consularem
493 406 595 463 effe
621 422 729 479 non
756 405 942 459 senti0.
984 403 999 431 ³
1024 407 1160 458 Nam
1186 407 1360 460 rursus
1388 407 1517 460 mihi
1543 407 1731 462 videor
1760 415 2031 474 omnium,
2066 421 2082 445 ⁴
2109 431 2247 485 quae

117 485 358 548 decurri,
399 479 748 538 Candidatus,
820 475 1075 551 Meretur
1112 478 1246 531 hanc
1273 495 1456 533 curam
1498 481 1657 549 longa
1702 481 1808 535 mei
1842 485 2079 538 caritate.
2154 485 2246 540 Est

115 557 247 620 mihi
287 573 412 610 cum
452 555 540 609 illo
572 569 676 606 non
713 548 831 604 sane
858 562 1075 620 paterna
1101 551 1362 605 amicitia:
1404 559 1416 587 ⁵
1447 567 1622 621 neque
1651 554 1795 607 enim
1822 552 1923 607 esse
1948 556 2124 625 potuit
2149 574 2245 627 per

117 647 290 686 meam
329 641 593 682 aetatem:
643 621 839 676 solebat
875 635 1054 677 tamen
1092 625 1181 676 vix
1221 623 1352 678 dum
1379 623 1774 680 adolescentulo
1803 626 1932 680 mihi
1958 643 2108 698 pater
2135 628 2244 698 ejus

117 720 243 757 curn
282 718 469 771 magna
507 694 660 750 laude
698 693 1014 750 monstraris
1066 705 1083 728 ⁶
1115 695 1246 750 Erat
1282 712 1390 750 non
1429 696 1722 752 studiorum
1760 711 1968 753 tantum
2001 735 2020 762 ,
2055 717 2244 757 verum

115 776 274 829 etiam
327 768 676 825 studiosorum
728 767 1148 831 amantiffimus,
1201 787 1262 822 ac
1300 786 1469 840 prope
1504 770 1748 839 quotidie
1797 771 1864 825 ad
1913 771 2243 839 audiend03‚

119 862 251 918 quos
277 857 404 896 tunc
431 857 533 910 ego
558 839 993 910 frequentabam,
1032 838 1454 912 Quinctilianum
1483 841 1532 894 ἃ
1560 855 1576 882 ⁷
1604 843 1833 896 Niceten
1864 844 2241 911 Sacerdotem,

116 913 429 972 ventitabat:
471 914 551 967 vir
587 913 787 984 alioqui
826 913 996 969 clarus
1038 915 1093 968 δε
1131 914 1334 986 graviS,
1374 915 1427 969 <Sc
1455 914 1549 985 qui
1579 914 1823 985 prodesse
1847 915 1958 971 filio
1984 919 2242 974 memoria

2164 992 2242 1050 sui

113 1129 238 1167 Livius
260 1125 340 1164 Lib.
361 1125 386 1163 Ι.
408 1136 488 1175 cap.
508 1123 668 1163 XXXV.
720 1127 809 1171 Ergo
840 1123 964 1162 virum
980 1152 991 1168 ,
1019 1134 1131 1162 cetera

110 1178 275 1229 egregium
289 1205 300 1222 ,
310 1178 426 1224 secuta
439 1204 448 1220 ,
471 1189 580 1226 quam
593 1189 629 1211 ιη
643 1174 805 1224 petendo
819 1173 1008 1221 habuerat,
1022 1177 1130 1213 etiam

113 1239 315 1279 regnantem
338 1228 484 1264 ambitio
504 1226 557 1273 est.
599 1226 785 1274 Repetitio
807 1233 934 1264 tamen
956 1227 1011 1264 illa
1034 1228 1135 1266 verbi

103 1281 192 1330 petit
238 1279 442 1318 Plinianum
479 1278 599 1326 sapit,
648 1276 693 1315 de
726 1288 802 1326 quo
842 1277 886 1314 ad
922 1277 1004 1315 Lib.
1028 1278 1134 1316 VIII.

114 1330 218 1379 Epist.
240 1329 384 1368 XXIII.
404 1341 487 1378 n.9.
500 1332 537 1366 ὅ(
550 1328 642 1365 alibi.
655 1339 766 1376 quare
779 1329 826 1365 ita
839 1328 1001 1375 legerem
1017 1341 1024 1364 :
1040 1330 1135 1367 Petit

115 1381 224 1420 Julius
248 1380 343 1427 Nafh
359 1407 369 1422 ‚
394 1382 478 1428 petit
499 1392 576 1416 cum
599 1378 722 1416 multis
747 1387 814 1416 cet.
844 1378 999 1417 Come.

106 1442 121 1454 ⁰
163 1445 178 1470 1
203 1433 345 1475 ¹Pendeo
372 1443 447 1478 ergo
479 1440 523 1468 (9·
554 1441 709 1466 exerceor
740 1429 801 1475 spe
824 1458 833 1474 ‚
861 1438 972 1479 atquc
994 1430 1137 1479 adficior

112 1478 246 1531 melta]
290 1483 342 1519 lta
380 1491 510 1517 omnes
547 1481 725 1522 vulgatae.
754 1480 804 1516 At
839 1480 877 1516 in
915 1480 1016 1517 nullo
1059 1483 1140 1520 MS.

114 1545 237 1583 neque
271 1532 335 1568 Ed.
371 1531 455 1566 Vct.
490 1528 632 1566 Aldinis
658 1531 695 1565 ὃς
722 1529 878 1575 Gryphii
901 1539 1008 1577 atque
1030 1532 1140 1571 habe-

111 1591 169 1620 tur
183 1611 194 1626 ‚
215 1582 443 1620 Veterrimus
464 1581 574 1617 etiam
581 1578 638 1627 spe
651 1579 803 1624 ignorat.
831 1578 957 1624 Quare
977 1590 1022 1616 ex
1045 1583 1139 1630 opti-

112 1635 180 1670 mis
213 1633 434 1669 membranis
467 1629 631 1667 restitui:
675 1628 804 1663 Pendeo
847 1641 921 1676 ergo
963 1640 1007 1667 <y
1038 1642 1140 1670 exer-

113 1694 222 1727 ceor,
251 1682 393 1726 adficior
415 1692 522 1717 metu.
553 1678 682 1716 Pendeo
703 1688 745 1715 cy*
767 1690 922 1715 exerceor
945 1679 1042 1717 idem
1067 1682 1138 1728 est,

113 1734 217 1783 quod
238 1734 338 1779 supra
362 1733 472 1769 dixit:
515 1731 683 1767 Anxium
706 1741 758 1766 me
776 1738 819 1766 δ’·
839 1729 1045 1777 inquietum
1070 1731 1137 1769 ha-

112 1784 165 1821 bet
181 1785 312 1832 petitio.
357 1783 515 1818 Exerceri
539 1781 635 1818 enlm
661 1777 708 1816 est
726 1779 895 1826 exagitari
922 1806 933 1823 ,
958 1780 1138 1829 inquieta-

113 1835 164 1877 ri,
190 1843 230 1871 ut
260 1834 340 1871 alibi
373 1834 544 1880 loquitur.
603 1831 658 1868 Sic
687 1828 778 1866 infra
814 1830 893 1867 Lib.
916 1831 1004 1868 VII.
1028 1832 1136 1881 Epist.

115 1884 183 1920 VI.
223 1896 257 1920 n.
302 1895 335 1920 2.
398 1883 499 1931 <Qun
547 1881 654 1918 etiam
705 1879 892 1928 Nigrinum
917 1909 927 1924 ‚
966 1883 1134 1929 optimum

119 1934 238 1969 virum
255 1961 264 1976 ‚
289 1932 547 1979 pertinnctffime
569 1939 722 1969 exercet.
752 1930 802 1967 M.
819 1931 914 1967 Cato
927 1933 1022 1980 apud
1037 1935 1134 1972 Cha-

120 1983 171 2020 ris.
203 1983 280 2019 Ltl).
306 1982 350 2019 Il.
394 1982 650 2031 Alejolltct'tum
674 1992 778 2028 atque
804 1983 1003 2019 exercitum
1029 1983 1133 2023 habi-

121 2044 199 2068 tum
222 2033 302 2081 effe,
332 2044 435 2081 atque
453 2041 551 2082 porro
566 2034 656 2078 fore.
684 2032 815 2069 Cicero
837 2030 942 2069 XIII.
965 2032 1010 2070 ad
1025 2036 1134 2074 Amic.

119 2082 227 2130 Epist.
251 2082 372 2120 XXII.
402 2088 428 2118 'I
429 2097 444 2120 e
466 2083 505 2119 de
524 2082 663 2131 praedio
685 2084 789 2119 aviae
802 2083 961 2120 exerceri
979 2112 988 2127 ‚
1002 2086 1132 2134 moleste

108 2133 199 2178 fero.
253 2133 360 2172 Adde
392 2133 626 2171 Gronovium
659 2132 704 2170 ad
738 2133 861 2170 Senec.
887 2133 967 2170 Lib.
990 2135 1058 2173 VI.
1087 2137 1132 2176 de

118 2182 245 2220 Bencf.
271 2195 345 2230 cap.
367 2183 433 2220 VI.
456 2183 516 2222 ubi
538 2183 688 2221 verbum
700 2184 824 2231 pendeo
837 2183 977 2221 illustrat
991 2214 1001 2230 ‚
1031 2188 1132 2236 quod

115 2233 218 2320 {sepe
241 2233 419 2277 sollicitum
441 2234 500 2281 effe
518 2262 528 2278 ,
564 2244 625 2271 aut
637 2234 850 2283 extimescere
878 2233 1047 2274 adiuncta
1070 2239 1132 2276 ha-

142 2291 186 2319 et.
217 2285 368 2322 Come.

1186 1623 1187 1626 Ἴ
1213 1580 1252 1616 ὅ(
1274 1579 1478 1617 adcucurrit
1499 1581 1675 1628 scripserit.
1713 1580 1811 1618 Vide
1837 1581 1918 1618 Lib.
1944 1580 1972 1618 I.

1206 1124 1423 1163 candidatus
1447 1152 1459 1170 ‚
1496 1125 1533 1163 id
1564 1123 1611 1163 est
1644 1123 1744 1162 Naso
1765 1153 1776 1170 ‚
1814 1136 1968 1164 meretur
2000 1125 2094 1163 hanc
2116 1139 2240 1168 curam

1206 1177 1364 1213 omnium
1381 1205 1392 1221 ,
1415 1189 1502 1226 quae
1523 1176 1728 1219 decucurri,
1765 1176 1894 1224 dignus
1916 1176 1986 1223 est,
2014 1186 2054 1214 ut
2075 1190 2243 1217 exerceat

1208 1227 1267 1276 spe
1281 1255 1292 1272 ,
1319 1226 1451 1265 afficiar
1473 1235 1578 1266 metu
1599 1228 1637 1264 jn
1649 1228 1827 1276 petitione
1841 1229 2012 1266 omnium
2026 1229 2244 1275 honorum,

1209 1289 1302 1326 quos
1326 1288 1397 1325 ego
1416 1278 1513 1326 gesti.
1553 1279 1709 1316 CATAN.
1747 1279 1848 1326 Qut
1877 1279 2026 1317 decurri.
2049 1277 2064 1328 ]
2117 1281 2244 1329 Quae-

1209 1329 1326 1366 sturae
1350 1357 1360 1373 ,
1387 1328 1616 1374 Tribunatus
1639 1357 1648 1373 ,
1678 1329 1909 1374 Aedilitatis‚
1938 1340 2000 1377 per
2024 1340 2119 1378 quae
2146 1330 2244 1368 ordi-

1209 1389 1258 1416 ne
1284 1407 1295 1424 ,
1322 1388 1363 1416 ut
1398 1378 1563 1424 solebat,
1591 1379 1637 1417 ad
1671 1379 1912 1418 Consulatum
1939 1407 1950 1424 ‚
1983 1383 2046 1430 qui
2078 1381 2244 1421 summus

1213 1430 1251 1466 &
1297 1430 1480 1467 maximus
1524 1431 1649 1467 honor
1672 1457 1684 1474 ,
1720 1430 1754 1467 se
1804 1429 2008 1478 pervenisse
2054 1430 2231 1478 fignificat

1211 1479 1419 1516 Euenum.
1448 1480 1660 1518 Mediceus:
1689 1492 1760 1528 qua
1784 1480 1919 1517 decurri
1941 1495 1953 1523 ;
1981 1480 2109 1531 reliqui
2134 1481 2243 1522 MSS.

1214 1530 1252 1566 ὃς
1275 1529 1341 1566 Ed.
1364 1529 1452 1568 Vet.
1474 1543 1560 1580 quae
1583 1531 1747 1573 decurri,
1774 1531 1858 1568 licet
1880 1530 1981 1579 supra
2024 1532 2242 1577 ercucurrit,

2034 1581 2107 1630 pist.
2131 1581 2240 1620 XIV.

1211 1640 1247 1666 n.
1275 1642 1307 1676 7.
1333 1631 1370 1668 &
1394 1630 1476 1668 Lib.
1496 1631 1542 1668 II.
1570 1629 1672 1679 Fpist.
1697 1631 1725 1669 Ι.
1749 1642 1785 1668 n.
1808 1630 1844 1668 8.
1871 1632 1965 1669 Sane
1988 1631 2104 1670 Aldus
2117 1630 2239 1669 dedit:

1209 1693 1297 1728 quae
1320 1681 1519 1724 decucurri,
1545 1681 1748 1724 incertum,
1777 1692 1822 1720 an
1836 1692 1882 1718 ex
1906 1681 2012 1719 Libb.
2039 1683 2141 1720 Vett.
2168 1682 2241 1721 Ea-

1210 1730 1296 1767 dem
1320 1730 1472 1768 varietas
1496 1741 1580 1768 cum
1604 1731 1684 1768 alibi
1711 1758 1721 1774 ‚
1747 1738 1831 1766 tum
1853 1731 1952 1779 apud
1976 1732 2130 1771 LiVIum
2155 1733 2240 1771 Lib.

1209 1779 1238 1817 I.
1261 1791 1339 1828 cap.
1362 1779 1448 1817 XII.
1470 1781 1531 1818 ubi
1553 1783 1632 1828 lege
1653 1781 1855 1829 sigonium.
1884 1781 2013 1820 Postea
2035 1783 2242 1822 Helmstad.

1209 1835 1371 1867 Meretur
1394 1829 1486 1868 hanc
1506 1843 1628 1868 curam
1650 1831 1791 1880 longam
1814 1841 1858 1870 ω’
1879 1832 2068 1872 caritatem
2089 1849 2103 1879 3
2134 1834 2234 1872 Arn-

1207 1893 1290 1919 zcn.
1310 1882 1436 1930 peiore
1457 1881 1576 1920 modo
1600 1883 1730 1920 turbat.

1257 1945 1275 1980 ς
1309 1939 1425 1981 Neque
1443 1933 1538 1971 enim
1561 1935 1681 1983 potuit
1704 1932 1774 1972 effe
1791 1942 1851 1982 per
1876 1946 1922 1971 m.
1945 1933 2026 1982 aa]
2057 1936 2235 1985 Optimus

1207 1994 1413 2032 omnesque
1431 1984 1547 2033 scripti
1566 1986 1604 2022 &
1625 1984 1692 2022 Ed.
1714 1985 1803 2023 Vct.
1825 1996 1910 2022 cum
1945 1985 2115 2036 Gryphio
2136 1999 2144 2024 ε
2175 2002 2238 2027 ne-

1206 2046 1271 2082 que
1293 2035 1388 2072 enim
1412 2033 1482 2072 effe
1506 2036 1624 2084 potuit
1642 2045 1699 2084 per
1724 2049 1839 2073 meam
1862 2045 2030 2073 aetatem.

1256 2085 1278 2120 6
1307 2089 1398 2122 Erat
1419 2098 1486 2122 non
1500 2085 1699 2134 studiorum
1721 2097 1868 2124 tantum
1892 2085 1992 2135 cet.]
2020 2087 2112 2125 Non
2134 2088 2237 2127 aliter

1205 2134 1324 2173 codex
1358 2137 1545 2185 primarius
1571 2164 1581 2180 ‚
1621 2136 1773 2175 Helmst.
1808 2137 1936 2174 Oxon.
1962 2137 2075 2175 Arnz.
2104 2142 2142 2177 ὃ(
2166 2139 2238 2178 Ed.

1204 2185 1291 2224 Vet.
1316 2197 1403 2224 cum
1425 2187 1603 2236 plerisque
1624 2188 1808 2237 impressis.
1860 2188 1914 2225 At
1934 2187 2039 2225 Vofl'.
2063 2200 2146 2226 cum
2171 2191 2237 2227 Al-

1207 2235 1277 2273 do:
1307 2242 1404 2274 Erat
1427 2250 1496 2274 non
1512 2237 1747 2287 studiosorum
1770 2248 1917 2274 tantum
1943 2264 1954 2280 ,
1981 2251 2108 2274 verum
2127 2240 2235 2275 etiam

1197 2284 1396 2332 studiorum
1418 2287 1688 2334 amantissimus.
1728 2288 1818 2324 Eam
1854 2287 2134 2325 collocationem
2169 2289 2236 2325 fal-

163 2345 184 2369 2
216 2339 262 2370 Et
282 2348 334 2371 me
353 2336 566 2386 consularem
588 2335 643 2383 effe
659 2334 885 2383 musetum]
917 2336 973 2373 Sic
986 2337 1131 2385 pendeo
1206 2335 1280 2374 sam
1304 2336 1398 2380 effe,
1427 2337 1580 2375 ostendit
1602 2337 1730 2374 auctor
1755 2337 1833 2373 Lib.
1847 2336 1914 2373 IV.
1929 2335 2233 2383 Epatxxwll.

115 2381 240 2421 dubius
256 2413 266 2429 ,
292 2385 530 2435 sollicitusque
550 2387 594 2424 de
616 2386 715 2422 exitu
736 2385 836 2427 sum,
865 2394 902 2422 ut
924 2387 1130 2427 candidatus
1207 2397 1242 2422 n.
1273 2399 1306 2423 2.
1345 2387 1479 2423 Deinde
1513 2388 1580 2423 tibi
1614 2387 1814 2424 studiorum
1835 2387 1982 2433 summa
2005 2389 2204 2427 reverentia
2220 2416 2238 2437 ,

113 2435 184 2482 ipse
210 2438 328 2482 potius
354 2466 364 2480 ,
392 2440 429 2474 8<
454 2447 574 2485 petere
596 2447 655 2471 mi
684 2435 838 2472 iuratum
860 2463 870 2476 ‚
905 2447 1015 2485 quam
1039 2450 1130 2476 con-

114 2484 226 2523 sulatu
243 2487 320 2533 jam
345 2486 538 2525 defunctus
559 2487 648 2523 mihi
672 2485 804 2522 videar.
835 2486 933 2523 Nam
958 2489 1130 2534 Consula-

113 2548 162 2572 res
178 2563 188 2578 .
216 2538 276 2584 qui
301 2537 506 2584 magistratu
527 2549 573 2576 eo
597 2535 711 2573 t'une‘ti
733 2534 844 2574 effent
864 2563 876 2581 ,
912 2535 1129 2577 dicebantur.

114 2584 320 2623 Bucunen.

166 2648 184 2686 3
215 2637 344 2687 Rursus
362 2637 491 2686 mihil]
522 2638 711 2676 Editiones
733 2638 953 2676 recentiores
974 2642 1129 2686 praemi-

114 2685 222 2726 strant
243 2716 253 2731 ‚
292 2701 377 2726 nam
411 2689 529 2736 rursus
555 2717 565 2733 ,
603 2698 675 2727 σε.
707 2687 765 2725 sed
797 2699 872 2724 non
897 2698 938 2724 ea
961 2690 1070 2727 etiam
1094 2693 1128 2729 in

113 2736 184 2775 Pal.
204 2747 265 2775 aut
285 2739 423 2777 vetuste
446 2738 542 2776 cusis.
582 2739 615 2775 G
632 2752 656 2775 R
671 2751 694 2774 u
712 2752 733 2776 τ
750 2751 770 2775 ε
784 2752 821 2775 R.
861 2737 1022 2776 Palatino
1047 2741 1128 2779 MS.

117 2787 357 2827 adsentiuntur
377 2791 483 2828 MSS.
503 2789 610 2826 nostri
633 2790 850 2826 recentiores
878 2816 888 2831 ,
918 2796 957 2825 ut·
978 2789 1130 2839 semper.

120 2838 172 2875 At
202 2840 238 2876 in
270 2840 480 2878 Veterrimo
516 2846 614 2876 Nam
636 2840 790 2887 legitur,
817 2837 920 2888 quod
938 2850 1129 2889 propterea

125 2899 327 2936 expungere
349 2902 424 2927 non
448 2893 562 2939 potui.

173 2948 196 2982 4
218 2939 317 2985 Quo
347 2941 494 2978 decurri.
520 2942 534 2988 l
572 2940 716 2989 Quibus
747 2940 890 2978 functus
925 2943 1013 2977 lum.
1042 2942 1132 2980 Sunt

128 2985 235 3024 etiam
258 3013 269 3030 ¹
300 2990 361 3037 qui
391 2990 436 3028 sic
465 2991 679 3040 distinguant
704 3020 714 3035 ,
752 2992 872 3039 rursus
903 2989 989 3028 mihi
1012 2992 1133 3031 videor

127 3035 327 3091 consularis
341 3065 351 3081 ,
376 3040 411 3077 id
431 3041 478 3079 est
500 3043 646 3089 ancujus
659 3042 905 3080 auctoritatis:
936 3043 1021 3091 quia
1033 3054 1135 3091 prac-

125 3083 285 3133 dlxefata
307 3099 456 3137 exercecr
478 3093 548 3142 spe.
579 3092 709 3133 deinde
730 3092 915 3146 sequentia
939 3091 1134 3140 ordinent,

1197 2436 1362 2484 fitmmus
1383 2449 1484 2473 amer
1505 2435 1758 2474 studiosorum.

1258 2498 1274 2534 7
1307 2487 1452 2523 Niceten
1474 2487 1730 2534 Sacerdotem.)¹
1766 2486 1844 2524 Alia
1863 2485 1888 2524 l.
1918 2486 2036 2524 Nicea.
2056 2486 2116 2526 sed
2150 2489 2239 2527 nul-f

1202 2535 1282 2574 lum
1308 2537 1534 2584 temporibus
1548 2537 1790 2585 Trajanialibi
1803 2537 1922 2586 legere
1934 2539 2098 2575 memini.
2128 2540 2239 2578 Nant-

1207 2588 1316 2626 Nicea
1352 2585 1628 2624 Atheniensium
1666 2587 1871 2636 Impcrator
1894 2616 1904 2630 ‚
1945 2588 1982 2625 &
2005 2589 2230 2635 Megzrenfis

1205 2639 1292 2676 alter
1311 2637 1524 2675 vetustiores
1546 2636 1703 2675 fuerunt.
1732 2640 1857 2686 Quare
1877 2638 2045 2676 lzbentius
2068 2640 2228 2686 legerem

1207 2688 1358 2726 Nicetem
1375 2705 1384 2725 .·
1417 2687 1548 2735 dequo
1563 2689 1698 2725 Seneca
1712 2689 1795 2727 Lib.
1812 2689 1839 2726 I.
1853 2689 2098 2726 Suasoriarum
2115 2717 2124 2731 ‚
2148 2695 2231 2727 Me-

1205 2739 1294 2775 mini
1315 2751 1387 2776 una
1411 2751 1469 2774 nos
1492 2737 1536 2773 ab
1567 2739 1746 2776 auditione
1773 2739 1911 2777 Nicetis
1939 2739 1988 2773 ad
2029 2738 2228 2787 messallam

1207 2790 1340 2838 veniffe.
1370 2790 1502 2825 Nicetes
1527 2787 1589 2825 suo
1611 2790 1752 2836 impetu
1775 2790 1880 2826 valde
1903 2789 2049 2826 Graecis
2069 2793 2225 2836 placuit:

1207 2840 1404 2888 quaerebat
1425 2850 1446 2875 a
1470 2839 1638 2878 Gallione
1655 2837 1814 2878 Messalla
1829 2868 1839 2883 ‚
1867 2839 1954 2888 quid
1977 2840 2023 2876 illi
2036 2839 2126 2876 visus
2139 2839 2227 2881 ess'et

1209 2891 1365 2927 Nicetes:
1399 2889 1518 2927 Gallio
1541 2891 1610 2933 ait,
1635 2889 1738 2939 plena
1760 2892 1842 2928 deo.-
1874 2889 2019 2938 quoties
2039 2889 2229 2928 audiverat

1207 2941 1366 2989 aliquem
1401 2952 1445 2977 ex
1474 2940 1529 2978 his
1564 2940 1866 2978 declamatoribus
1882 2968 1892 2983 ‚
1918 2950 2012 2987 quos
2035 2939 2230 2980 scholastici

1210 2991 1328 3028 caldos
1351 2998 1511 3034 vocant,
1538 2989 1656 3028 statim
1680 2989 1842 3030 dicebat.
1867 2989 1971 3036 plena
1994 2990 2066 3026 deo.
2095 2991 2226 3028 Addu-

1209 3042 1285 3079 bito
1319 3050 1444 3079 tamen
1477 3044 1562 3079 eum
1587 3051 1663 3079 non
1686 3048 1830 3079 tantum
1852 3039 1975 3078 vixisse
1992 3068 2002 3084 ,
2030 3048 2069 3076 ut
2090 3052 2109 3077 a
2131 3042 2229 3079 (jae-

1210 3093 1293 3146 cilio
1315 3092 1427 3133 auditi
1448 3094 1618 3142 potuerit.
1657 3090 1812 3132 Car-An.
1852 3093 1997 3132 Niceten
2009 3092 2222 3142 sacerdotem

2127 3148 2258 3187 ’.ῖὲῐῖῶῆ-

2293 503 2314 553 3
