2616 3686
566 188 1683 245 .LIBER'I.EPISTOLA
1747 199 1815 246 V.
2162 217 2222 255 ¹9

141 296 158 320 ³
197 284 470 341 haereret,
506 275 660 346 quod
698 278 752 331 in
790 273 1184 330 Centumvirali
1225 271 1427 336 iudicio
1466 274 1755 342 aliquando
1795 276 2002 331 dixisset
2032 314 2048 339 ,
2091 293 2220 331 cum

143 351 426 425 respondet
450 349 581 403 mihi
611 349 660 401 ἃ
694 353 711 372 ²
734 348 910 402 Satrio
937 345 1123 409 Rufo,
1164 349 1177 377 ³
1203 344 1421 399 Satrius
1444 347 1625 413 Rufus
1654 385 1669 409 ‚
1712 345 1768 402 65
1793 350 1878 400 cui
1905 348 1972 417 est
1996 366 2107 401 cum
2137 348 2224 399 Ci-
2259 403 2264 410 ,

143 442 318 481 cerone
331 421 612 476 aemulatio
639 438 651 475 :
698 425 754 476 ἐφ’
779 420 872 490 qui
893 430 1164 473 contentus
1187 435 1282 472 non
1310 416 1376 487 est
1399 419 1694 491 eloquentia
1706 422 1876 489 st’culi
1902 420 2074 487 nostri.
2115 419 2226 472 Re-

144 496 361 569 spondi,
400 511 543 549 nunc
569 509 654 546 me
678 491 973 562 intelligere
1008 492 1239 561 maligne
1263 489 1500 554 dictum,
1539 492 1663 564 quia
1703 493 1809 562 ipse
1846 492 2228 545 coni-iteretur:

144 584 419 625 caeterum
444 563 665 638 potuiffe
699 560 1060 618 honorificum
1097 563 1398 618 existimari.
1437 563 1531 619 Est
1571 567 1588 592 ⁴
1613 564 1790 627 enim,
1830 567 2071 636 inquam,
2099 561 2230 615 mihi

146 660 270 698 cum
301 641 570 693 Cicerone
592 636 902 690 aemulatio:
944 635 955 660 ⁵
981 654 1085 691 nec
1110 637 1222 691 sum
1253 649 1542 691 contentus
1557 634 2230 708 eloquentiaieculinostri.

147 716 287 770 Nam
327 708 678 766 stultissimum
715 709 883 764 credo
907 747 923 771 ,
973 710 1041 764 ad
1066 708 1386 763 imitandum
1414 722 1432 746 ⁶
1458 726 1568 763 non
1595 710 1800 780 optima
1829 726 2076 781 quaeque
2104 723 2229 778 pro-

151 800 369 858 ponere.
445 782 552 837 Sed
589 794 646 835 tu
671 819 686 844 ,
723 782 815 853 qui
862 783 1016 849 hujus
1059 782 1240 854 judicii
1280 781 1566 835 meministi
1591 819 1605 843 ‚
1645 800 1740 834 cur
1767 783 1902 836 illius
1928 782 2123 835 oblitus
2147 795 2228 840 eS.

153 861 206 914 in
231 872 340 927 quo
364 871 449 909 me
475 853 836 925 interrogasti,
878 855 1011 927 quid
1039 857 1108 909 de
1138 855 1300 910 Metii
1329 852 1566 907 Modesti
1585 854 2079 922 pietatesentirem?
2121 850 2232 905 Ex-

152 929 331 1002 palluit
358 927 687 982 notabiliter:
728 930 971 997 quamvis
995 932 1011 958 ⁷
1037 929 1221 998 palleat
1251 925 1459 997 semper
1498 944 1509 979 :
1551 921 1568 948 ³
1586 925 1638 978 &
1657 924 2064 980 haefitabundus
2091 964 2108 989 ,
2153 925 2235 978 in-

149 1000 295 1073 quit,
340 1000 693 1071 Interrogavi,
730 1017 837 1053 non
863 1014 921 1054 ut
948 1000 1042 1054 tibi
1069 1017 1354 1062 nocerem,
1394 998 1483 1053 sed
1514 1011 1573 1053 ut
1602 997 1879 1054 Modesto,
1962 999 2107 1052 X'ide
2133 996 2235 1050 ho-

150 1073 304 1127 minis
329 1073 730 1128 crudelitatem:
771 1072 864 1145 qui
888 1073 940 1126 se
965 1091 1071 1127 non
1100 1071 1389 1127 diffimulet
1416 1072 1585 1126 ⁹exuli
1604 1087 1805 1125 nocere
1822 1070 2057 1125 voluisse.
2097 1067 2231 1124 Sub-

149 1144 318 1219 iunxit
344 1149 618 1220 egregiam
648 1145 870 1200 causam.
947 1146 1191 1218 Scripfit,
1228 1146 1432 1216 inquit,
1468 1145 1523 1197 in
1549 1143 1766 1216 epistola
1789 1143 2019 1216 quadam
2046 1181 2062 1207 ‚
2099 1157 2239 1269 qua}

2094 1232 2193 1287 apu

156 1315 223 1354 pro
243 1306 376 1355 penitus
401 1332 411 1349 ,
440 1306 598 1344 malebat
618 1306 781 1346 Barthius
801 1306 876 1345 fine
908 1306 1039 1345 cauffa.
1091 1306 1176 1345 Nec

159 1357 290 1396 melius
314 1358 471 1395 Arnzen.
488 1358 703 1402 inhaereret,
732 1370 798 1406 pro
817 1359 980 1396 haereret.

212 1420 228 1445 1
263 1410 401 1445 penitus
431 1408 619 1458 haereret.]
666 1409 785 1447 Valde
814 1420 851 1447 in
880 1420 966 1448 eum
1000 1408 1177 1446 irascerer.

160 1461 307 1496 Haerere
333 1460 451 1495 animo
480 1459 648 1498 dicuntur
682 1459 898 1500 maledicta,
927 1473 969 1498 ac
997 1460 1152 1506 injuriae
1169 1486 1179 1504 ‚

159 1510 313 1556 quando
336 1511 355 1548 a
380 1521 563 1548 memoria
585 1522 774 1560 nunquam
793 1511 979 1548 recedunt.
1023 1511 1178 1546 Cerau-

213 1572 235 1597 2
264 1561 376 1597 Satrio
412 1560 537 1608 Ruse.]
569 1562 798 1598 Advocato:
838 1572 949 1606 quem
984 1559 1043 1595 lib.
1074 1559 1179 1595 Vlll.

160 1618 439 1646 commemorat
456 1620 524 1655 pro
542 1610 694 1645 Publico
713 1610 828 1646 Certo
848 1609 1029 1656 quaedam
1053 1607 1179 1646 dixiffe

164 1660 202 1695 in
225 1659 359 1696 Senatu
378 1658 567 1706 ambigua:
598 1659 634 1695 ὃ(
658 1658 759 1707 aquis
779 1658 929 1705 publicis
950 1658 1176 1707 praefectum

166 1709 313 1746 testatur
328 1708 439 1754 Julius
464 1708 656 1745 Frontinus
701 1709 751 1744 11:
765 1719 786 1744 ε
801 1721 840 1744 m.

219 1771 238 1808 3
271 1761 402 1797 Satrius
437 1763 568 1801 Rufus,
621 1757 675 1793 cui
703 1758 744 1802 est
764 1784 774 1800 ‚
800 1756 895 1806 ceta]
935 1756 1177 1795 Scribendum

169 1811 305 1847 Satrius
331 1812 438 1857 Rufus
461 1837 472 1854 ,
488 1820 530 1847 υ
545 1808 597 1844 cui
615 1807 668 1852 est.
689 1807 913 1852 Cnsaursou.
941 1807 1179 1845 Casaubonus

169 1861 272 1905 vult,
299 1872 340 1899 ω’
367 1862 419 1897 cui
445 1861 486 1905 el!
508 1886 519 1903 ,
539 1870 674 1907 nempe
695 1867 732 1896 ut
753 1860 796 1896 ad
817 1858 971 1897 Plinium
994 1860 1104 1896 tacite
1125 1870 1179 1896 re·

172 1911 320 1952 feratur.
375 1913 495 1949 Probo
521 1926 532 1954 ;
559 1912 605 1948 ita
627 1921 787 1958 namque
806 1910 957 1958 exigunt
976 1910 1183 1959 sequentia:

176 1961 220 2004 cll
239 1962 330 1997 enim
350 1960 438 1998 mihi
458 1975 533 1998 cum
554 1960 710 1997 Cicerone
719 1960 927 2006 aemulatio,
957 1973 1049 2008 quae
1063 1960 1181 1997 osten-

179 2011 269 2049 dunt
293 2012 446 2050 Plinium
470 2012 516 2047 de
536 2010 571 2048 se
594 2010 806 2050 intellexiste
828 2011 935 2050 diRa.
965 2011 1183 2050 Scelerati«.

1272 1317 1292 1352 ς
1325 1311 1406 1343 Non
1423 1316 1602 1343 contentus
1619 1305 1816 1356 eloquentia
1833 1304 1937 1348 nostri
1949 1302 2090 1353 seculi]
2122 1302 2242 1341 Itoni-³

1219 1366 1262 1393 ce
1297 1355 1450 1394 dictum.
1503 1359 1616 1395 Erant
1641 1357 1751 1394 seculi
1781 1356 1885 1394 Plinii
1917 1364 2082 1393 oratores
2103 1354 2140 1391 in
2164 1353 2242 1391 elo-

1219 1410 1370 1454 quentia
1404 1407 1569 1445 minores
1590 1434 1599 1449 ,
1638 1418 1750 1456 quarn
1782 1415 1900 1444 ante:
1945 1405 2049 1454 quod
2088 1405 2243 1442 Tacitus

1218 1456 1423 1495 luculenter
1444 1457 1579 1496 diflerit
1598 1456 1644 1494 de
1664 1457 1776 1495 causis
1790 1466 1984 1505 corruptae
1994 1456 2243 1504 eloquentiae.

1221 1507 1380 1545 (ΣΑτΑΝ.

1273 1558 1296 1592 6
1325 1562 1406 1592 Non
1433 1558 1561 1606 optima
1591 1570 1742 1608 quaeque
1762 1554 1982 1607 proponere.]
2023 1556 2175 1593 Secutus
2194 1551 2246 1591 est

1219 1605 1401 1653 judicium
1425 1609 1672 1656 praeceptoris
1697 1608 1915 1655 Quintil-ani
1937 1610 1972 1643 in
2001 1603 2246 1642 Institutioni-

1222 1657 1301 1693 bus:
1338 1668 1435 1703 prius
1460 1665 1586 1694 tamen
1614 1659 1688 1694 hoc
1707 1657 1887 1705 scripserat
1907 1658 2046 1694 Seneca
2062 1683 2070 1698 ,
2099 1656 2137 1691 ὃ(
2159 1661 2246 1691 ante

1223 1717 1308 1742 eum
1334 1707 1391 1744 M.
1410 1706 1555 1744 Tullius
1577 1707 1623 1744 de
1644 1716 1790 1744 oratore
1801 1708 1894 1745 libro
1906 1706 2087 1744 secundo:
2119 1707 2246 1753 Qae,

1221 1764 1339 1806 mqutt
1379 1785 1391 1802 ,

1221 1807 1339 1844 lnam.

1277 1869 1294 1901 7
1328 1859 1465 1897 Palleat
1489 1856 1658 1907 semper]
1698 1859 1755 1896 Sic
1781 1860 1874 1899 libro
1895 1860 1998 1898 sexto
2019 1858 2065 1896 de
2095 1857 2250 1896 eodem:

1224 1909 1342 1948 Pallor
1361 1910 1410 1948 est
1429 1911 1612 1948 malorum
1638 1921 1787 1948 morum
1810 1911 1918 1949 index
1942 1939 1951 1954 ‚
1989 1909 2099 1947 rubor
2126 1909 2248 1946 bono·

1226 1971 1321 1998 rum.
1357 1961 1489 2000 luem
1548 1960 1685 1998 Palleat
1705 1966 1836 2010 semper
1857 1990 1868 2008 ‚
1919 1969 2069 1999 vexatus
2098 1971 2118 1997 a
2152 1958 2248 1998 mala

1225 2011 1461 2050 conscientia.
1489 2012 1709 2049 Scnfirfen.

1446 1757 1604 1795 maxime
1651 1756 1823 1795 excellunt
1862 1786 1874 1803 ‚
1924 1757 2105 1795 imitanda
2149 1757 2249 1805 [unt.

176 2061 231 2100 Ita
269 2063 305 2100 &
334 2062 404 2108 Jac.
428 2061 637 2100 Perizonius
667 2061 793 2099 locum
823 2062 1045 2100 emendabat
1055 2079 1066 2107 ;
1095 2072 1179 2100 curn
1279 2064 1300 2101 8
1328 2068 1376 2100 Et
1397 2062 1667 2111 haefitabundus
1692 2063 1812 2111 inquit
1829 2091 1839 2106 ‚
1874 2061 2120 2111 interrogavi,
2148 2061 2246 2112 cet.]

177 2111 342 2159 vulgatae
366 2111 465 2150 Edd.
484 2113 668 2161 copulam
692 2113 764 2150 ET
785 2114 1003 2151 omitterent
1022 2142 1032 2157 ,
1070 2124 1181 2161 quam
1228 2113 1288 2150 Sic
1308 2115 1416 2152 MSS.
1436 2114 1546 2152 nostri
1568 2126 1718 2154 omneS.
1748 2115 1905 2157 Nescio.
1934 2115 1996 2163 qui
2019 2112 2156 2151 factum
2172 2140 2182 2157 ‚
2210 2122 2252 2151 ut

179 2163 295 2200 sensus
328 2164 363 2200 &
391 2162 562 2200 orationis
597 2174 712 2201 nexus
741 2163 931 2202 desiderat.
982 2165 1055 2202 Alii
1077 2166 1187 2205 Rufus
1229 2165 1389 2213 impreffi
1412 2176 1544 2202 omnes
1564 2165 1750 2213 Copulam
1772 2171 1815 2202 Et
1833 2167 2030 2208 omittant,
2058 2171 2250 2213 quaeram

181 2214 382 2256 omittunt;
409 2216 508 2262 quod
536 2223 661 2251 tamen
695 2215 731 2252 in
762 2214 864 2252 MSS.
885 2215 1018 2252 haeret.
1041 2217 1188 2252 Recen·
1231 2217 1436 2255 commode
1453 2216 1578 2254 locum
1600 2217 1706 2253 suum
1727 2225 1858 2254 tuetur.
1888 2216 2074 2252 l-lackiana
2099 2213 2251 2250 verbum

181 2264 291 2302 tiore>
326 2264 426 2302 MSS.
454 2266 508 2301 cui
535 2276 611 2303 non
640 2264 683 2309 est
710 2277 787 2302 cum
806 2265 963 2303 Cicerone
977 2265 1189 2309 aemulatio,
1232 2266 1347 2316 inquit
1369 2269 1515 2315 ignorat
1534 2294 1543 2309 ,
1570 2266 1671 2313 quod
1697 2269 1828 2304 meiius
1848 2267 1997 2315 quidem
2014 2293 2023 2306 ,
2052 2274 2163 2311 quarn
2185 2264 2248 2301 ista

184 2324 229 2352 <7
250 2315 309 2364 qui
328 2324 502 2352 contentus
519 2316 561 2362 est
575 2315 767 2363 eloquentia
782 2317 908 2363 saeculi
929 2316 1032 2361 nostri
1051 2345 1062 2361 ,
1090 2316 1191 2354 sensu
1232 2318 1406 2364 particula
1422 2346 1430 2361 ,
1460 2317 1616 2359 exsulat;
1647 2324 1682 2352 at
1699 2327 1825 2354 contra
1845 2317 2020 2353 librorum
2041 2314 2150 2351 fidem
2173 2325 2251 2351 non

186 2366 295 2403 nimis
325 2374 471 2404 remoto
494 2393 504 2409 ,
550 2365 573 2403 fi
602 2365 758 2403 Plinium
792 2374 939 2415 tangere
969 2367 1087 2404 voluit
1109 2392 1121 2410 ‚
1159 2368 1195 2402 ὃς
1235 2377 1310 2404 erat
1331 2367 1614 2405 exv-rudendum.
1645 2367 1793 2403 Deltae
1816 2361 2254 2414 Lindenbr.&Voss.sed

187 2415 333 2452 alieno:
363 2428 445 2454 cum
469 2417 636 2464 proxime
658 2415 893 2464 sequentiam
918 2418 1023 2453 Plinii
1051 2418 1194 2463 respon·
1237 2418 1406 2461 Modesto,
1433 2417 1506 2454 {ine
1531 2415 1702 2462 particula
1723 2427 1773 2452 ut.
1792 2417 1948 2453 Come.

190 2464 293 2503 sione
318 2467 411 2503 ahud
433 2467 613 2509 doceant,
643 2475 680 2501 ut
706 2477 815 2502 naret·
839 2492 851 2509 ,
876 2466 976 2502 istam
998 2465 1196 2501 lectionem
1288 2479 1308 2512 9
1341 2467 1445 2502 Eruli
1473 2463 1622 2512 nocere]
1661 2465 1920 2514 significanter.
1948 2466 1982 2503 id
2007 2465 2055 2502 est
2071 2494 2080 2508 ,
2105 2466 2160 2509 ei,
2189 2466 2253 2515 qui

187 2515 420 2562 depravatam
444 2518 584 2561 placere
606 2513 760 2562 potuiss'e
784 2516 854 2553 lac.
874 2514 1098 2552 Bononiensi
1123 2514 1200 2551 Ad·
1237 2514 1286 2551 ob
1304 2515 1379 2552 hoc
1402 2516 1516 2562 ipsum
1541 2517 1900 2554 commiserationem
1928 2518 1960 2553 ὅ(
1986 2516 2159 2553 auxilium
2176 2528 2256 2554 me·

187 2573 305 2603 notat.
321 2576 396 2612 cap.
418 2564 528 2601 XV11
569 2566 723 2602 (ἶοιιτε.
1238 2567 1405 2609 rebatur,
1434 2577 1509 2603 non
1536 2566 1649 2603 maius
1669 2577 1955 2604 nocumentum.
1983 2567 2052 2604 Sed
2077 2568 2255 2604 nimirum

241 2627 265 2662 4
295 2615 437 2662 Enim]
467 2614 530 2652 At.
554 2613 601 2651 fic
622 2615 847 2653 Terentius:
875 2617 979 2653 Enim
991 2613 1204 2664 nmfinam:
1240 2616 1309 2652 tale
1327 2617 1460 2653 horum
1491 2616 1538 2653 est
1560 2617 1746 2664 ingenium
1765 2646 1774 2661 ,
1803 2626 1841 2655 ut
1861 2618 1989 2656 nullius
2010 2629 2256 2667 quantacum-

188 2676 255 2715 pro
287 2676 325 2701 at
356 2678 422 2701 non
443 2663 587 2713 finam,
623 2666 659 2703 ἃ
684 2666 912 2708 Diomedes.
942 2667 1084 2712 inquit,
1113 2666 1204 2702 enim
1241 2677 1312 2712 que
1339 2667 1544 2704 calamitate
1571 2667 1725 2705 satietur.
1759 2669 1792 2705 id
1825 2669 1926 2716 quod
1963 2671 2062 2717 supra
2100 2679 2252 2716 quoque

189 2715 262 2753 effe
287 2716 581 2763 interjectionem
608 2727 692 2753 cum
713 2718 887 2755 intentius
899 2717 1035 2766 aliquld
1047 2717 1200 2753 demon-
1220 2703 1226 2767 l
1247 2718 1388 2754 monui.
1442 2719 1659 2755 Scnerren.
1715 2719 1915 2756 Helmssad.
1932 2720 2091 2756 Ain-zen.
2112 2719 2256 2757 Bodlei.

190 2766 339 2804 tiramus
362 2780 370 2804 ε
409 2779 453 2803 ex
478 2766 606 2813 quibus
630 2778 776 2814 apparet
795 2781 869 2806 non
895 2769 1035 2815 semper
1055 2768 1206 2803 reddere
1224 2771 1226 2782 '
1243 2779 1274 2803 2.
1298 2766 1430 2804 homini
1448 2768 1557 2817 exsuli
1578 2795 1587 2811 ,
1616 2769 1654 2804 ὃ(
1677 2770 1879 2806 l-lelmstad.
1900 2779 2081 2816 practerea
2101 2769 2175 2807 hoc
2193 2781 2256 2806 or·

195 2817 349 2854 causam.
377 2817 529 2855 CATAN.
556 2817 746 2855 Mediceus
767 2819 840 2857 hoc
859 2820 1011 2856 ordine:
1042 2816 1098 2863 Est
1113 2817 1205 2853 enim
1225 2818 1328 2854 'cl-'ne
1354 2831 1362 2854 :
1402 2831 1514 2856 nocere
1540 2819 1684 2856 homini
1720 2820 1826 2864 exsuli
1857 2822 2009 2870 volurffe.
2064 2821 2256 2868 hleganter

203 2868 313 2911 mihi,
340 2869 516 2917 inquam,
545 2881 620 2905 cum
638 2875 676 2906 C.
698 2882 748 2906 ae.
769 2870 879 2918 Supra
893 2867 1093 2907 Helmstad.
1124 2879 1207 2904 cete·
1243 2871 1342 2904 homo
1371 2870 1467 2913 exsul
1493 2899 1503 2913 ,
1530 2871 1728 2916 quomodo
1757 2869 1851 2920 apud
1871 2872 2038 2909 Tullium
2062 2870 2160 2907 bomo
2177 2871 2255 2918 gla-

205 2928 280 2953 rum
300 2928 389 2964 puto
411 2918 631 2966 honorificum
658 2933 714 2958 ex.
740 2921 902 2959 Arnzen.
926 2929 1006 2970 puto
1035 2918 1115 2967 effi,
1145 2929 1210 2965 pro
1242 2919 1380 2962 diasat,
1409 2921 1503 2967 apud
1534 2920 1700 2967 Crispum
1731 2921 1883 2958 homines
1910 2921 2148 2966 adolescentes,
2177 2933 2256 2957 mu.

205 2968 343 3016 potuiffe.
360 2969 525 3019 Bongats.
543 2971 755 3016 existimare.
783 2981 892 3019 atque
912 2973 962 3010 ita
980 2971 1090 3008 etiarn
1126 2969 1194 3005 Ric
1245 2969 1303 3004 lier
1328 2970 1480 3013 ancilia,
1509 2971 1603 3018 apud
1631 2971 1778 3010 Fabium
1798 2972 2029 3017 homohostis‚
2059 2972 2153 3020 apud
2167 2971 2256 3008 alios

211 3015 392 3057 cardianus
421 3022 513 3058 bene
546 3023 715 3059 vetustus.
741 3023 906 3063 Voffian.
937 3033 1082 3061 ceterum
1099 3019 1212 3070 potius
1244 3021 1308 3057 alia
1324 3048 1333 3063 ,
1362 3021 1408 3058 de
1424 3022 1554 3072 quibus
1581 3020 1625 3057 ad
1650 3022 1763 3069 Crispi
1788 3024 1826 3061 B.
1850 3024 1929 3071 lug.
1953 3035 2030 3072 cap.
2051 3024 2133 3060 ΧΗ.
2155 3035 2191 3060 n.
2222 3034 2256 3069 ς.

205 3062 422 3114 rhonorificum
434 3072 534 3121 suiffe
544 3073 749 3121 existimare.
1229 3071 1300 3175 111³
1320 3071 1464 3114 Arrian.
1478 3072 1566 3114 Lib.
1588 3071 1635 3110 11.
1658 3073 1828 3162 Exfgdgt.
1853 3086 1934 3124 pag·
1964 3085 2023 3122 70.
2052 3075 2176 3115 ἄλλως
2193 3082 2258 3159 ’‘⁶2“

2285 430 2340 466 17.
