2616 3686
299 233 409 307 s748
527 235 589 286 C.
644 220 1044 282 21²·L1N11
1111 217 1627 273 CAECILII
1692 215 2210 276 SECUNDI

562 380 839 443 XXXIX.
915 377 1134 435 XXXI.
1208 376 1751 443 Tananus
1828 366 2226 432 Pn1uio..

725 530 1027 606 Respondet,
1060 540 1264 601 poenam
1287 519 1618 598 irrogandam
1641 518 1730 593 effe
1756 518 2076 597 delinquenti.

432 684 700 740 Ecundum
720 679 964 734 mandata
991 695 1100 732 mea
1110 676 1241 752 fiecit
1266 676 1586 750 Sempronius
1608 669 1902 736 Caelianus,
1923 668 2255 731 mittendoad
2280 680 2328 726 te
2349 688 2422 727 eos
2439 712 2456 738 ‚

433 762 490 816 de
517 760 696 834 quibus
727 755 939 830 cognosci
965 754 1323 827 oportebat,an
1345 756 1362 782 ¹
1379 746 1896 824 capitalesupplicium
1927 745 2459 817 meruiffevideantur.

331 852 350 874 ²
376 835 557 911 Refert
577 845 745 888 autem
761 870 778 895 ,
818 829 1167 902 voluntarii-fii
1188 825 1461 881 obtulerint
1482 863 1498 888 ‚
1541 842 1608 878 an
1628 820 1742 876 loeti
1761 819 1890 888 sint,
1931 822 2018 877 vel
2043 834 2194 877 etiam
2215 828 2232 857 ³
2259 825 2454 876 vicarii

283 934 316 968 2
332 914 457 968 dati.
539 909 687 964 Leni·
709 905 917 978 “stfiint
937 943 953 967 ‚
990 903 1240 978 inquisitio
1258 902 1489 974 peccavit
1509 921 1526 952 ,·
1560 898 1617 969 fi
1636 899 1824 950 vicarii
1850 896 1961 951 dati
1983 936 1999 960 ‚
2053 912 2193 970 penes
2214 915 2288 950 eos
2310 895 2453 971 culpa

329 989 392 1059 eli
414 989 502 1060 qui
525 985 804 1045 dederunt,
831 980 881 1050 fi
901 979 1016 1054 ipsi,
1059 997 1169 1033 cum
1191 976 1431 1031 haberent
1451 971 1743 1028 conditionis
1750 969 1879 1043 suae
1903 971 2274 1045 conscientiam,
2314 988 2464 1026 vene-

326 1073 477 1127 runt,
517 1056 1024 1133 animadvertendum
1047 1058 1100 1109 in
1116 1053 1224 1108 illos
1256 1055 1371 1106 erit.

383 1288 414 1315 ι.
442 1274 604 1325 Capitale
626 1272 827 1324 supplicium
849 1269 997 1319 meruiffi
1014 1267 1246 1313 videantur.'l
1273 1265 1355 1304 No-

323 1327 482 1366 tandum
504 1326 562 1363 hic
591 1325 742 1362 verbum
764 1322 956 1360 videantur
981 1348 993 1365 ,
1026 1319 1130 1366 quod
1149 1317 1285 1366 respicit
1311 1316 1357 1353 ad

325 1378 527 1417 formulam
548 1384 711 1414 veterem
733 1373 1000 1411 sententiarum.
1024 1369 1141 1417 Judex
1160 1371 1259 1408 enirn
1279 1378 1358 1405 non

327 1428 533 1477 simpliciter
560 1426 700 1464 dicebat
731 1425 768 1462 in
793 1424 966 1462 sententia
992 1420 1129 1470 capitali
1154 1421 1200 1458 ad
1226 1430 1356 1462 reum,

321 1479 435 1529 fecisti
466 1506 477 1523 ,
534 1476 592 1514 vel
645 1485 788 1526 poenam
833 1474 924 1510 hanc
957 1482 1021 1509 aut
1067 1471 1166 1509 illam
1214 1470 1357 1508 meritus

331 1545 364 1568 es
378 1547 389 1568 .-
416 1529 499 1574 sed,
527 1526 659 1564 Videris
680 1525 789 1575 seciffe
809 1552 820 1570 ‚
846 1525 936 1562 item
958 1521 1087 1561 Videris
1106 1522 1196 1558 hanc
1211 1530 1356 1570 poenam

327 1579 488 1629 merm'ffi‘.
539 1578 622 1615 Hac
642 1576 687 1615 de
704 1588 742 1614 re
762 1575 926 1620 videatur
946 1570 1136 1612 Briffonius
1155 1572 1200 1610 de
1219 1572 1358 1609 formu-

328 1632 369 1670 lis
389 1630 515 1680 populi
538 1630 721 1671 Romani,
752 1628 789 1665 δε
817 1627 987 1675 Cujacius
1012 1625 1052 1662 in
1078 1623 1267 1662 Observat.
1292 1633 1361 1660 nec

330 1693 407 1720 non
420 1681 534 1719 Franc
567 1678 808 1717 Duarenusin
822 1675 1076 1715 Anniversariis
1085 1675 1260 1723 Disputat.
1286 1674 1362 1721 Qui

326 1743 462 1770 ornnes
494 1730 683 1768 observant
717 1728 929 1776 singularem
953 1734 1118 1764 veterum
1144 1723 1360 1764 modestiam

332 1784 372 1821 in
396 1784 462 1821 hac
486 1781 644 1819 formula
671 1777 852 1817 usitatam.
898 1779 957 1815 Rx
973 1790 996 1815 τ
1009 1789 1070 1814 ΤΕ
1084 1789 1105 1814 n
1123 1790 1138 1814 s
1151 1788 1177 1814 H
1190 1788 1213 1812 υ
1232 1789 1262 1812 s.
1309 1777 1362 1813 Ita

325 1834 440 1873 etiam
462 1832 590 1870 Plinius
616 1830 718 1879 supra
744 1830 828 1867 Lib.
846 1828 898 1867 V.
925 1827 1034 1877 Epist.
1052 1826 1082 1864 Ι.
1106 1838 1142 1864 n.
1164 1827 1200 1862 6.
1225 1839 1266 1863 ex
1287 1838 1363 1862 con-

317 1884 396 1938 filii
411 1882 587 1934 sententia
609 1881 751 1918 videtur
775 1907 785 1923 ‚
820 1879 965 1929 inquam
989 1905 1001 1923 ,
1029 1878 1185 1915 Curiane
1204 1903 1215 1920 ‚
1251 1887 1365 1913 mater

328 1945 396 1974 tua
407 1933 517 1985 justas
538 1930 689 1982 habuisse
708 1929 837 1978 caussas
861 1928 1033 1979 irascendi
1063 1927 1135 1967 tibi.
1162 1927 1249 1966 Vet.
1268 1926 1363 1965 Edit.

331 1997 410 2024 non
429 1984 599 2036 oportebat
616 1982 676 2020 sed
696 1979 868 2031 oportebit.

382 2049 420 2075 2.
448 2037 563 2082 Refert
584 2044 724 2078 autem,
751 2030 948 2069 voluntarii
966 2027 1003 2078 se
1039 2027 1263 2078 obtuleritis]
1302 2027 1366 2066 An

329 2087 461 2137 sponte
481 2087 539 2123 sua
563 2084 709 2122 militiae
732 2093 876 2119 nomen
899 2080 1136 2124 dederint‚&
1155 2078 1201 2116 fic
1224 2077 1366 2115 fefelle-

331 2140 426 2180 rint3
454 2148 500 2173 an
518 2134 641 2172 habito
663 2132 802 2170 delean
827 2131 989 2180 cooptati
1007 2131 1045 2168 in
1067 2140 1244 2166 numeros
1267 2155 1277 2173 ,
1318 2139 1364 2165 an

332 2190 380 2228 ab
401 2188 474 2226 aliis
494 2185 652 2234 denique
673 2182 844 2220 substituti
863 2180 1011 2220 fuerint.
1033 2179 1062 2216 B
1076 2193 1100 2216 u
1113 2190 1137 2216 c
1149 2191 1173 2217 a
1186 2192 1210 2216 N
1225 2191 1244 2215 ε
1259 2192 1296 2216 R.

389 2250 424 2288 3.
453 2234 617 2284 vicarii]
647 2233 703 2271 Ut
722 2233 878 2271 aliorum
900 2232 996 2269 vices
1015 2229 1244 2268 sustinerent:
1270 2229 1370 2267 Mar-

335 2291 447 2333 tialis,
466 2290 547 2338 jam
569 2284 647 2322 volo
670 2283 816 2322 vicarius
833 2280 904 2331 effe.
934 2282 1059 2321 Livius
1078 2280 1219 2318 inbello
1231 2280 1368 2319 Punico

334 2339 453 2380 scribit
472 2337 588 2374 CCC.
614 2333 783 2373 militibus
801 2332 918 2371 Siculis
931 2359 942 2377 ,
971 2331 1027 2383 qui
1049 2330 1209 2369 nolebant
1237 2330 1370 2369 milita-

336 2405 374 2431 re
393 2419 403 2435 ‚
440 2388 582 2427 totidem
612 2386 762 2424 vicarios
789 2397 812 2421 a
839 2383 986 2432 Scipione
1011 2382 1111 2419 datos
1134 2397 1146 2417 .·
1175 2382 1209 2418 C
1223 2392 1245 2418 Α
1259 2394 1277 2417 τ
1297 2394 1318 2418 A
1333 2395 1370 2420 κ.

333 2443 384 2483 Et
403 2440 602 2489 vegetius:
623 2435 792 2485 Sedioiofin
809 2433 932 2472 milites
941 2432 1157 2473 continendos
1165 2431 1211 2470 ad
1220 2443 1374 2470 omnem

333 2491 550 2543 disciplinam
571 2486 755 2536 ariliffima
768 2485 956 2536 fiveritate
976 2483 1195 2522 tribunorum
1211 2482 1268 2519 vel
1281 2483 1376 2521 vica·

335 2544 488 2582 riorum.
514 2538 736 2577 Columella:
749 2537 897 2575 vicarius
909 2549 1001 2574 meae
1021 2534 1213 2582 diligentiae
1229 2535 1375 2580 succedit

335 2594 386 2638 is,
405 2592 465 2644 qus·
486 2605 539 2628 me
558 2589 694 2638 absente
711 2589 748 2626 in
767 2588 877 2624 locum
888 2584 1245 2636 meumsnbstituitur.
1271 2585 1374 2632 Apu-

334 2644 448 2693 lejus:
470 2639 590 2684 venisli
605 2640 749 2677 tandem
770 2638 952 2687 miserrimi
971 2636 1097 2674 laboris
1123 2635 1282 2674 vicarius.
1307 2634 1372 2673 Fa--·

335 2694 414 2733 bius
436 2703 581 2731 mortem
611 2690 752 2735 Alcestis
776 2688 944 2726 vicariam
962 2687 1152 2736 adpellavit
1169 2713 1180 2729 ‚
1216 2686 1300 2732 quia
1322 2687 1373 2724 vi-

338 2757 422 2784 cem
450 2742 615 2782 morituri
634 2741 751 2779 mariti
770 2739 881 2778 subire
911 2751 988 2776 non
1009 2737 1194 2776 recusavit.
1220 2738 1257 2773 &
1274 2735 1373 2774 idem

339 2796 517 2845 Apulejus
550 2792 628 2830 Lib.
650 2792 699 2828 11.
727 2790 863 2828 dixerat
883 2818 893 2835 ,
920 2789 1094 2827 vicariam
1112 2797 1172 2838 pro
1193 2801 1246 2825 me
1265 2786 1374 2825 lanie-

340 2858 435 2883 nam.
463 2846 592 2882 Horat.
611 2843 876 2891 defunc'iumque
896 2839 1071 2877 laboribus
1089 2837 1227 2890 aequali
1247 2849 1375 2876 recreat

332 2898 421 2945 sorte
432 2896 590 2933 vicarius.
618 2893 804 2930 CATAN.
829 2891 922 2929 adde
955 2889 1165 2928 Salmasium
1201 2886 1246 2928 ad
1278 2888 1375 2927 Tre-

340 2945 531 2984 belli-anum
549 2944 752 2981 Pollionem
773 2944 810 2979 in
831 2941 1044 2990 Regilliano.

1451 1047 1630 1123 Neque
1649 1049 1775 1100 enim
1802 1045 2022 1100 multum
2039 1047 2241 1118 interest
2264 1090 2277 1110 ,
2331 1046 2465 1120 quod

2343 1140 2465 1177 non-

1422 1271 1488 1317 pro
1507 1259 1683 1310 inquisitor
1701 1259 1837 1298 habent
1853 1259 1938 1299 Aldi
1955 1265 2106 1308 utraque
2120 1288 2130 1304 ‚
2141 1259 2271 1306 Juntae
2283 1288 2293 1306 ‚
2305 1260 2460 1301 Schure-

1423 1313 1485 1355 rir,
1512 1313 1561 1350 est
1583 1323 1649 1360 pro
1671 1310 1883 1361 inquifitore
1905 1338 1916 1355 ‚
1952 1317 1992 1347 ut
2015 1310 2101 1348 solet
2129 1310 2345 1349 abstractum
2367 1314 2457 1360 poni

1425 1373 1492 1410 pro
1521 1370 1695 1400 concreto
1716 1390 1725 1405 ,
1762 1361 1958 1412 quomodo
1988 1361 2068 1399 Lib.
2091 1362 2158 1399 [V.
2188 1361 2295 1410 Epist.
2318 1362 2460 1402 XXlV.

1429 1425 1465 1449 n.
1495 1425 1530 1450 2.
1565 1413 1763 1450 mortalitas
1792 1423 1858 1461 pro
1890 1410 2106 1450 mortalibus.
2142 1411 2223 1450 Lib.
2253 1412 2319 1450 VI.
2351 1413 2460 1463 Epist.

1427 1463 1652 1502 XXX111.n.
1676 1475 1711 1513 3.
1735 1465 1851 1512 ingens
1874 1461 2045 1512 utrimque
2062 1461 2255 1500 advocatio
2269 1489 2280 1508 ‚
2309 1473 2377 1512 pro
2394 1464 2462 1501 ad-

1426 1515 1558 1552 vocatis
1571 1542 1580 1557 ‚
1607 1522 1648 1551 ut
1669 1515 1777 1563 aliqui
1798 1514 2023 1552 exhibebant.
2046 1512 2169 1551 Florus
2188 1512 2268 1551 Lib.
2281 1513 2307 1550 l.
2328 1525 2405 1563 cap.
2415 1516 2464 1554 X.

1426 1568 1536 1613 princ.
1556 1565 1666 1614 Pulsis
1687 1577 1730 1602 ex
1751 1564 1832 1603 urbe
1849 1564 1986 1613 regibus
2001 1591 2010 1605 ‚
2025 1563 2060 1600 in
2083 1564 2220 1613 aliquot
2239 1563 2388 1603 MSCtis
2410 1578 2462 1603 re-

1424 1615 1512 1665 gnis.
1537 1615 1689 1654 Sueton.
1714 1616 1802 1652 Ner.
1822 1627 1899 1664 cap.
1920 1614 2096 1652 XXXVI.
2122 1627 2208 1665 quae
2222 1614 2373 1661 summis
2394 1626 2466 1664 po-

1429 1668 1606 1706 testatibus
1625 1666 1770 1704 exitium
1788 1665 1982 1715 portendere
2008 1666 2114 1712 vulgo
2133 1676 2288 1708 putatur.
2327 1665 2462 1703 Cicero

1431 1717 1538 1755 Vlll.
1566 1717 1673 1766 Epist.
1698 1717 1764 1754 lV.
1792 1728 1827 1754 n.
1851 1729 1885 1766 ς.
1920 1716 1957 1752 in
1977 1715 2160 1753 evitandis
2179 1716 2220 1753 iis
2235 1714 2399 1754 consiliis.
2415 1716 2462 1755 ibi

1431 1768 1514 1807 vide
1537 1768 1720 1807 Cortium.
1772 1767 1856 1805 Nec
1886 1765 1935 1805 est
1966 1774 2006 1803 ut
2034 1766 2289 1804 abhorreamus
2316 1777 2467 1804 eorum-

1429 1814 1516 1858 dem
1530 1819 1617 1869 sunt
1630 1817 1753 1867 ‚quod
1774 1818 1885 1856 etiam
1907 1824 2148 1866 propagarunt
2168 1817 2352 1865 Gryphius
2365 1844 2376 1860 ,
2389 1817 2464 1854 Ca-

1429 1871 1605 1908 saubonus
1619 1897 1629 1914 ,
1652 1871 1777 1907 Minos
1790 1869 1879 1912 ‚alii
1906 1869 2047 1905 Amant
2067 1875 2209 1906 veteres
2227 1866 2467 1907 sndicativum

1430 1922 1580 1971 jungere
1597 1921 1645 1968 τῷ
1659 1918 1703 1970 si.
1728 1920 1895 1968 Virgilius
1921 1919 1950 1957 l.
1975 1919 2073 1956 Aen.
2093 1929 2145 1956 vs.
2166 1918 2250 1968 546.

1484 2021 1519 2060 Si
1534 2034 1639 2071 genus
1657 2011 1855 2058 humanum
1876 2029 1919 2060 <9¹
1940 2019 2106 2058 mortalia
2124 2018 2416 2058 temnitis-arma.

1433 2122 1559 2160 Livius
1579 2121 1609 2160 1.
1633 2131 1712 2169 cap.
1734 2119 1837 2158 xm.
1863 2119 1887 2157 fi
1909 2098 2106 2171 adfinitatis
2121 2121 2216 2159 inm
2235 2132 2298 2159 vos
2310 2146 2323 2166 ,
2342 2117 2370 2158 fi
2389 2122 2465 2168 cong*

1435 2173 1532 2211 nubii
1551 2174 1661 2222 piget.
1689 2171 1790 2209 Silius
1807 2170 1897 2210 Vll.
1925 2182 1978 2209 vs.
2000 2183 2085 2222 552.

1629 2293 1744 2301 ---
1771 2270 1797 2309 fi
1823 2271 1904 2311 sunt
1930 2270 2015 2311 mihi
2038 2271 2138 2312 talia.

1438 2347 1476 2386 δί
1504 2349 1587 2387 Lib.
1606 2347 1671 2387 XI.
1696 2358 1748 2386 vs.
1776 2348 1864 2386 116.

1769 2431 1850 2462 Non
1875 2422 1901 2462 fi
1929 2423 2180 2474 Karthaginis,
2205 2423 2338 2472 inquit,

1486 2479 1674 2514 Ductorem
1694 2475 1814 2532 favestris
1834 2475 2035 2513 devinezum
2053 2475 2143 2512 colla
2161 2473 2290 2512 catenis

1488 2533 1634 2564 Romam
1659 2529 1770 2564 victor
1796 2527 1880 2575 agis.

1440 2630 1493 2666 Ut
1513 2640 1559 2666 ex
1581 2627 1733 2677 antiquis
1755 2626 2005 2665 monumentis
2034 2622 2136 2660 nobis
2165 2619 2263 2659 dedit
2293 2621 2348 2660 Cl.
2370 2622 2463 2661 Dra-

1439 2679 1670 2722 ckenborch‚
1697 2689 1810 2727 quem
1839 2677 1884 2714 ad
1912 2673 2144 2723 posteriorem
2174 2672 2298 2709 locum
2329 2672 2462 2712 videas.

1439 2730 1490 2767 Ita
1511 2731 1549 2767 δε
1570 2730 1700 2767 Plinius
1715 2728 1816 2776 supra
1837 2725 1944 2775 Epist.
1965 2721 2140 2761 XXVlIl.
2166 2732 2201 2758 n.
2226 2736 2258 2772 ς.
2284 2721 2307 2760 fi
2328 2725 2464 2774 mensu-

1439 2793 1496 2818 rae
1529 2780 1671 2827 fideliter
1700 2783 1861 2826 aguntur.
1899 2784 1976 2823 quo
2011 2773 2096 2809 loco
2131 2770 2248 2809 adhuc
2274 2785 2463 2823 perperam

1440 2831 1624 2870 ediderant
1658 2838 1819 2878 agantur.
1872 2825 1916 2860 Et
1942 2822 2012 2870 ipse
2039 2821 2216 2869 Traianus
2243 2824 2333 2862 infra
2357 2825 2467 2874 Epist.

1442 2881 1618 2919 LXVIII.
1643 2878 1668 2916 fi
1692 2877 1774 2928 quid
1793 2875 1846 2912 illi
1867 2873 1950 2911 novi
1965 2872 2116 2909 criminis
2135 2872 2300 2922 objicitur
2319 2902 2328 2920 ,
2358 2885 2395 2914 ut
2414 2876 2464 2914 est

1437 2933 1473 2970 in
1511 2929 1615 2967 Voff.
1651 2930 1688 2965 &
1722 2924 1934 2964 editionibus
1971 2923 2117 2970 optimis
2145 2925 2465 2975 vetussiffimisque.

393 3005 427 3037 4.
454 2994 489 3030 Si
510 2994 612 3037 sunt,
639 2992 818 3041 inquisitio
837 2992 1032 3041 peccavit]
1074 2990 1126 3028 Ita
1152 2989 1305 3038 legimus
1326 3001 1372 3028 ex
1403 3025 1408 3034 1
1439 2981 1594 3019 Videtur
1627 2987 1746 3017 tamen
1769 2985 1815 3012 ex
1850 2974 2047 3022 ignorantia
2081 2973 2184 3022 hujus
2211 2977 2466 3017 observationis

341 3044 431 3082 Vet.
465 3043 527 3081 lid.
548 3054 568 3079 a
598 3044 725 3090 quibus
751 3044 968 3080 recentiores
994 3040 1145 3090 gloffam
1184 3041 1374 3078 oscitanter
1405 3038 1409 3067 l
1441 3032 1576 3068 f-fflssffl
1596 3057 1607 3073 2
1639 3037 1678 3065 ut
1711 3024 1822 3062 Aldus
1847 3026 1883 3062 ὅ(
1907 3025 2012 3070 Junta
2034 3023 2069 3073 st
2079 3027 2292 3066 omitterent
2310 3055 2322 3074 2
2361 3026 2462 3078 qUOd

338 3093 545 3145 arripientes
580 3091 654 3131 fine
679 3092 796 3132 causs'a
824 3092 997 3133 abierunt.
1050 3092 1248 3144 Inquisitio,
1272 3089 1373 3140 quod
1403 3078 1407 3139 f

1436 3084 1555 3119 tacere
1575 3090 1652 3118 non
1672 3072 1877 3116 debuissent.
1906 3075 1940 3113 L
1955 3087 1979 3111 o
1991 3089 2013 3114 Ν
2028 3085 2053 3113 G
2068 3085 2093 3113 0
2109 3086 2131 3113 1.
2144 3088 2159 3114 1
2178 3088 2200 3114 u
2213 3089 2241 3117 s.

2332 3138 2365 3168 1.
2390 3127 2469 3176 Qu
