2616 3686
672 176 1014 229 LIBER
1082 173 1122 223 1.
1190 174 1759 231 EPISTOLA
1826 184 1890 233 V.

2193 196 2260 256 ,η

193 266 476 329 exterritus
508 256 863 335 apprehendit
899 255 911 275 ¹
948 253 1246 310 Caecilium
1286 253 1534 310 Celerem
1563 295 1578 318 ,
1618 274 1749 313 mox
1774 279 1790 296 2
1811 262 2031 318 Fabium
2053 267 2256 335 Justum

189 357 370 413 rogat,
410 351 465 392 ut
491 353 578 389 me
606 333 694 388 sibi
723 328 1100 386 reconcilient:
1139 340 1549 382 neccontentus
1576 335 1821 398 pervenit
1850 334 2258 405 adffipurinam.

181 415 338 472 ,Huic
375 409 680 478 suppliciter
720 406 814 472 (ut
850 399 950 461 est,
989 415 1116 454 cum
1149 398 1305 452 timet
1343 399 1751 470 abjeffiiiflimus)
1800 403 1966 475 Rogo
1995 445 2011 469 ‚
2058 409 2260 480 inquit,

184 474 204 533 ι’
236 501 390 540 mane
427 480 606 535 videas
640 474 869 530 Plinium
906 471 1087 533 dorni,
1126 470 1216 524 sed
1253 471 1412 540 plane
1450 489 1620 527 mane.
1649 480 1862 545 (neque
1891 480 2034 532 enim
2060 481 2258 537 diutius

186 559 328 614 fei-re
367 548 758 607 solicitudinem
797 542 1041 616 poffum)
1083 542 1138 596 &
1165 559 1390 614 quoquo
1416 545 1586 620 modo
1610 544 1811 600 efficias
1837 587 1852 612 ,
1902 567 1972 602 ne
2003 553 2131 605 mihi
2161 554 2260 608 ira-

182 632 372 686 scatur.
412 623 813 692 Evigilaveram.
851 616 1092 677 Nuncius
1116 615 1145 668 ’ΣΙ
1174 616 1430 685 Spurina3
1473 616 1654 673 Venio
1679 619 1746 673 ad
1783 633 1863 675 te:
1906 640 1917 665 ε
1958 622 2129 678 Immo
2155 642 2260 696 ego

187 703 253 756 ad
293 713 363 753 te.
389 695 655 748 Coimus⁶
689 692 744 745 in
782 689 1053 760 porticum
1094 686 1281 741 Liviae
1310 723 1326 747 ‚
1363 707 1489 744 cum
1529 691 1658 744 alter
1697 692 1762 745 ad
1802 695 2028 748 alterum
2069 700 2278 762 tende.

182 787 372 829 remus·
409 765 632 838 exponit
669 762 868 834 Reguli
907 760 1183 821 mandata,
1221 760 1372 816 addit
1412 778 1596 833 preces
1646 762 1757 819 suas
1784 803 1799 828 ,
1838 780 1896 823 ut
1934 766 2160 823 decebat
2200 789 2262 824 o-

221 988 329 1000 ··—
356 974 431 1007 Cur
455 977 574 1004 tamen
593 965 652 1003 hot
673 965 714 1002 m

227 1019 376 1068 Evafiffe
393 1029 515 1064 putas,
546 1031 626 1067 quos
646 1017 717 1054 diri
734 1016 863 1065 confi-ia
877 1016 974 1065 fatflt'

184 1149 187 1153 .
364 1133 436 1161 (φτ.

154 1173 275 1213 -Ῑῡε
291 1185 333 1210 Μ.

2035 845 2267 914 primum

1232 963 1378 1015 spondeo
1396 965 1495 1004 haud
1517 966 1710 1007 difficulter
1727 971 1964 1009 exaudiverit.
1991 972 2161 1010 Similiter
2181 977 2265 1011 cor-³

1240 1026 1412 1064 ruperant
1441 1018 1594 1056 Livium
1626 1021 1710 1058 Lib.
1742 1022 1943 1060 XXXVII.
1973 1034 2049 1071 cap.
2068 1023 2115 1063 X.
2170 1028 2261 1060 Tum

227 1078 330 1109 Mens
351 1070 453 1107 habet
472 1069 660 1115 attonitos,
687 1079 730 1108 ω’
746 1069 855 1117 surdo
887 1068 1026 1108 verbere
1059 1066 1194 1113 caedit,
1239 1067 1510 1112 internuncius,
1538 1070 1668 1118 regiam
1699 1071 1830 1119 classem

1860 1102 1868 1110 .
1896 1101 1906 1111 .
1931 1102 1939 1110 .
1969 1102 1976 1109 .
2002 1074 2256 1122 Polyxenidam

1214 1112 1458 1154 ‘traditurum
1486 1119 1540 1162 ei,
1567 1133 1680 1170 quem
1711 1122 1864 1162 adseruit
1894 1124 1922 1161 1.
1952 1123 2009 1161 Fr.
2040 1126 2257 1164 Gronovius

1213 1166 1456 1206 'auctoritate
1476 1170 1582 1207 huius
1600 1172 1672 1209 loci
1697 1173 1862 1212 Pliniani.
1892 1174 2037 1222 Ellipsin
2067 1177 2162 1213 hanc
2184 1176 2260 1214 sae-

186 1253 190 1260 .
233 1237 248 1262 1
289 1223 481 1261 caecilium
529 1221 720 1271 Celerem]
771 1222 960 1261 Gentilem
1002 1221 1193 1261 Secundo:
1243 1220 1322 1265 pius
1335 1219 1834 1266 vidimus,&illustravimus
1847 1226 1890 1264 ad
1904 1225 2068 1274 Crispum
2082 1226 2263 1265 nostrum:

178 1276 390 1322 ambiguum
413 1287 455 1311 an
478 1275 505 1312 is
527 1274 591 1319 sit,
617 1286 728 1324 quem
753 1275 928 1312 Martialis
947 1275 1007 1312 lib.
1029 1272 1117 1310 Vll.
1149 1272 1217 1308 E-l
1241 1270 1399 1308 CORTE.

178 1327 268 1376 pigr.
290 1325 354 1362 LI.
379 1324 479 1362 fuisse
500 1325 645 1362 testatur
665 1326 701 1362 in
728 1324 897 1373 Hispania
921 1354 931 1368 ‚
961 1337 1045 1362 cuni
1076 1311 1218 1371 impe-i

1293 1334 1312 1370 ς
1351 1328 1464 1359 lmmo
1491 1338 1545 1373 ego
1576 1323 1714 1374 mlta]
1745 1327 2065 1377 InquitSecundus
2086 1357 2096 1374 ,
2125 1329 2263 1376 venio,'

180 1379 247 1416 rio.
277 1375 328 1413 In
346 1387 414 1413 siu.
443 1375 640 1413 Helmstad.
678 1375 850 1412 Excilium
884 1375 1034 1413 Celerem
1060 1382 1194 1415 vocat;
1218 1383 1324 1420 :nam
1348 1371 1493 1422 dignior
1513 1383 1588 1413 erat
1609 1377 1815 1415 Vestricius.
1840 1378 1995 1417 Canu.

182 1436 218 1468 at
239 1426 430 1464 Mediceus
456 1426 612 1463 Caelium
634 1426 796 1464 Celerem.
849 1426 998 1464 Mentio
1011 1426 1059 1464 est
1078 1425 1196 1473 cujus-

1292 1424 1316 1459 6
1346 1429 1392 1479 In·
1408 1425 1577 1471 porticum
1599 1427 1758 1476 Liviae]
1799 1431 1984 1467 Porticum
2002 1430 2267 1470 Liviaeinterae'

185 1477 268 1514 dam
297 1476 438 1514 Caecilii
456 1476 581 1513 Celeris
604 1478 639 1514 in
665 1477 903 1525 lnl'criptione
923 1478 1020 1524 apud
1053 1477 1199 1513 Gruter.
1240 1474 1290 1511 tia
1318 1484 1471 1521 regione
1500 1477 1594 1512 urbis
1615 1504 1627 1520 ‚
1665 1477 1762 1522 juxta
1794 1478 1900 1515 castra
1925 1480 2158 1518 Misenatinm
2184 1494 2267 1521 non

186 1538 268 1576 pag.
289 1526 454 1565 MXXX.
477 1539 511 1563 n.
535 1527 642 1575 3.'sed
661 1529 723 1576 qui
745 1527 788 1563 ad
808 1528 969 1564 nostrum
995 1538 1072 1563 non
1092 1524 1203 1573 perti·
1242 1525 1371 1569 procul
1391 1522 1411 1559 ’ὶι
1425 1524 1578 1561 Suburra
1594 1553 1604 1568 ,
1631 1527 1840 1564 &viasacra
1857 1556 1866 1571 ,
1892 1529 2098 1567 ubidomus
2114 1531 2267 1570 Ceae-

184 1585 262 1616 net.
288 1578 465 1613 Amicum
491 1577 616 1618 Plinii,
645 1585 684 1611 ut
703 1577 876 1621 gentilem
887 1575 1073 1617 eiusdem,
1100 1573 1203 1610 fuifle
1244 1571 1324 1608 saris
1340 1581 1430 1608 -erat
1454 1600 1465 1617 ‚
1506 1575 1705 1613 construxit
1728 1579 1932 1626 Augustus,
1960 1581 2125 1618 tradente
2140 1583 2266 1621 Dione

187 1633 358 1672 oportet,
387 1635 498 1671 quem
523 1625 681 1670 Regulus
700 1622 906 1670 prensavit:
936 1635 1004 1661 nec
1032 1622 1151 1664 fallar.
1179 1621 1226 1666 si,
1250 1622 1333 1659 Lib.
1357 1621 1462 1658 LIV.
1488 1637 1519 1668 p.
1549 1637 1635 1672 537,
1659 1627 1834 1665 demolita
1862 1628 1989 1666 Ovidii
2023 1631 2196 1668 Pollionis
2223 1633 2268 1669 li.

186 1675 271 1712 dico
291 1673 464 1710 eumdem
477 1672 548 1710 esse
569 1700 578 1716 ‚
607 1674 664 1709 cui
685 1674 722 1708 δε
742 1674 822 1710 Lib.
842 1673 929 1710 Vll.
952 1674 1057 1721 Epist.
1081 1672 1205 1709 XVII.
1223 1681 1226 1724 1
1247 1670 1337 1708 berti
1374 1672 1606 1710 crudelissimi
1636 1673 1740 1713 fimul
1763 1704 1772 1720 ,
1810 1679 1847 1714 &
1875 1678 2034 1717 ditiffirni
2063 1681 2180 1718 domo
2203 1682 2266 1720 sibi

186 1725 399 1762 inscribitur.
453 1724 613 1760 Arnzen.
641 1732 660 1757 a
693 1723 810 1769 prima
836 1733 971 1758 manu:
1001 1722 1202 1769 conscientia
1222 1746 1225 1767 ,
1245 1721 1465 1758 testamento
1484 1723 1604 1761 reliela
1619 1750 1630 1766 ,
1656 1725 1692 1761 in
1713 1738 1824 1775 quain
1847 1739 1988 1767 nornen
2002 1730 2132 1770 Liviae
2147 1733 2271 1770 uxoris

188 1776 388 1815 extinctum
421 1771 619 1810 Helmstad.
649 1784 731 1807 mox
752 1783 849 1820 rogat
873 1771 1002 1818 lustum
1032 1770 1202 1816 Fabium,
1223 1780 1225 1790 ¹
1247 1770 1436 1819 inscripfit,
1465 1773 1566 1811 Hinc
1586 1774 1756 1814 Ovid‚-in
1781 1777 1909 1816 Fastis:

188 1836 228 1863 ut
248 1828 309 1875 qui
329 1824 427 1872 supra
451 1823 498 1861 est
520 1823 650 1859 Metius
675 1828 782 1859 carus
801 1849 811 1866 ‚
839 1822 882 1860 ab
909 1822 1048 1860 Tacito
1080 1822 1202 1871 Agric.

187 1886 266 1921 cap.
290 1876 410 1910 XLN.
432 1879 544 1910 Carae
570 1874 698 1909 Metius
717 1882 892 1910 vocatur:
922 1884 1015 1921 quae
1035 1880 1202 1921 transpo-

193 1923 271 1961 sitio
303 1924 653 1972 Nominum‘quam
685 1922 805 1960 usitata
835 1922 876 1960 sit
902 1924 1083 1961 Romani-s
1114 1950 1125 1966 ,
1159 1923 1205 1961 ad

195 1974 410 2022 principium
450 1974 559 2021 Crispi
596 1973 743 2010 Sallustii
778 1974 989 2014 docuimus.
1042 1973 1207 2013 Absurde

1299 1874 1404 1932 Disce
1420 1884 1541 1913 tamen
1563 1877 1703 1917 veniens
1720 1891 1816 1919 aetas
1828 1909 1838 1927 ‚
1867 1881 1927 1921 ubi
1946 1883 2050 1923 Livia
2071 1898 2164 1924 mene
2181 1886 2227 1937 effi

1306 1930 1483 1964 Pomcus:
1512 1949 1582 1959 —-

193 2022 516 2062 mumma-abiam
540 2021 711 2067 Rusticum
724 2022 865 2069 Iustum.
894 2024 1051 2080 Couru.
1081 2030 1210 2074 Appre-
1256 2027 1426 2068 austores
1456 2029 1536 2067 sunt
1564 2030 1699 2070 Plinius
1730 2033 1849 2074 senior
1872 2065 1881 2079 ‚
1925 2038 2162 2089 Tranquillus
2182 2068 2193 2086 ‚
2234 2041 2274 2080 &

195 2073 332 2117 hendit,
361 2074 572 2122 prehendit,
600 2074 762 2121 prensat,
791 2085 898 2112 more
915 2073 1006 2113 ser-io
1031 2085 1073 2114 ac
1101 2077 1211 2114 enixe
1232 2075 1234 2087 '
1259 2077 1400 2116 Victor.
1430 2081 1583 2118 emim.
1605 2084 1644 2120 &
1668 2084 1828 2123 SABELL.
1866 2089 2059 2128 Dillint‘lio
2088 2093 2122 2127 in
2147 2094 2274 2129 omni-

198 2126 365 2172 rogantis.
397 2124 452 2161 Sc
468 2137 488 2161 ll
502 2137 520 2161 ε
539 2137 556 2162 1²
573 2135 622 2162 ΗΞ
638 2138 676 2162 κ.

1258 2129 1323 2167 bus
1344 2130 1483 2168 vitiosa.
1526 2133 1649 2171 Locus
1671 2143 1768 2173 totus
1789 2137 1837 2175 sic
1855 2138 2051 2186 legendus:
2082 2142 2221 2178 Coimus
2238 2143 2274 2179 in

249 2185 270 2212 2
306 2174 447 2219 Juslum
479 2173 661 2223 Fabium]
702 2176 773 2213 Cui
795 2175 949 2216 Tacitus
969 2188 1060 2225 opus
1072 2176 1115 2214 de
1128 2188 1214 2216 cau·
1254 2180 1424 2229 porticum
1445 2182 1592 2227 Liviae,
1624 2197 1700 2220 cum
1718 2186 1806 2223 alter
1826 2188 1872 2224 ad
1893 2189 2040 2226 alteram
2051 2193 2276 2231 tenderemus.

197 2225 238 2262 sis
268 2234 456 2273 corruptae
480 2227 714 2275 eloquentiae
731 2227 927 2277 inscripsit,
956 2229 994 2266 &
1024 2227 1212 2266 Secundus

197 2275 383 2313 interdum
404 2276 523 2315 literas
545 2277 666 2314 mittit.
691 2277 852 2316 Canu.

192 2350 196 2354 .
251 2338 268 2373 3
300 2326 516 2375 spuri7zam.]
549 2327 746 2365 Vestricius
767 2328 918 2376 Spurina
939 2331 993 2367 vir
1010 2332 1114 2370 rebus
1135 2332 1212 2380 ges-

202 2377 244 2412 tis
275 2377 474 2422 praeclarus
492 2405 502 2420 ,
539 2377 615 2425 ejus
645 2378 756 2415 vitam
790 2390 854 2426 per
883 2381 1070 2428 epistolam
1093 2383 1214 2429 paucis

198 2426 350 2464 absolvit
374 2427 558 2464 Secundus
587 2427 677 2464 libro
705 2430 816 2465 tertio
837 2441 845 2464 :
874 2431 967 2466 vixit
987 2431 1031 2467 ad
1053 2431 1210 2467 multum

197 2478 320 2513 aetatis
353 2488 438 2513 curn
471 2488 587 2514 uxore
617 2477 754 2514 Coccia
774 2505 784 2521 ‚
811 2477 870 2514 sed
892 2478 1009 2514 filium
1030 2481 1210 2517 Coccium

196 2525 401 2562 admodum
420 2527 601 2572 juvenem
625 2526 770 2570 amisit,
798 2527 834 2564 in
860 2529 962 2575 cujus
981 2528 1127 2566 laudem
1151 2531 1212 2568 Se-

192 2575 334 2613 cundus
354 2575 534 2623 quaedam
558 2576 777 2622 composuit.
806 2577 922 2615 luem.
1154 2609 1157 2613 ,

246 2637 269 2671 4
307 2632 416 2661 Mane
441 2626 565 2661 videas
593 2625 789 2674 Plinium]
820 2627 954 2664 Vifites
976 2656 987 2672 ‚
1015 2631 1214 2668 convenias

184 2688 298 2715 -eurn,
326 2675 547 2713 Scnssrrea.
577 2674 684 2713 Abest
702 2677 745 2712 ab
769 2676 839 2714 edd
864 2679 1049 2717 nonnullis
1062 2680 1212 2718 verbum

196 2727 336 2777 inquit3
363 2735 398 2763 at
415 2726 517 2763 MSS.
545 2726 654 2764 nostri
668 2726 869 2774 agnoscunt
888 2756 898 2772 ,
925 2730 1211 2768 aliternondefi-

192 2777 420 2816 deraremus.
481 2777 579 2813 Male
622 2777 822 2814 Helmstad.
867 2792 925 2815 nec
966 2781 1069 2817 enim.
1103 2781 1216 2819 Arnz.

192 2828 285 2874 serre
311 2828 444 2864 diutius
469 2827 589 2874 felicit.
620 2827 870 2877 Lindenbrog.
897 2829 1028 2867 diutius
1053 2834 1216 2879 perferre,

203 2879 299 2925 quod
325 2878 439 2916 sensus
461 2877 605 2925 respuit.
626 2878 841 2916 Mediceus:
869 2882 1073 2930 nequeenim
1085 2881 1218 2919 diutius

205 2927 468 2966 solicitudinem
498 2930 591 2965 ferre
617 2928 757 2977 poffum.
811 2930 986 2980 Denique
1017 2932 1216 2970 Helmstad.

206 2979 356 3023 Nusm'us
373 2978 449 3022 ait,
478 2979 582 3015 venio
607 2980 655 3015 ad
667 2990 699 3017 te
710 2981 908 3027 spurinna;
941 2983 1217 3021 Arnzen.Nun-

203 3024 275 3061 cius
293 3029 548 3075 aitaspurinnz
566 3057 575 3073 ,
604 3029 784 3067 abinsulso
799 3031 1027 3077 Gloffatore,
1056 3035 1117 3082 qui
1130 3034 1216 3071 illud

200 3075 252 3114 ait
270 3076 460 3127 intelligere
486 3091 562 3119 non
587 3082 732 3129 potuit,
765 3092 853 3120 cum
886 3092 1012 3123 tamen
1045 3096 1136 3124 mox
1165 3097 1216 3121 re·

1258 2232 1410 2280 Exponit
1432 2233 1550 2280 Reguli
1578 2236 1768 2275 mandam.
1823 2238 2007 2277 Sententia
2029 2242 2096 2282 est.
2129 2243 2277 2289 Spurin-

1261 2293 1349 2320 nam
1378 2282 1530 2321 tendisse
1560 2285 1604 2322 ad
1634 2285 1790 2323 Plinium
1817 2316 1824 2330 ,
1865 2290 1963 2327 hunc
1994 2291 2074 2328 vice
2105 2292 2200 2329 versa
2231 2293 2278 2331 ad

1260 2333 1590 2380 Spurinnamdum
1620 2334 1671 2372 sic
1686 2345 1839 2384 uterque
1858 2339 1892 2375 in
1913 2342 1969 2374 via
1985 2340 2048 2378 est.
2079 2352 2279 2382 occurrunt

1260 2383 1320 2420 sibi
1350 2393 1482 2420 mutuo
1503 2385 1538 2420 in
1571 2385 1712 2432 porticu
1743 2387 1880 2423 Liviae.
1934 2389 2091 2438 Decepit
2118 2391 2277 2431 editores

1260 2432 1347 2468 illud
1379 2434 1415 2468 in
1440 2435 1609 2481 porticum
1633 2461 1642 2476 ,
1681 2435 1782 2482 quod
1809 2449 1884 2475 non
1926 2440 2172 2488 intellibebant
2213 2445 2276 2482 hic

1261 2478 1332 2516 esse
1359 2481 1457 2518 idem
1488 2494 1530 2518 ac
1562 2484 1598 2519 in
1625 2486 1766 2531 porricu.
1820 2487 1890 2524 Sed
1923 2490 1960 2527 &
1992 2491 2076 2529 illud
2099 2506 2175 2529 cum
2198 2494 2273 2532 hoc

1260 2531 1347 2567 loco
1377 2531 1473 2568 idem
1499 2531 1571 2575 est,
1597 2535 1765 2580 acidum,
1794 2539 1850 2575 vel
1879 2538 2085 2588 simpliciter
2105 2555 2187 2581 cum
2225 2546 2278 2584 es-

1262 2581 1379 2618 semus
1401 2582 1437 2618 in
1462 2591 1508 2620 eo
1528 2585 1696 2632 occupati
1725 2614 1734 2631 ,
1762 2595 1801 2623 ut
1830 2590 2064 2630 tenderemus

2090 2621 2098 2636 ,
2137 2596 2277 2636 coimus.

1263 2630 1320 2667 Sic
1338 2631 1436 2669 enirn
1465 2633 1609 2671 mallem

1635 2663 1644 2679 ‚
1671 2647 1737 2683 pro
1758 2638 1936 2678 coivimus.
1987 2643 2005 2678 S
2020 2655 2042 2680 c
2057 2655 2078 2681 H
2096 2656 2111 2681 ε
2128 2657 2146 2681 Ρ
2163 2658 2178 2682 1²
2197 2658 2215 2683 Β
2239 2660 2275 2686 R.

1265 2682 1412 2728 Nempe
1431 2683 1539 2730 plene
1559 2683 1822 2734 distinguebant
1847 2692 1989 2729 mediae
2009 2695 2092 2730 edd.
2111 2695 2186 2741 post
2207 2708 2278 2735 vo-

1263 2731 1429 2769 cabulum
1462 2734 1584 2770 Liviae
1626 2738 1755 2776 vitiose
1787 2742 1944 2779 omnino
1968 2771 1977 2785 ‚
2013 2744 2120 2783 sedid
2144 2748 2275 2787 vitium

1265 2782 1334 2818 iam
1359 2782 1402 2819 ab
1418 2784 1497 2820 aliis
1507 2784 1703 2825 editoribus
1715 2790 2006 2829 animadversum
2024 2794 2276 2846 sublatumque

1264 2832 1323 2869 est.
1379 2833 1512 2882 Neque
1546 2837 1642 2873 adeo
1665 2838 1901 2878 neceisarium
1927 2843 1962 2879 in
1983 2846 2148 2885 porticum
2174 2860 2277 2892 rrae-

1264 2883 1331 2920 cise
1353 2883 1391 2919 in
1405 2886 1536 2933 porticu
1553 2887 1755 2936 intelligere
1778 2918 1790 2934 ,
1818 2893 1920 2940 quod
1952 2895 2023 2932 vult
2044 2897 2097 2933 vir
2121 2897 2249 2937 doetus
2262 2906 2279 2944 ,⁴

1263 2945 1339 2970 non
1375 2936 1487 2981 magis
1516 2963 1524 2978 ,
1556 2949 1667 2985 quam
1699 2940 1780 2978 alibi
1810 2944 2020 2981 conveniunt
2048 2948 2085 2984 in
2131 2947 2276 2994 urbem,

1263 2996 1469 3021 concurrunt
1498 2986 1534 3022 in
1563 3000 1676 3024 arcem
1698 3018 1709 3035 ,
1747 2992 1783 3028 &
1816 2993 1913 3039 plura
1939 2997 2032 3032 talia.
2086 2998 2121 3034 Si
2147 3008 2274 3038 tamen

1263 3033 1498 3073 necessarium
1528 3039 1707 3077 existimas
1729 3069 1739 3086 ,
1771 3042 1893 3081 videre
1918 3049 2052 3093 poteris
2079 3049 2156 3086 eius
2185 3056 2277 3093 con-J

1265 3085 1466 3126 structionis
1493 3087 1590 3129 haud
1619 3102 1734 3139 pauca
1762 3095 1931 3181 εέεηιριει
1963 3097 2008 3135 ad
2037 3098 2170 3140 Sallust.
2192 3101 2274 3137 Cat.

2212 3161 2294 3208 cap.-
