2616 3686
275 196 373 264 844

518 193 579 247 C.
645 186 1610 246 PL1N11CAECIL11
1680 184 2197 257 SECUNDI

706 373 1512 445 CXX.TRAJANth
1590 372 1988 431 PL1N10.
2300 384 2408 427 „²

336 573 474 632 Vult
498 571 721 641 intelligi
750 567 854 623 esse
883 564 1138 621 Iselastica
1165 582 1292 620 cum
1313 565 1551 637 primum
1571 564 1800 638 quisque
1825 566 1879 620 in
1910 564 2054 620 suam
2083 565 2358 623 civitatem
2403 540 2408 553 ⁵

561 644 849 703 invehitur.
888 641 1110 697 obsonia
1133 656 1292 714 negat
1319 639 1496 695 danda
1519 654 1807 714 antequam
1834 642 1919 697 illa
1941 640 2152 699 fierent.

281 840 652 984 ISelasticum
681 852 802 894 tunc
816 838 1041 910 primum
1071 833 1198 889 mihi
1220 833 1436 887 videtur
1456 835 1668 907 incipere
1694 829 1860 887 deberi
1874 856 1890 886 .·
1929 849 2041 886 cum
2066 835 2179 908 quis
2209 835 2264 888 in
2290 838 2418 891 civi-

360 927 517 971 tatem
524 917 574 988 s
560 933 678 971 uam
701 916 797 989 ipſs}
823 934 1047 984 εἰσήλασεν.

1125 908 1341 981 Obsonia
1369 925 1536 962 eorum
1564 911 1927 970 certaminum,
1982 914 1997 937 ¹
2024 928 2148 982 quae
2172 907 2421 984 Iselastz‘ca

281 991 370 1063 effi?
399 991 589 1065 placuit
630 992 786 1056 mihi,
807 986 863 1058 st
896 998 1012 1041 ante
1050 983 1297 1057 &ebusina
1333 1003 1429 1038 non
1452 982 1707 1057 fuerunt,
1745 993 1883 1037 retro
1904 1000 1999 1036 non
2033 983 2291 1040 debentur.
2331 1005 2419 1042 nec

272 1067 511 1142 proficere
525 1081 618 1142 pro
642 1067 876 1138 dest'dert‘o
902 1061 1219 1116 athletarum
1233 1060 1417 1134 potest,
1458 1072 1570 1113 tam
1593 1076 1791 1126 eorum,
1834 1075 1964 1132 quae
1985 1057 2145 1131 postea
2172 1058 2419 1131 Iselastica

278 1141 381 1217 lege
420 1143 685 1209 constitui:
736 1156 889 1218 quam
921 1155 1048 1212 quae
1076 1175 1093 1200 ‚
1146 1148 1164 1169 ²
1204 1151 1318 1188 cum
1369 1138 1633 1190 vincerent
1659 1173 1675 1199 ‚
1730 1130 1820 1205 effe
1860 1132 2122 1204 defieruut.
2198 1137 2419 1190 Mutata

279 1225 408 1273 emm
455 1219 729 1274 conditione
773 1226 1107 1273 certamtnum
1129 1249 1145 1275 ,
1197 1208 1522 1265 nihilominus
1547 1250 1562 1275 ‚
1615 1227 1743 1284 quae
1780 1219 1898 1263 ante
1927 1221 2282 1284 perceperant,
2323 1229 2420 1266 non

269 1299 285 1365 ξ
333 1306 661 1351 revocantur.

678 1460 898 1520 CXXI.

974 1459 1415 1518 Pmmus
1493 1456 2003 1526 TRAJANO.

1079 1599 1167 1658 De
1208 1598 1618 1673 diplomatibus.

522 1745 756 1824 Excusat
777 1742 836 1819 se
873 1740 1006 1819 quod
1038 1755 1248 1795 uxorem
1271 1741 1428 1814 fitam
1467 1748 1678 1813 urgente
1709 1738 1905 1793 itineris
1925 1739 2179 1797 celeritate

646 1852 649 1855 v
1027 1815 1296 1892 diplomate
1328 1814 1615 1890 adjuverit.

444 1965 586 2042 Sque
611 1965 669 2020 in
692 1963 801 2020 hoc
828 1974 1044 2033 tempus
1061 1996 1079 2023 ,
1115 1951 1395 2021 Domine,
1414 1971 1595 2031 neque
1623 1957 1879 2029 cuiquam
1908 1963 1929 1994 ⁴
1951 1957 2248 2031 diplomata
2268 1958 2421 2014 comss

444 2042 691 2104 modavi,
730 2055 913 2112 neque
947 2038 1003 2091 in
1037 2051 1159 2091 rem
1191 2033 1357 2089 ullam
1396 2030 1492 2087 nifi
1532 2045 1682 2088 tuam
1721 2031 1860 2098 misi,
1899 2050 2065 2107 quam
2102 2048 2424 2108 perpetuam

328 2281 362 2310 ι.
386 2270 498 2325 Qae
525 2265 733 2318 iselastica]
771 2264 906 2314 Margo
933 2260 1136 2303 Casauboni
1164 2260 1204 2299 &
1229 2257 1307 2297 Mi·

274 2322 354 2361 nois
375 2335 463 2374 quae
485 2319 670 2359 lselastico.

323 2385 360 2413 2.
386 2378 480 2412 Cum
495 2371 674 2411 vincerent
688 2396 700 2414 ,
726 2366 782 2418 effe
801 2367 998 2417 defurunt]
1025 2366 1153 2414 Quam
1174 2372 1305 2401 eorum

271 2424 532 2469 obsoniorum,
569 2432 688 2470 quae,
721 2430 809 2458 cum
840 2420 1028 2457 vincerent
1048 2443 1059 2462 ‚
1079 2417 1159 2466 jam
1190 2412 1306 2453 defie-

273 2483 351 2514 rant
378 2473 471 2519 effe,
500 2473 632 2513 exac‘co
656 2480 827 2520 ternpore
852 2470 914 2508 illis
940 2465 1194 2508 certaminibus
1214 2476 1306 2503 con-

270 2529 403 2566 stituto.
430 2526 619 2564 CATAN.
643 2521 769 2561 Paullo
799 2521 899 2559 aliter
922 2521 960 2559 in
989 2517 1094 2558 Voff.
1119 2517 1212 2555 haec
1238 2526 1305 2565 pe·

271 2578 393 2620 riodus
409 2584 585 2625 concepta
611 2574 680 2619 est,
706 2572 755 2611 ita
782 2583 939 2622 nempe:
970 2578 1041 2610 Nec
1071 2570 1225 2619 proficere
1240 2576 1302 2616 pro

270 2629 429 2677 desiderio
449 2627 669 2666 athletarum
685 2621 811 2673 potest,
840 2623 931 2674 quod
952 2635 1090 2665 eorum,
1119 2632 1206 2671 quae
1231 2618 1306 2668 pos-

270 2697 325 2722 tea
353 2678 514 2728 lselaslica
542 2689 621 2716 nori
642 2676 709 2725 lege
734 2673 911 2721 constitui,
938 2686 1046 2725 quam
1069 2674 1132 2721 qui
1158 2671 1299 2715 ierant,

269 2736 428 2783 accipere
457 2728 636 2780 desierunt.
697 2726 746 2764 Et
777 2727 825 2764 ita
857 2731 997 2764 veteres
1025 2723 1118 2762 Edd.
1146 2732 1300 2765 ornnes,

269 2783 454 2833 Gryphius
472 2782 604 2826 etiam,
632 2777 888 2822 Casaubonus‚
918 2777 1044 2814 Minos
1065 2776 1102 2814 δε
1124 2772 1299 2813 Boxhorn

269 2839 358 2874 haee
391 2844 457 2878 pro
488 2833 586 2870 varia
612 2829 773 2868 lestione
799 2828 1022 2866 adnotarunt
1042 2855 1053 2869 ‚
1090 2825 1156 2865 nisi
1195 2824 1298 2874 quod

272 2884 454 2933 Grypliius
471 2893 593 2930 gerant
611 2883 696 2919 loco
713 2880 936 2928 reliquorum
964 2879 1092 2917 ieram.
1143 2875 1300 2919 Nescio,

272 2952 319 2978 ari
334 2938 457 2975 locum
480 2933 577 2969 hunc
595 2931 683 2982 quid
704 2930 851 2982 adjuvet
870 2930 1073 2969 observatio
1093 2928 1139 2967 ad
1161 2926 1303 2967 Lib.V.

275 2988 385 3039 Epist,
412 2982 497 3019 XV.
524 2994 560 3019 n.
588 2996 620 3030 ς.

330 3052 364 3087 3.
391 3033 643 3081 Revocantur,]
683 3032 923 3070 Renovantur
943 3059 954 3075 ,
991 3030 1052 3068 sed
1083 3035 1234 3067 manent
1266 3028 1303 3064 in

276 3084 364 3133 statu
379 3116 390 3135 ,
416 3096 491 3138 quo
512 3084 653 3121 fuerant
679 3079 768 3118 dum
788 3081 985 3121 vincerent.
1012 3080 1064 3117 It>
1078 3092 1097 3118 ε
1113 3093 1153 3116 Μ.
1179 3080 1305 3116 Immo
1337 3122 1341 3141 l

2311 2109 2419 2165 ser-

1379 2268 1540 2295 revocare
1558 2257 1596 2295 h.
1621 2255 1646 2294 l.
1673 2255 1721 2294 est
1739 2263 1918 2305 repetere.
1941 2256 2075 2296 Plinius
2103 2256 2189 2298 Lib.
2216 2256 2283 2297 111.
2309 2257 2420 2307 Epist:

1382 2307 1447 2365 125.
1474 2320 1511 2365 n.
1542 2318 1601 2354 17.
1628 2307 1814 2346 Additum
1841 2308 1907 2354 est,
1935 2319 1975 2346 ut
2004 2310 2202 2358 pecuniae,
2228 2319 2316 2360 quas
2343 2320 2417 2346 cre·

1380 2358 1552 2414 fluoribus
1565 2356 1748 2408 solverat.
1779 2366 2048 2398 revocarentur.
2075 2361 2137 2399 ubi
2155 2357 2250 2398 vide.
2276 2358 2322 2396 Et
2338 2358 2412 2396 hoc

1378 2410 1456 2457 ipso
1470 2410 1561 2448 libro
1581 2409 1701 2467 Epist..
1718 2409 1897 2449 XXXIV.
1921 2422 1957 2448 n.
1983 2423 2018 2449 2.
2044 2411 2122 2448 Erit
2138 2410 2228 2448 enim
2247 2409 2415 2458 pecunia

1379 2474 1421 2517 cqc
1445 2474 1516 2512 qua
1529 2459 1623 2518 fiat,
1645 2470 1801 2511 prtmum
1820 2474 1883 2505 ea,
1911 2474 2019 2512 quam
2038 2471 2210 2499 revocare
2241 2472 2264 2495 a
2287 2459 2411 2508 priva-

1380 2521 1425 2549 tts
1445 2523 1489 2552 er
1507 2522 1651 2560 exigere
1666 2511 1747 2558 jam
1769 2513 1852 2562 coepi
1865 2529 1875 2549 .·
1905 2513 2048 2554 deinde,
2075 2522 2184 2562 quam
2203 2507 2263 2557 ipfi
2282 2517 2408 2555 eroga-

1380 2571 1419 2619 re
1445 2564 1481 2600 in
1512 2563 1622 2601 oleum
1647 2561 1746 2611 filiu·
1771 2572 1842 2602 cer.
1869 2561 1974 2601 Voss'.
1995 2569 2212 2613 peregerant,
2238 2565 2276 2595 ut
2294 2558 2404 2595 etiarn

1383 2613 1502 2653 visitur
1519 2615 1556 2652 in
1578 2613 1692 2652 veteri
1713 2611 1782 2651 Ed.
1809 2615 1879 2652 Lo
1893 2625 1918 2651 u
1931 2625 1957 2651 G
1969 2626 1995 2650 o
2009 2625 2028 2650 r.
2042 2625 2055 2649 1
2068 2625 2092 2648 υ
2104 2622 2134 2648 s.

1432 2677 1467 2713 4.
1493 2662 1730 2714 Diplomata]
1754 2663 1830 2708 Ea,
1859 2673 1969 2712 pura,
1995 2661 2122 2711 quibus
2138 2659 2204 2697 iter
2220 2656 2407 2707 adjuvare-

1379 2722 1458 2762 tur,
1489 2718 1527 2755 &
1546 2715 1592 2754 de
1615 2715 1744 2764 quibus
1778 2714 1886 2764 Epist.
1913 2709 2015 2750 XIV.
2039 2711 2139 2758 supra
2168 2707 2237 2746 fuit
2262 2708 2404 2749 sermo:

1379 2780 1449 2818 qua
1470 2781 1511 2806 ex
1541 2766 1653 2816 cauffa
1674 2763 1928 2812 festinationem
1954 2760 2140 2803 tabellarii,
2171 2771 2271 2809 quem
2300 2760 2349 2796 ad
2375 2772 2409 2800 t,

1379 2817 1551 2908 iffisspssf
1550 2817 1615 2905 :12¹³
1629 2816 1749 2904 Kisi'e'
1758 2811 2406 2909 ἒέρὲῖῗὲῗὲ,Ἠ”ἔζὶα“ἳῖῗὸ“ἒ“““

1541 2880 1547 2887 ·
1595 2896 1601 2904 .
1813 2874 1826 2902 t
1865 2890 1884 2901 ..
2168 2890 2174 2898 .
2286 2890 2293 2898 .
2335 2874 2410 2900 om·

1381 2920 1527 2958 modam·
1555 2918 1604 2957 est
1635 2915 1814 2957 conceffi,
1840 2913 1932 2950 dedi.
1960 2912 2037 2949 Lib.
2071 2912 2117 2949 11.
2143 2911 2249 2960 Epist.
2275 2913 2342 2951 Xl.
2368 2924 2407 2952 n.

1381 2982 1443 3019 23.
1469 2979 1618 3017 operam
1639 2967 1746 3015 suam
1779 2964 1888 3015 Prisco
1919 2964 1968 2999 ad
2004 2963 2232 3014 turpiffimum
2259 2963 2406 3012 ministe-

1380 3022 1474 3059 rium
1494 3015 1758 3057 commodass'e.

2249 3127 2281 3156 1.
2307 3113 2409 3153 Ami-
