2616 3686
203 205 299 271 144'
434 177 2124 248 C.PLINIICAECILIISECUND1

203 279 432 335 clatores
459 268 599 332 mei,
626 262 993 338 (habentrsane
1010 273 1243 315 aetatem
1267 273 1462 313 eorum
1485 293 1500 318 ‚
1537 254 1631 326 qui
1661 257 1673 279 ¹
1714 270 1885 323 nuper
1925 267 2075 326 togas
2114 253 2345 326 sumpse-

207 350 357 418 rint)
399 344 567 401 ternis
608 339 838 395 denariis
877 334 946 389 ad
988 331 1317 405 laudandum
1359 328 1720 385 trahebantur.
1758 326 1894 379 tanti
1928 327 2163 392 constat,
2200 343 2258 382 ut
2287 328 2348 385 fis

215 415 608 479 diser-tillimus.
687 410 820 468 Hoc
859 407 1047 481 precio
1085 413 1102 432 ²
1142 404 1438 477 quamlibet
1479 398 1761 454 numerosa
1799 397 1814 424 ³
1855 396 2088 453 subsellia
2123 402 2347 472 implen-

220 512 339 558 tur,
374 493 483 547 hoc
521 490 709 559 ingens
747 488 765 512 ⁴
802 497 1008 539 corona
1048 479 1318 549 colligitur
1349 494 1360 528 :
1414 474 1521 529 hoc
1561 470 1756 526 infiniti
1794 470 2056 523 clamores
2103 488 2349 528 commo-

147 589 183 638 7
223 577 449 634 ventur,
488 578 614 617 cum
653 561 666 586 ⁵
708 557 946 630 μεσὸχορος
987 550 1138 604 dedit
1190 549 1414 619 lignum.
1490 544 1643 616 Opus
1693 542 1769 596 est
1814 542 1957 596 enim
2012 540 2160 612 signo
2212 546 2355 612 apud

223 658 335 696 non
385 634 742 705 intelligentes
782 668 798 692 ,
847 625 863 646 ⁶
912 641 981 680 ne
1036 621 1314 676 audientes
1353 617 1624 691 quidem:
1677 632 1799 670 nam
1842 614 2081 686 plerique
2122 631 2231 668 non
2267 633 2356 670 au-

155 726 184 773 8
225 713 412 776 diunt,
449 723 552 764 nec
614 705 706 758 ulli
773 699 939 771 magis
1004 693 1238 749 laudant.
1315 693 1371 746 Si
1439 687 1661 761 quando
1727 686 1964 742 transibis
2028 703 2121 757 per
2184 685 2360 742 Basili-

227 803 349 842 cam
380 823 396 848 ,
471 779 527 834 δε
583 776 737 831 voles
811 772 943 828 scire
1006 765 1294 841 quomodo
1360 762 1585 836 quisque
1651 760 1794 816 dicat
1821 799 1838 824 ‚
1878 758 2009 814 nihil
2073 760 2148 813 est
2208 759 2362 831 quod

230 854 461 914 tribunal
519 848 797 911 ascendaS‚
833 842 964 900 nihil
1028 839 1180 914 quod
1244 835 1492 912 praebeas
1556 848 1784 887 aurem:
1857 831 2020 886 facilis
2084 832 2363 889 divinatio,

162 956 194 996 9
234 932 386 988 Scito
456 940 582 980 eum
643 918 889 992 peffime*
924 915 1152 975 dicere,
1201 912 1217 939 ⁷
1277 911 1371 984 qui
1445 905 1749 962 laudabitur
1822 905 2070 959 maxime.
2157 905 2367 962 Primus

234 1003 382 1062 hune
418 994 678 1055 audiendi
714 1007 925 1049 morem
965 985 1181 1041 induxit
1221 980 1239 1006 ⁸
1272 982 1503 1052 Largius
1547 977 1794 1033 Licinius
1821 1014 1837 1039 ,
1875 975 2128 1032 haRenus
2155 990 2367 1042 tamen,

2312 1066 2372 1107 ut

237 1202 401 1248 dietum,
427 1208 468 1239 ut
492 1201 556 1250 qui
577 1197 672 1236 clam
692 1193 877 1233 infarciret
899 1192 1053 1229 nomIna
1075 1192 1114 1229 in
1137 1196 1267 1225 aurem
1396 1179 1583 1230 Consedere
1606 1181 1729 1222 duces,
1758 1187 1801 1217 cy
1824 1175 1925 1227 vulgi
1941 1173 2062 1224 stante
2084 1186 2222 1215 corona.

239 1254 409 1298 domini,
435 1250 644 1300 Porphyrio
669 1247 708 1284 ἓξ
730 1243 852 1282 Festus
875 1242 1041 1280 scribunt.
1095 1237 1270 1277 Martialis

240 1306 308 1356 qui
327 1304 462 1354 piscem
488 1301 667 1348 mugilem
690 1295 847 1333 nomine
870 1294 1024 1338 citabat,
1053 1302 1116 1341 per
1128 1289 1272 1328 transsa-

243 1357 392 1394 tionem
415 1351 708 1391 nomenclatorem
731 1345 947 1395 appellavit:
977 1355 1018 1380 ac
1031 1340 1273 1379 nomenclatu-

246 1418 329 1444 ram
350 1406 484 1443 Plinius
499 1432 510 1447 ‚
539 1403 578 1439 &
601 1398 810 1437 Columella
832 1393 1148 1432 nomenclationem
1174 1391 1276 1428 dixe-

243 1465 348 1497 runt.
370 1452 685 1493 CarmRomae
710 1447 785 1484 Ara
808 1446 902 1483 coeli
927 1443 1039 1483 exstat
1049 1443 1168 1480 tabula
1180 1452 1276 1478 mai·-

246 1517 378 1545 morea
403 1517 490 1543 cum
512 1504 581 1541 hac
604 1499 859 1547 inscriptione:
891 1508 924 1532 1..
949 1506 1129 1531 VOLUSIO.
1154 1505 1279 1530 uana-

247 1560 899 1595 NO.NOMENCLATOR1.CENSOR10.
928 1546 1182 1583 MARcmLus
1196 1544 1280 1582 Do-

251 1619 399 1647 NATUS.

308 1672 324 1698 1
358 1664 477 1708 Nuper
503 1667 600 1705 togas
614 1647 881 1701 sumpserunt]
911 1649 988 1696 Qui
1013 1647 1138 1685 XVII.
1162 1645 1284 1684 aetatis

252 1721 398 1749 annum
421 1707 565 1756 ingresii
588 1705 676 1742 sunt.
704 1701 825 1738 Placet
847 1700 1046 1747 intelligere
1068 1697 1212 1736 virilem
1226 1704 1285 1733 to-
1364 1690 1526 1739 positum
1548 1688 1773 1727 vocabulum
1788 1717 1798 1733 ‚
1826 1689 1901 1724 ἀπὸ
1917 1690 1972 1724 τοῦ
1992 1702 2089 1730 beera
2108 1685 2171 1724 me}
2196 1691 2256 1724 τοῦ
2279 1688 2375 1738 7655&
2583 1706 2592 1738 l

256 1772 368 1810 gam,
397 1771 492 1809 quae
517 1769 563 1795 eo
586 1753 711 1792 aetatis
736 1750 942 1789 sumebatur
966 1777 975 1794 ‚
1004 1748 1187 1786 referente
1219 1747 1286 1794 JC.
1365 1739 1403 1778 id
1435 1741 1483 1781 est
1506 1769 1517 1785 ‚
1554 1753 1576 1777 a
1612 1739 1720 1777 medio
1754 1739 1866 1777 choro.
1905 1739 2057 1777 Cum.
2081 1750 2124 1778 <5¹
2145 1719 2393 1780 Srnpmuus’.

259 1813 456 1850 CATAN.
493 1808 569 1857 Qi
603 1801 747 1853 nuper.]
790 1800 1058 1838 Circumscribit
1081 1798 1202 1836 XVII.
1226 1810 1290 1835 an·
1369 1792 1475 1840 Lege
1508 1791 1686 1829 Colvium
1719 1791 1765 1828 ad
1812 1789 1936 1829 Sidon.
1970 1791 2132 1838 Apollin.
2168 1792 2251 1829 Lib.
2282 1792 2393 1831 VlII.

258 1873 397 1901 norum
430 1867 599 1897 aetatem.
656 1855 757 1892 Nam
791 1853 866 1890 nati
899 1862 982 1888 ann.
1018 1850 1121 1888 XVI.
1160 1857 1290 1897 togam
1371 1841 1524 1880 BARTH.
1550 1841 1769 1887 Mediceus,
1800 1840 1964 1880 Riccard.
1985 1840 2089 1880 Voff.
2113 1843 2300 1892 ceterique
2322 1855 2394 1881 no-

261 1924 391 1962 puram
417 1941 427 1957 ‚
466 1909 541 1948 five
574 1907 719 1945 virilem
745 1932 755 1948 ,
792 1901 980 1952 praetexta
1003 1900 1144 1951 posita,
1171 1900 1292 1939 suine-
1356 1891 1427 1949 *stri
1453 1895 1591 1932 Latinis
1610 1894 1734 1931 litteris
1760 1892 1984 1942 Mefhchorus
2019 1923 2030 1939 ‚
2067 1900 2180 1944 atque
2212 1895 2260 1931 ita
2295 1894 2394 1943 apud

261 1966 350 2003 bant
393 1961 583 2004 Romani,
611 1956 799 2004 viriliaque
847 1953 966 1991 officia
1011 1950 1293 2002 auspicabantur.
1375 1943 1500 1982 Sidon.
1520 1945 1600 1983 Lib.
1625 1943 1653 1984 Ι.
1674 1944 1784 1993 Epist.
1808 1944 1855 1982 Il.
1876 1945 1916 1983 &
1935 1945 2009 1982 aliis
2028 1946 2117 1983 locis
2151 1944 2278 1984 editur.
2334 1945 2395 1985 De

264 2015 475 2053 Bucam-n.
516 2018 635 2062 Nuper
660 2037 669 2053 ,
706 2003 805 2054 eya]
846 2004 959 2042 Error
980 2004 1142 2052 vulgaris.
1172 2004 1295 2053 Quin-
1376 1993 1479 2033 fimili
1512 1996 1659 2034 Graeco
1690 1995 1873 2033 vocabulo
1909 1995 2042 2033 Latina
2073 1996 2221 2034 civitate
2253 1996 2396 2035 donato

266 2065 389 2104 decim
411 2074 597 2101 annorum
615 2065 776 2097 aetatem
798 2057 917 2093 voluit
939 2054 1058 2092 dicere
1083 2069 1092 2092 ·.
1121 2066 1208 2092 nam
1233 2065 1296 2090 an-
1377 2045 1536 2085 diximus
1557 2047 1604 2084 ad
1626 2047 1707 2086 Lib.
1732 2046 1757 2084 Ι.
1783 2044 1891 2096 Epist.
1915 2045 1982 2083 ΙΙΙ.
2005 2058 2038 2082 n.
2066 2058 2096 2083 1.

266 2126 337 2154 nos
366 2113 648 2165 quatuordecim
681 2109 755 2145 nati
786 2113 976 2155 praetexta
1008 2105 1135 2154 puerili
1178 2103 1297 2152 posita
1407 2097 1450 2153 ‘6
1479 2097 1539 2135 Ne
1570 2097 1751 2136 audientes
1779 2095 1957 2147 quidem]
1991 2096 2183 2137 Mediceus
2207 2111 2215 2135 :
2244 2109 2314 2137 nec
2333 2111 2398 2138 au.

267 2173 400 2214 togam
413 2175 543 2215 puram
555 2159 754 2200 sumebant.
785 2157 1039 2194 Gaonovms.
1071 2156 1219 2205 Quinto
1236 2154 1299 2192 de-
1377 2148 1506 2184 drentes
1528 2149 1669 2197 quidem
1692 2176 1702 2193 ,
1730 2157 1903 2197 perpetua
1926 2148 1987 2186 ista
2009 2148 2228 2187 confusione
2299 2144 2398 2189 cuius

271 2218 374 2255 cimo
395 2227 496 2253 anno
517 2222 646 2261 togam
670 2210 813 2248 virilem
838 2205 993 2245 sumliffe
1017 2204 1302 2247 docet,H.No-
1377 2198 1475 2236 mille
1508 2200 1677 2248 exempla
1713 2212 1758 2237 ex
1792 2200 1894 2237 Libb.
1929 2207 2015 2238 vett.
2049 2201 2085 2237 in
2119 2177 2269 2249 promtu
2290 2201 2399 2240 habe-

274 2265 374 2306 rifius
397 2267 533 2304 Cenot.
553 2262 665 2301 Pisan.
689 2257 832 2298 Differt.
857 2258 905 2295 Il.
929 2269 1005 2307 cap.
1030 2256 1096 2294 IV.
1111 2267 1225 2307 quem
1240 2255 1304 2291 ad·
1377 2261 1472 2288 mus.
1525 2250 1582 2288 Sic
1604 2250 1722 2288 modo
1746 2263 1779 2288 n.
1804 2263 1836 2300 3.
1859 2250 1988 2290 vitiose
2011 2253 2048 2290 in
2070 2251 2153 2290 MS.
2177 2252 2397 2300 Arnz.lege-

277 2329 346 2356 eas.
385 2315 580 2366 Sumserint
613 2311 760 2351 exhibet
791 2309 1009 2353 Mediceus,
1038 2319 1106 2357 pro
1156 2307 1306 2355 vulgato
1375 2299 1497 2338 batur:
1527 2312 1595 2338 nec
1618 2301 1826 2350 nobiltffimis
1848 2301 1999 2352 quidem
2021 2302 2315 2351 adolescentibus,
2336 2301 2394 2339 ubi

269 2369 478 2419 sumfirunt
492 2396 502 2412 ,
530 2366 640 2414 idque
661 2363 749 2400 loco
772 2362 886 2410 magis
909 2360 1096 2397 convenit.
1377 2351 1475 2389 istie
1498 2350 1616 2389 editur
1637 2366 1678 2390 ne
1699 2353 1850 2402 quidem.
1904 2354 1953 2391 Et
1973 2352 2154 2392 adsentior
2177 2350 2394 2395 Gronovio,

332 2433 352 2456 2
381 2413 633 2468 Quamlibet]
665 2413 739 2452 Vel
751 2414 913 2450 maxima
927 2410 1173 2460 quantumvis.
1188 2409 1310 2457 Quin-
1377 2403 1441 2451 qui
1475 2404 1602 2441 onmia
1635 2404 1717 2442 loca
1748 2412 1918 2452 corrupta
1948 2405 2094 2449 censet,
2122 2405 2159 2442 in
2183 2404 2310 2453 quibus
2328 2411 2392 2436 ¹nec

282 2471 425 2509 tilianus
449 2484 457 2507 :
500 2464 712 2517 Quamlibet
743 2462 860 2500 multa
901 2462 1082 2510 legerimus
1108 2489 1116 2503 .
1155 2460 1311 2509 quodam
1379 2454 1543 2502 quidem,
1570 2455 1630 2494 vel
1652 2468 1758 2503 neque
1778 2455 1918 2505 quidem
1940 2455 2102 2504 legitur,
2139 2453 2198 2491 ubi
2230 2450 2392 2499 simplici-

287 2532 412 2559 tamen
436 2521 535 2557 modo
559 2526 703 2555 recentes
719 2515 847 2564 summ
869 2514 918 2550 ad
941 2514 980 2551 id
1003 2513 1096 2563 quod
1117 2510 1311 2562 incipimus.
1378 2512 1433 2542 tei·
1466 2518 1507 2542 ne
1537 2506 1679 2555 quidem
1713 2506 1910 2556 significare
1943 2508 2083 2545 volunt.
2135 2504 2188 2540 At
2218 2499 2394 2538 hocloco

289 2573 324 2610 C
340 2585 357 2611 Α
379 2585 401 2610 τ
421 2585 440 2609 Α
457 2584 494 2608 Ν.
528 2621 533 2626 .
1382 2567 1459 2593 non
1484 2555 1689 2605 iimplicitei·
1712 2571 1752 2596 ne
1775 2559 1939 2609 quidem,
1968 2557 2025 2595 sed
2045 2565 2088 2596 ω’
2108 2567 2149 2590 ne
2169 2549 2305 2600 quidem
2328 2561 2396 2585 no-

339 2634 358 2673 3
390 2616 596 2672 Subsellmff]
639 2617 747 2656 Sedes
770 2615 1001 2665 promiscuas.
1031 2615 1087 2653 Sic
1110 2611 1316 2661 Tranquill.
1382 2615 1498 2645 tatur:
1527 2619 1640 2658 quare
1673 2611 1814 2658 optime
1847 2621 1892 2646 ex
1924 2608 2067 2656 optimo
2097 2603 2187 2640 libro
2216 2599 2309 2647 legas
2338 2613 2392 2636 nes

291 2681 403 2711 vocat
427 2673 473 2711 ad
497 2669 711 2721 spectandos
733 2667 838 2705 ludos
861 2669 896 2702 in
920 2666 1090 2704 Tlieatro
1124 2674 1319 2712 compara·
1383 2659 1536 2708 quidem.
1593 2660 1700 2699 Hane
1731 2660 1943 2698 sententiam
1967 2654 2124 2692 nostram
2145 2652 2217 2688 iam
2242 2649 2396 2690 diximus

295 2732 330 2761 ta
354 2724 479 2762 sedilia.
535 2722 580 2759 Et
601 2721 643 2757 C.
667 2717 789 2756 Celsus
803 2717 1010 2766 subsellium
1035 2728 1102 2765 pro
1137 2714 1216 2752 sella
1250 2715 1320 2761 pri·
1386 2709 1431 2746 ad
1453 2710 1589 2748 Sallust.
1613 2713 1690 2761 lug.
1715 2722 1790 2760 cap.
1819 2710 1882 2747 LI.
1903 2721 1937 2746 n.
1960 2718 1990 2753 ς.

296 2784 379 2811 vata
413 2774 540 2821 posuit.
595 2769 774 2808 Asconius
807 2776 933 2806 tamen
960 2766 1129 2817 subsellia
1161 2764 1321 2814 prodidit
1440 2773 1456 2808 7
1489 2762 1561 2810 Qui
1591 2759 1841 2808 laudabitur.]
1882 2753 2077 2794 Helmstad.
2111 2754 2150 2790 &
2188 2751 2299 2789 Arnz.
2340 2754 2400 2803 qui

299 2822 369 2860 esse
391 2825 645 2861 Tribunomm
661 2850 670 2865 ,
709 2820 1013 2858 Triumvirorum
1047 2816 1296 2866 Quaestorum
1312 2843 1321 2859 ,
1388 2823 1473 2861 prae
1501 2814 1626 2851 ceteris
1647 2810 1857 2849 laudabitur
1876 2804 2040 2843 maxime.

302 2874 341 2910 ὃ(
362 2872 612 2929 hujuscemodi
632 2872 765 2919 judicia
788 2871 932 2907 minora
955 2869 1206 2908 exercentium
1221 2895 1230 2911 ,
1260 2867 1324 2916 qui
1440 2864 1460 2901 8
1493 2865 1641 2911 Largius
1666 2856 1851 2905 Licinian]
1880 2856 1957 2903 Qui
1988 2855 2087 2892 Plinii
2111 2855 2280 2894 avunculi
2300 2857 2426 2894 com.‘,

303 2933 386 2979 non
406 2935 447 2978 ιιι,
468 2922 603 2959 sedibus
637 2923 814 2959 curulibus
847 2922 884 2957 δε
913 2920 1172 2964 tribunalibus,
1201 2917 1260 2955 sed
1286 2918 1324 2954 in
1391 2915 1588 2951 ment-arios
1619 2908 1883 2961 quadringentis
1917 2906 2070 2943 millibus
2109 2917 2232 2943 cincre
2274 2908 2404 2946 voluit.

303 2973 465 3012 lubicllns
483 2969 724 3025 consulebant.
754 2971 767 3005 l
786 2983 809 3005 n
826 2982 845 3005 ε
861 2983 897 3006 Μ.
1391 2965 1460 3001 Vir
1484 2964 1686 2999 Praetorius
1707 2987 1717 3003 ‚
1755 2961 1793 2995 ὃς
1816 2955 1893 3006 post
1915 2957 2122 2994 Praeturam
2149 2955 2262 2994 ficui>-
2289 2959 2408 3007 Lega-

349 3035 382 3080 4
408 3019 585 3076 Corona]
619 3018 858 3075 Audientium
873 3020 1022 3058 circulus
1049 3048 1058 3063 ,
1090 3021 1234 3058 concio.
1275 3021 1326 3058 Si·
1390 3022 1468 3056 NS,
1496 3013 1647 3058 &lilim1
1667 3008 1830 3047 reddenti
1855 3008 2073 3056 Cffillssglflc
2095 3006 2222 3044 “mdis
2237 3009 2408 3048 ¹¹²01‘den-

311 3073 456 3124 gnificat
479 3069 776 3126 muni-msculuin
801 3069 1076 3118 uuiustuiulqiie
1101 3073 1175 3110 rei:
1203 3071 1326 3110 homi·
1391 3065 1416 3101 ti
1438 3061 1540 3100 tuber
1564 3088 1573 3102 ,
1602 3070 1641 3097 ur
1675 3059 1913 3108 deprehensus
1945 3060 2029 3098 inde
2074 3058 2239 3096 domnus
2273 3061 2410 3108 primos

311 3136 403 3164 num
426 3122 630 3175 praesertim
652 3119 832 3158 stantium.
861 3118 973 3157 Ovid.
1391 3108 1514 3151 dentes
1539 3109 1748 3150 inlleeteret.
1803 3109 1908 3149 Haec
1934 3124 1980 3150 cx
2000 3110 2144 3154 Plinio,
2172 3109 2268 3160 apud
2296 3099 2409 3159 quem

2288 3160 2414 3208 legitur

1351 1282 1407 1319 M.
1430 1280 1576 1320 Tullius
1599 1280 1645 1319 de
1668 1281 1723 1318 Cl.
1747 1279 1850 1318 Orat.
1880 1279 1914 1316 Si
1932 1291 1955 1314 a
1977 1290 2103 1316 corona
2124 1278 2381 1331 relibiusxfim‚'

1354 1346 1424 1370 non
1445 1346 1573 1383 queam
1595 1333 1716 1370 dicere.
1746 1332 1803 1369 Sic
1828 1333 1865 1370 δε
1885 1331 2028 1372 ,Seneca
2055 1331 2092 1368 in
2117 1330 2280 1370 Natural.
2302 1333 2382 1373 Pal-

1350 1383 1488 1430 ladius,
1517 1384 1560 1421 In
1594 1382 1735 1432 fastigiis
1768 1393 1963 1419 murorum
1992 1381 2168 1420 Praetorii
2197 1383 2296 1432 juffit
2319 1395 2384 1423 co-

1356 1446 1462 1473 ronas
1488 1435 1742 1484 prominentes
1783 1433 1872 1471 fieri.
1926 1432 2096 1470 Demum
2136 1433 2232 1471 Cato
2271 1436 2309 1474 in
2345 1447 2385 1476 re

1358 1485 1502 1524 Rustica
1518 1516 1528 1531 ,
1556 1487 1803 1524 extremitates
1823 1494 1997 1532 agrorum
2022 1496 2164 1521 coronas
2185 1484 2289 1535 poss'e
2313 1486 2384 1525 dici

1358 1536 1607 1580 demonstrat,
1635 1547 1721 1573 cum
1743 1537 1882 1574 circum
1907 1544 2062 1572 coronas
2086 1536 2235 1582 Sextias,
2263 1536 2385 1576 ulmos

1362 1589 1428 1627 seri
1449 1588 1632 1638 praecipit.
1660 1586 1776 1624 IDEM.

1415 1652 1434 1688 ς
1463 1635 1714 1686 Μεσόχοξος.]
1744 1638 1823 1687 Qui
1844 1639 1883 1676 in
1904 1635 2152 1696 media'turba
2173 1636 2245 1682 est,
2274 1639 2391 1676 com-⁴
