2616 3686
180 737 240 772 20

289 211 384 283 {30
490 209 1015 263 C.PLIN11
1081 203 1592 259 CAECILII
1662 204 2176 260 SECUNDI
2304 263 2412 268 ,,

287 296 443 364 gius,
511 291 566 344 8<
618 281 630 316 ³
681 307 781 361 pro
831 291 1056 343 veritate
1103 283 1431 342 firmissimus
1471 321 1487 346 ‚
1549 281 1754 336 censuit
1818 285 2149 357 septingenta
2212 289 2406 355 mining
2455 299 2458 301 “

289 379 426 434 quae
464 374 480 392 ²
518 376 797 434 acceperat
851 362 1084 425 Marum,
1125 361 1139 386 ³
1192 358 1396 413 aerario
1447 353 1765 418 inferenda,
1830 355 2017 409 Mario'
2063 360 2190 416 urbe
2240 362 2405 417 Italia-

291 452 398 507 que
459 437 478 460 ⁴
528 434 1003 489 interdicendum:
1077 433 1360 486 Marciano
1413 428 1519 481 hoc
1573 428 1793 498 amplius
1828 467 1844 490 ,
1908 426 2108 484 Africa.
2179 432 2251 488 ‘In
2298 432 2420 490 fine

292 508 585 562 sententiae
648 506 882 575 adjecit,
919 504 1087 578 Quod
1152 519 1255 573 ego
1309 501 1364 554 δε
1427 498 1652 553 Tacitus
1702 499 1932 566 injun&a
1983 502 1994 528 ⁵
2051 502 2406 563 advocatione

295 579 583 649 diligenter
608 579 658 632 δέ
688 578 901 632 fortiter
927 577 1092 630 suneii
1119 575 1340 629 ess'emus
1359 610 1371 633 ‚
1410 570 1649 625 arbitrari
1676 571 1942 634 senatum,
1980 571 2050 626 ita
2076 590 2173 627 nos
2206 575 2409 646 feciss‘e,

296 666 357 708 nt
398 651 624 722 dignum
652 650 911 704 mandatis
937 648 1168 717 partibus
1202 645 1384 700 fuerit.
1462 642 1801 697 Affenserunt
1829 644 2089 699 Consules
2127 646 2412 717 designati,

299 741 486 779 omnes
549 726 711 777 etiarn
775 720 1074 775 consulares
1124 720 1288 789 usque
1351 714 1417 768 ad
1467 730 1485 752 ⁶
1549 714 1861 785 Pompejum
1933 717 2266 788 Collegam:
2327 722 2413 777 ille

302 799 357 851 &
424 801 438 827 ⁷
489 796 820 865 septingenta
872 795 1030 847 millia
1081 792 1284 845 aerario
1334 786 1653 850 inferenda,
1693 787 1747 839 &
1791 788 2127 843 Marcianum
2166 793 2221 844 in
2257 793 2417 863 quin-

299 868 593 941 quennium
649 865 1033 938 relegandum,
1074 865 1315 921 Marium

290 1091 440 1130 'curator
462 1091 529 1131 fuit
553 1105 561 1130 ι
599 1090 746 1129 stimmo
770 1086 1035 1128 necessitudinis
1057 1085 1211 1126 vinculo·
1226 1089 1319 1137 pari-

293 1150 349 1181 ter
371 1144 568 1193 conjuncti.
596 1141 745 1180 Tertulli
771 1143 808 1179 ὃς
834 1141 990 1178 Maximi
1012 1139 1214 1177 consulatus
1237 1151 1317 1178 me-

293 1195 402 1233 minit
426 1195 510 1243 Ulp.
534 1193 580 1232 ad
609 1194 731 1241 legsm
762 1193 895 1239 juliam
929 1191 975 1230 de
1007 1189 1199 1228 adulteriis.
1252 1192 1315 1230 Se-

294 1255 411 1294 quens
431 1253 555 1283 tamen
580 1243 735 1293 Epistola
759 1241 980 1282 demonstrat
1004 1241 1204 1279 Tertullum
1234 1240 1317 1280 fuis-

293 1295 330 1333 se
353 1294 580 1343 delignatum
606 1296 694 1333 Cos.
713 1305 799 1330 cum
823 1299 949 1331 Nerva
971 1323 981 1339 ‚
1020 1294 1058 1331 δε
1081 1291 1313 1331 Tertulliano

296 1346 612 1384 Senatusconlitlto
638 1374 648 1389 ‚
685 1343 788 1394 quod
821 1344 960 1381 factum
1001 1343 1049 1382 est
1086 1344 1314 1392 temporibus

289 1395 341 1434 D.
361 1397 534 1441 Adriani,
561 1395 778 1441 Justinianus
798 1392 913 1432 ass'erit
934 1393 1076 1432 traxisse
1105 1394 1318 1442 appellatio-

291 1457 380 1485 nem
404 1459 423 1484 a
448 1448 611 1485 Tertullo.
666 1447 714 1484 D.
737 1443 959 1492 Augustinus
981 1443 1165 1483 irridendo
1187 1445 1317 1484 auctor

291 1497 365 1543 est,
395 1498 593 1536 Tertullum
618 1498 739 1536 virum
762 1506 913 1545 gravem
928 1524 939 1541 ‚
968 1497 1006 1534 &
1029 1495 1315 1545 philosophum,

290 1548 465 1589 Aedilem
500 1550 664 1587 futurum
698 1544 864 1585 clamasse
896 1559 934 1584 1n
965 1547 1108 1585 auribus
1141 1548 1316 1594 civitatis,

290 1600 385 1638 inter
417 1608 558 1638 caetera
588 1600 640 1638 sui
671 1598 892 1646 magistratus
926 1597 1045 1636 officia
1075 1596 1138 1637 fibi
1171 1597 1317 1638 Floram

291 1661 449 1690 matrem
482 1651 656 1689 ludorum
694 1650 898 1687 celebritate
933 1648 1161 1698 placandam.
1216 1650 1316 1688 Nam

291 1712 388 1751 quae
407 1701 476 1749 Jul.
501 1701 727 1751 Capitolinus
751 1699 796 1738 de
819 1704 851 1736 T
848 1698 960 1736 ertulo
982 1699 1097 1738 scribit
1120 1727 1130 1743 ,
1170 1711 1248 1737 non
1272 1701 1317 1739 de

290 1757 450 1791 Cornuto
477 1782 488 1798 ,
525 1752 585 1791 sed
606 1754 682 1803 ejus
705 1749 780 1790 filio
804 1778 815 1796 ,
852 1749 913 1788 vel
935 1749 1006 1788 alio
1029 1750 1124 1789 dicta
1146 1758 1316 1791 autumo.

298 1802 332 1840 C
346 1815 367 1840 A
383 1817 405 1842 T
423 1817 443 1841 Α
458 1816 495 1842 Ν.

346 1866 361 1892 Ι
391 1855 464 1893 Pro
488 1856 643 1894 veritate
657 1851 909 1902 firmiffimus.'}
956 1851 1155 1892 Lindenbr.
1188 1853 1317 1892 Oxon.

295 1905 335 1943 &
366 1905 532 1954 Bongtrs.
578 1907 734 1942 verita-te
758 1902 997 1951 firmiffimus,
1032 1902 1106 1941 fine
1131 1904 1318 1954 Praeposi-

293 1957 398 1994 tione
413 1985 422 2002 ‚
452 1969 546 2007 quae
567 1964 694 1994 tamen
715 1956 775 1992 hic
795 1955 844 1991 ita
866 1952 1055 1994 necessaria
1070 1953 1141 1999 est,
1169 1962 1209 1992 ut
1221 1956 1318 2004 apud

298 2007 411 2056 Crisp.
435 2007 512 2056 Iug.
536 2019 612 2056 cap.
635 2005 817 2044 XXVIII.
840 2018 874 2043 n.
900 2018 932 2054 ς.
988 2004 1215 2052 Firmiffimtts
1230 2018 1321 2044 con-

294 2063 348 2094 tra
375 2058 528 2107 pericula
561 2070 604 2097 <9¹
624 2056 776 2106 infidias.
831 2067 908 2105 quo
930 2056 1017 2093 loco
1037 2057 1103 2094 alia
1138 2064 1322 2094 notamus.

298 2108 433 2145 Cicero
455 2120 522 2158 pro
546 2109 692 2147 Milone
714 2119 790 2156 cap.
814 2105 993 2144 XXXIlI.
1050 2107 1109 2142 Vir
1132 2118 1175 2145 ω’
1198 2108 1236 2144 in
1255 2116 1321 2157 rep.

288 2158 501 2207 fortiffimus
516 2188 525 2204 ,
554 2170 597 2200 <y
619 2160 654 2197 in
674 2157 829 2206 suscepta
851 2155 966 2194 caussa
992 2154 1220 2195 firmiffimus.

349 2221 370 2246 2
399 2210 633 2261 Acceper.it.j
665 2209 701 2246 A
725 2209 922 2245 Martiano.
951 2207 1051 2244 Nam
1073 2214 1236 2245 trecenta
1249 2219 1327 2246 non

298 2260 594 2309 potuerant‘fittis
617 2259 759 2310 probari
781 2258 983 2297 Honorato
1017 2265 1138 2296 morte
1171 2259 1331 2297 interce-

328 2319 378 2349 to.
409 2312 581 2350 CA1·AN.‘

300 2324 326 2361 p
355 2374 373 2412 3
404 2360 597 2411 Aeraria]
638 2361 682 2399 In
715 2362 910 2410 pecuniam
937 2360 1120 2409 publicam
1143 2371 1328 2410 reponen-

302 2412 358 2451 da.
400 2414 492 2451 Non
514 2414 612 2452 enim
637 2421 738 2450 erant
761 2411 975 2451 restituenda
999 2412 1185 2449 Martiano
1210 2411 1329 2449 obno-

303 2465 368 2501 xio
391 2465 588 2513 majoribus
611 2463 785 2512 suppliciis
800 2492 810 2507 ‚
837 2461 941 2512 quod
964 2473 1004 2500 ea
1028 2461 1170 2500 summa
1194 2473 1328 2500 necem

303 2516 431 2565 equitis
456 2516 567 2553 Rom.
592 2514 742 2552 emirl‘et.
796 2514 990 2551 Aerarium
1014 2522 1087 2552 erat
1112 2542 1121 2558 ‚
1163 2524 1239 2562 quo
1262 2525 1330 2562 pu-

302 2566 393 2604 blica
427 2567 579 2616 pecunia
615 2576 676 2613 pei·
707 2565 918 2602 Praefectos
951 2565 1173 2602 referebatur
1198 2592 1208 2608 ‚
1236 2563 1328 2602 sicut

302 2616 420 2656 Fiscus
444 2629 521 2667 quo
541 2616 715 2664 Principis
746 2623 904 2653 tantum.
956 2615 1112 2653 Dictum
1144 2615 1188 2652 ab
1220 2626 1326 2653 aere:

300 2679 387 2706 nam
409 2677 494 2706 ante
518 2675 710 2715 argentum
737 2693 746 2710 ‚
784 2677 825 2703 ac
848 2677 942 2715 pene
965 2667 1074 2704 ctiam
1098 2677 1228 2703 aurum
1254 2694 1264 2711 ,
1292 2667 1328 2703 in

300 2721 424 2766 precio
448 2719 517 2756 fuit
539 2729 608 2755 aes.
646 2716 732 2755 Erat
752 2725 877 2755 autem
904 2718 1045 2755 Saturni
1066 2715 1174 2754 aedes
1188 2745 1198 2760 ,
1226 2716 1328 2766 quod

298 2777 470 2817 tempore
494 2797 504 2813 ‚
544 2779 620 2818 quo
646 2768 786 2806 ltaliam
809 2768 959 2805 incoluit
982 2797 992 2812 ‚
1044 2768 1156 2805 fertur
1178 2769 1216 2805 in
1250 2769 1327 2816 ejus

300 2816 428 2855 finibus
450 2820 589 2856 nu'lum
613 2817 683 2856 esse
707 2818 845 2856 furtum
871 2818 1107 2856 commissum
1123 2845 1132 2862 ,
1162 2820 1200 2856 &
1223 2819 1325 2868 quod

300 2868 363 2906 sub
394 2868 454 2904 illo
489 2869 574 2906 nihil
608 2878 682 2906 erat
704 2869 876 2918 cujusque
899 2870 1094 2918 privatum.
1117 2867 1203 2906 ideo
1227 2870 1324 2918 apu.i

301 2930 388 2955 curn
414 2919 590 2955 locamur
603 2919 726 2966 pripu'i
741 2920 893 2967 pecunia
907 2921 1119 2958 communis
1133 2948 1143 2964 ,
1171 2919 1232 2957 sub
1245 2932 1322 2969 quo

300 2966 445 3005 fuissent
479 2969 615 3004 cunetis
646 2967 808 3005 universa
847 2973 1073 3009 communia.
1132 2970 1192 3006 An
1221 2971 1324 3020 quod

299 3018 486 3056 fruetuum
502 3016 723 3054 inventor&
746 3019 1011 3064 agricolationis
1036 3019 1107 3057 effe
1131 3019 1320 3058 eiciatur?

301 3067 488 3106 fruetuum
513 3077 602 3104 vero
635 3069 740 3115 copia
772 3078 814 3103 ac
847 3066 1013 3104 venditio
1046 3071 1240 3116 pecuniam
1271 3071 1324 3117 gi-

301 3117 549 3209 gnat?IHaec
572 3128 618 3158 ex
637 3117 755 3170 Plinio
777 3117 847 3156 sen.
868 3117 1068 3156 Mitrobio
1084 3146 1094 3165 ‚
1125 3122 1162 3159 8<
1185 3121 1326 3161 Plutar-

307 3170 389 3208 cho.
439 3181 533 3209 nrm.
786 3168 812 3173 '⁴
1305 3166 1308 3171 ’

1364 853 1382 880 ⁸
1430 858 1858 930 repetundarum
1902 877 2135 932 poenae,
2195 860 2212 884 ⁹
2253 881 2417 945 quam

2305 955 2415 1008 jam

1446 1080 1471 1128 '4
1498 1080 1821 1131 marmandam]
1860 1080 2036 1119 Marium.
2084 1080 2256 1123 Ufi'tatius
2290 1084 2419 1124 dicitur

1397 1132 1564 1171 interdico
1588 1134 1708 1173 Mario
1729 1133 1837 1179 urbe,
1865 1144 1978 1183 quam
1999 1130 2120 1170 urbem
2135 1162 2146 1179 ‚
2170 1133 2286 1180 ficut,
2310 1137 2421 1174 inter-

1401 1184 1472 1221 dico
1496 1183 1564 1221 tibi
1590 1198 1686 1236 aqua
1710 1195 1753 1224 <J
1774 1184 1846 1234 igni
1863 1212 1873 1228 ‚
1896 1194 2009 1233 quam
2031 1193 2064 1221 te
2087 1197 2183 1234 aqua
2204 1197 2248 1224 co·
2267 1185 2346 1235 igni.
2367 1189 2424 1226 in-

1400 1233 1547 1272 terdum
1569 1244 1696 1273 tamen
1717 1235 1920 1273 accusativo
1929 1235 2118 1283 jungimus
2132 1235 2277 1274 diversis
2290 1237 2428 1278 modis.

1402 1285 1502 1322 Nam
1524 1284 1624 1324 idem
1649 1286 1730 1324 Lib.
1754 1287 1803 1323 V.
1857 1284 2142 1322 interdicendum
2166 1286 2193 1323 ei
2213 1287 2421 1328 advocatio.

1399 1347 1478 1374 nem
1501 1336 1602 1375 dixit.
1654 1337 1768 1387 Apud
1792 1338 1969 1375 Senecam
1991 1343 2046 1373 ter
2068 1335 2167 1373 idem
2192 1337 2335 1377 dicendi
2360 1350 2428 1388 ge-

1401 1397 1467 1424 nus
1499 1394 1671 1426 notamus
1695 1417 1705 1433 ,
1737 1385 1956 1438 poffiffionern
1987 1385 2155 1424 interdico
2186 1387 2250 1425 tibi
2271 1417 2283 1433 ,
2309 1390 2430 1430 witta>

1400 1438 1545 1475 domum
1566 1451 1681 1476 meam
1699 1439 1911 1477 interdicam
1932 1465 1943 1482 ,
1980 1448 2022 1476 ω’
2055 1449 2124 1474 non
2152 1437 2331 1477 interdicit
2356 1440 2428 1490 fibi

1400 1500 1440 1523 ac
1483 1488 1537 1526 uis
1568 1490 1852 1527 admirationem.
1907 1488 1959 1526 At
1990 1488 2103 1535 Julius
2137 1489 2288 1532 Caesar,
2316 1493 2427 1529 Ario-

1400 1538 1439 1575 vi
1468 1552 1530 1576 um
1550 1541 1670 1590 inquit
1691 1540 1785 1578 omni
1807 1537 1927 1576 Gallia
1958 1545 2052 1576 Rom.
2079 1539 2302 1588 interdixiffe.
2339 1543 2427 1580 Edi-

1400 1601 1435 1626 co
1468 1591 1509 1628 &
1545 1590 1712 1628 interdico
1745 1589 1917 1628 differunt
1940 1601 1949 1624 :
1976 1589 2142 1627 edicimus
2165 1616 2174 1631 ,
2208 1601 2304 1638 quae
2320 1592 2427 1639 jube-

1402 1651 1506 1678 mus:
1534 1641 1774 1679 interdicimus
1795 1651 1912 1684 vero,
1940 1650 2035 1688 quae
2067 1646 2244 1677 vetamus.
2297 1640 2426 1691 Itaque

1401 1691 1580 1730 PraetorIs
1604 1692 1721 1731 edilia
1746 1693 1784 1730 &
1818 1688 2010 1729 interdieta
2043 1689 2221 1728 dicuntur.
2274 1691 2427 1732 Tacitus

1402 1742 1545 1830 ilnsuper
1567 1753 1635 1791 pro
1657 1743 1816 1782 interdici
1840 1753 1936 1792 aqua
1955 1750 2000 1780 <9⁹
2019 1739 2116 1790 igni,
2143 1741 2222 1779 usus
2245 1740 2293 1780 est
2302 1745 2432 1783 arceri..

1427 1805 1521 1831 DEM.

1455 1856 1475 1891 ς
1506 1844 1796 1896 Advocatione.]
1826 1843 2071 1884 Accusatione
2094 1840 2312 1882 demandata
2334 1856 2353 1882 a
2367 1846 2431 1885 Se-'

1404 1901 1502 1931 nam.
1531 1895 1632 1934 Nam
1654 1897 1873 1936 Advocatus
1897 1906 2102 1934 commune
2120 1895 2275 1933 verbum
2290 1895 2337 1934 est
2349 1904 2434 1935 tam-

1402 1945 1615 1985 accusatoris
1637 1958 1748 1997 quam
1775 1946 1997 1991 defensoris,
2025 1947 2088 1995 qui
2120 1945 2146 1983 fi
2178 1945 2312 1984 inutilis
2344 1946 2435 1984 foro-

1402 1995 1570 2036 extitiffet
1602 2027 1612 2043 ,
1641 1997 1754 2045 vulgo
1805 1995 2015 2035 Caufidicus
2053 1995 2246 2033 dicebatur.
2285 1995 2432 2036 Fabius.v

1403 2044 1458 2084 ID
1474 2061 1547 2086 EM.
1575 2048 1794 2093 Mediceus,
1820 2046 1991 2096 Bongars.
2026 2048 2065 2084 &
2095 2045 2258 2100 Arnien.
2313 2047 2429 2086 advo-

1403 2099 1538 2137 catione
1559 2100 1742 2149 diligenter
1767 2101 1805 2138 &
1827 2099 1968 2137 fortiter
1985 2097 2106 2146 funffi
2138 2096 2277 2146 effemus
2302 2126 2313 2143 ,
2349 2110 2434 2137 non.

1392 2149 1610 2200 fortiterque
1624 2179 1635 2195 ‚
1663 2149 1765 2200 quod
1788 2148 1836 2186 est
1859 2150 1897 2186 in
1920 2150 2091 2186 omnibus
2115 2148 2277 2195 vulgatis.

1454 2200 1477 2235 6
1507 2201 1705 2250 Pompejttm
1731 2198 1954 2248 allegam]
1984 2198 2098 2249 Apud
2121 2198 2322 2248 Josephum
2347 2199 2434 2238 Lib.

1403 2249 1492 2288 VII.
1517 2251 1603 2290 falso
1626 2252 1756 2300 legitur
1777 2250 1935 2300 Collegas
1957 2262 2023 2299 pro
2047 2249 2187 2299 Collega
2213 2278 2223 2295 ,
2254 2251 2344 2297 Vix,
2371 2252 2430 2289 in-

1402 2303 1481 2350 quit
1495 2330 1505 2346 ,
1533 2313 1649 2340 motus
1677 2315 1794 2340 eornm
1811 2302 1929 2351 potuit
1952 2302 2136 2348 reprimere
2157 2329 2168 2344 ‚
2197 2300 2337 2350 Collega
2358 2302 2430 2338 ad·-

1403 2351 1470 2388 huc
1489 2353 1633 2399 juvenis
1649 2383 1659 2398 ‚
1690 2358 1841 2402 Legatus
1865 2381 1876 2398 ,
1897 2351 2074 2403 postulans
2088 2350 2157 2402 fibi
2176 2351 2355 2401 praemitti
2371 2350 2426 2386 ad

1401 2403 1590 2453 Caesarem
1608 2404 1711 2454 gesta.
1741 2405 1773 2442 C
1788 2416 1847 2440 AT
1863 2417 1886 2441 A
1900 2416 1936 2441 N.
1959 2401 2178 2452 collegam]
2207 2402 2323 2441 Scribe
2345 2397 2426 2436 Col-

1401 2455 1540 2502 legam,
1569 2457 1607 2494 ὃ(
1640 2456 1688 2493 ita
1722 2453 1892 2503 deinceps
1923 2454 2065 2503 semper
2095 2455 2134 2493 in
2162 2450 2232 2492 'hac
2267 2446 2419 2498 epistola.

1408 2505 1578 2545 casinen.

1455 2568 1474 2604 7
1507 2557 1724 2606 septingenta
1748 2557 1863 2595 millia
1888 2583 1898 2600 ,
2368 2600 2381 2606 Ἴ

1403 2608 1539 2645 aerario
1562 2608 1788 2658 inferenda.]
1818 2608 1873 2646 Ita
1896 2605 2047 2644 cunctae
2059 2599 2299 2655 Eddcomra
2314 2598 2421 2655 MSS.

1402 2660 1512 2698 nostri
1547 2671 1677 2698 omnes
1711 2660 1868 2697 omnino
1894 2685 1904 2702 ,
1941 2658 2028 2694 item
2058 2650 2244 2689 Bodlelassl
2269 2651 2306 2687 &
2331 2649 2420 2686 Lm·

1404 2711 1499 2749 coln.
1522 2722 1616 2761 quos
1641 2711 1791 2749 Hearne
1814 2706 1961 2748 excussit
1982 2732 1993 2748 2
2032 2709 2101 2737 “0³
2122 2710 2233 2736 VOCCS
2254 2711 2341 2755 quae
2364 2713 2424 2756 M,-

1403 2770 1536 2811 ceperat
1558 2762 1698 2799 Marius
1723 2758 1863 2809 prorsus
1887 2752 2091 2804 excludunt·
2113 2751 2151 2787 ὅ(
2174 2760 2307 2786 mento
2343 2762 2424 2799 qui-

1406 2811 1491 2850 dem
1516 2825 1525 2850 z
1565 2811 1745 2862 siquidem
1778 2807 1927 2856 repetita
1959 2801 2038 2840 sunt
2060 2797 2120 2836 ista
2145 2811 2190 2837 ex
2211 2799 2298 2837 loco
2322 2801 2426 2849 supe-

1406 2862 1502 2900 riore
1533 2875 1567 2900 n.
1601 2875 1657 2912 19.

1458 2912 1479 2949 3
1510 2912 1796 2960 Repetundamn·
1808 2900 1971 2953 pomae]
2019 2901 2074 2938 Ut
2097 2901 2341 2950 quuiruplum
2364 2901 2427 2950 ab·⁴

1405 2963 1467 3001 lati
1489 2961 1730 3010 persolveret,
1758 2966 1826 2992 nec
1851 2953 2020 2991 exularet.
2052 2954 2206 2989 (LA-sm.

1452 3023 1474 3058 9
1501 3011 1623 3057 §Luam
1637 3009 1719 3056 jam
1735 3004 1849 3055 paffus
1870 3002 1982 3053 effen]
2014 3004 2070 3042 Sic
2094 3013 2225 3040 omnes
2248 3003 2429 3042 editiones

1403 3063 1441 3100 &
1468 3059 1540 3097 Pal.
1595 3059 1727 3095 lverim
1754 3065 1880 3092 tamen
1902 3053 2052 3102 pedibus
2077 3054 2112 3089 in
2137 3053 2430 3100 sagacistimiviri

1397 3111 1492 3151 Petri
1517 3108 1618 3148 Fabri
1638 3108 1852 3150 sententiam
1870 3133 1880 3151 ‚
1909 3104 2084 3145 censentis
2108 3103 2164 3143 iila
2181 3132 2191 3150 ,
2220 3117 2328 3155 quam
2344 3105 2425 3152 jam

2317 3153 2440 3206 paffur,

1938 2567 2031 2605 quae
2053 2557 2235 2599 acceperat
2257 2547 2393 2585 Marius
2407 2577 2417 2592 ‚
