2616 3686
735 148 1114 220 ‘PRAEE
1173 169 1287 220 IN
1340 171 1845 228 PL.EPIST.

220 299 310 349 tati
326 294 459 358 magis
481 295 686 358 usi-tatum
703 290 789 355 est,
815 290 1076 355 fiquendum
1090 299 1305 352 putemus.
1373 293 1443 339 At
1463 292 1567 341 Lib.
1604 295 1642 340 I.
1680 295 1827 358 Epist.
1867 298 2002 348 VIII.
2049 303 2106 364 est
2141 309 2304 366 quidem
2329 326 2400 359 ae-

218 379 297 428 que
319 361 484 408 Latina
505 377 591 409 vox
611 368 805 423 utraque.
843 358 933 406 Sed
953 372 1059 420 quae
1080 358 1264 420 margini
1286 354 1530 419 adscripta,
1565 361 1699 422 magis
1730 376 1823 409 cum
1852 379 1900 410 ea
1923 380 1968 411 re
1986 396 2002 424 ,
2041 369 2091 414 de
2122 386 2204 430 qua
2231 376 2401 437 agitur,

218 429 431 477 convenit.
500 427 731 494 Qaedam
742 424 853 487 fient
874 424 1048 486 denique
1067 423 1257 470 lectiones
1281 425 1466 486 margini
1483 421 1722 487 adscriptae
1742 459 1758 485 ,
1791 429 1941 489 quibus
1966 433 2130 491 plenior
2147 435 2287 496 subest
2303 438 2405 495 sen-

220 496 358 543 tentia
373 510 390 540 :
424 495 549 541 immo
571 493 722 556 quibus
733 491 840 554 solis
851 489 1036 554 fortaffe
1047 490 1176 550 plena
1185 488 1350 551 subeffie
1369 491 1451 536 clici
1462 491 1585 550 poffit
1599 528 1612 550 ,
1647 506 1776 553 quum
1797 495 1896 540 illae
1916 528 1932 554 ‚
1977 498 2206 558 quaesunt
2236 504 2282 545 in
2310 510 2404 546 tex-

219 571 298 621 tu,
333 561 503 607 minime
516 560 682 620 plenam
691 557 774 619 sed
796 555 1083 618 imperfebtam
1118 554 1271 600 habere
1292 556 1549 611 sententiam
1581 557 1777 603 dicendae
1793 561 1903 620 fint.
1970 563 2155 609 illarum
2187 566 2208 611 ὲ
2237 581 2405 614 numero

222 626 278 687 est
305 625 534 688 quaedam,
569 626 614 669 in
634 624 893 684 Panegyrico
905 641 923 677 3
958 620 1154 687 Quanto
1188 635 1312 667 nunc
1345 621 1491 669 tutior
1516 658 1530 679 ,
1569 637 1745 685 quanto
1780 625 1982 674 securior
2012 629 2174 676 eadem
2207 631 2368 678 domus
2388 670 2403 690 ‚

223 692 468 754 postquam
496 690 595 751 ejus
620 703 715 734 non
743 687 1030 735 crudelitatis
1056 685 1131 732 sed
1156 686 1324 732 amoris
1355 687 1589 745 excubiis,
1630 703 1726 736 non
1752 688 2002 740 solitudine
2023 693 2074 741 &
2095 695 2298 743 claustris
2329 696 2406 744 de-

223 756 460 805 fenditur!
496 754 618 800 Haec
641 753 750 799 enim
771 753 887 798 lectio
917 767 997 797 non
1018 752 1188 810 plenam
1207 787 1220 807 ‚
1244 750 1328 810 sed
1355 751 1646 812 imperfectam
1673 753 1939 814 sententiam
1973 759 2088 804 nobis
2118 759 2195 805 dat
2220 798 2232 818 ,
2277 776 2408 823 quum

225 831 275 867 ut
297 820 559 867 crudelitatis
583 819 767 864 excubiis
795 818 1054 878 obponuntur
1076 817 1232 863 amoris
1254 816 1449 862 excubiae
1469 849 1485 874 ‚
1519 832 1598 863 non
1627 820 1729 864 item
1751 821 1983 882 solitudini
2012 824 2067 876 ὅ
2101 825 2293 887 claustris
2323 829 2410 873 ali-

222 885 326 948 quid
343 887 584 945 obponatur.
651 886 719 931 At
746 885 791 929 in
818 884 985 929 lectione
1005 898 1110 944 quae
1138 883 1319 949 margini
1340 880 1395 942 est
1415 880 1632 945 adscripta
1652 920 1664 942 ,
1700 885 1810 931 illud
1825 886 2032 930 ἀντίθετον
2060 889 2277 939 habemus.
2331 893 2409 938 Ita

223 952 332 999 enim
352 951 532 1012 legitur,
571 962 746 1012 quanto
784 964 910 995 nunc
933 960 966 995 t.
1006 965 1047 1011 q.
1085 947 1113 994 s.
1151 964 1192 994 e.
1229 947 1272 994 d.
1310 963 1359 1008 p.
1393 949 1492 1010 ejus
1527 964 1622 996 non
1650 965 1711 996 cr.
1750 949 1826 997 sed
1857 969 1942 1002 am.
1982 971 2082 1003 exe.
2122 971 2218 1003 non
2252 957 2405 1005 solitu-

223 1016 332 1065 dine
355 1014 405 1062 &
428 1014 658 1074 claustris,
699 1013 777 1061 sed
813 1013 988 1060 civium
1021 1012 1291 1060 celebritate
1324 1012 1629 1061 defenditur!
1679 1014 1843 1062 Verum
1879 1019 1928 1064 de
1959 1021 2200 1066 lectionibus
2225 1025 2410 1084 margini

225 1081 470 1140 adscriptis,
514 1095 622 1142 quae
645 1081 830 1126 meliores
843 1078 949 1140 sunt
969 1080 1050 1136 iis,
1082 1092 1186 1139 quas
1207 1076 1335 1122 habet
1360 1086 1504 1124 textus
1526 1115 1538 1137 ‚
1576 1078 1790 1128 hactenus.
1853 1084 1976 1131 Haec
2005 1088 2114 1131 enim
2146 1086 2207 1132 ad
2237 1090 2411 1135 redden-

224 1148 325 1192 dum
347 1155 388 1190 te
411 1155 584 1192 cautum
595 1146 710 1209 satis
738 1145 814 1206 eſje
829 1143 938 1204 poffit
970 1144 1172 1203 existimo,
1243 1143 1465 1189 Interdum
1499 1160 1601 1190 vero
1631 1161 1682 1190 ex
1719 1147 1890 1211 cliverfit
1920 1152 2089 1197 lectione
2119 1153 2285 1213 aliquid
2313 1162 2408 1200 tan-

226 1224 316 1258 tum
325 1209 495 1272 sumere
517 1212 663 1272 neceffl’
682 1210 764 1270 cst:
799 1221 845 1256 ut
869 1211 913 1254 in
927 1209 1134 1269 principio
1154 1208 1344 1268 epistolae
1366 1209 1556 1256 XXIX.
1593 1211 1694 1256 libri
1715 1229 1781 1261 VI.
1837 1215 2038 1264 Avidius
2063 1217 2263 1283 Quietus
2279 1255 2292 1275 ,
2331 1218 2409 1281 qui

225 1293 300 1324 me
333 1276 472 1324 unice
503 1278 690 1334 dilexit,
728 1275 779 1324 &
801 1274 876 1322 cui
897 1291 992 1321 non
1019 1275 1267 1321 minimum
1292 1275 1488 1337 gaudeo.
1559 1276 1649 1322 Hic
1679 1279 1789 1324 enim
1819 1283 2003 1341 margini
2033 1283 2289 1344 adscriptum
2323 1283 2412 1343 est:

227 1345 336 1410 Quo
360 1357 456 1388 non
488 1343 639 1390 minus
662 1342 858 1404 gaudeo.
897 1340 1048 1404 ,Quam
1076 1341 1286 1385 lebtienem
1305 1343 1338 1398 fi
1357 1349 1496 1386 totam
1518 1357 1598 1387 non
1613 1341 1861 1404 sumamus,
1883 1346 2042 1407 saltem
2075 1349 2269 1394 voculam
2295 1349 2407 1416 Quo

226 1424 276 1453 ex
300 1422 351 1453 ea
361 1405 531 1466 sumere
560 1406 614 1458 Εὐ)
639 1409 682 1452 in
710 1408 843 1452 locum
865 1407 1035 1452 voculae
1060 1405 1147 1451 Cui
1159 1403 1415 1465 substituere
1436 1407 1585 1466 neceſje
1611 1409 1798 1457 videtur.

292 1471 467 1532 Alioqui
492 1482 597 1518 certe
619 1474 805 1518 lectiones
828 1472 871 1516 in
889 1480 1125 1516 contextum
1146 1479 1332 1530 receptae
1347 1471 1594 1531 plerumque
1604 1472 1714 1533 sunt
1747 1477 1932 1523 meliores
1963 1479 2015 1523 iis
2040 1517 2052 1537 ,
2090 1495 2196 1540 quae
2224 1480 2409 1541 margini

227 1537 465 1601 adscriptae
479 1537 693 1598 fuerunt:
729 1552 909 1598 quarum
930 1537 1149 1581 nonnullae
1177 1552 1230 1580 ex
1245 1535 1416 1594 scholiis
1451 1538 1654 1595 irrepfiffi’
1684 1540 1827 1584 videri
1850 1543 2034 1600 poffunt.
2084 1546 2150 1588 Ut
2180 1545 2296 1591 Non
2328 1546 2406 1593 da-

229 1615 303 1648 tur
323 1639 336 1659 ‚
364 1614 443 1658 pro
468 1603 697 1663 Negatur.
771 1602 843 1646 Sic
862 1601 966 1643 alibi
998 1601 1099 1644 haec
1121 1599 1200 1644 duo
1229 1599 1363 1643 verba
1394 1603 1578 1660 margini
1607 1601 1823 1663 adscripta
1848 1619 1863 1649 .·
1911 1608 2142 1656 Inoffensa
2180 1609 2408 1656 valetudi-

230 1681 314 1723 ne,
351 1664 404 1710 ab
430 1667 569 1726 aliquo
591 1664 782 1725 prosec‘ta
806 1664 948 1710 videri
961 1663 1129 1723 poffitnt
1158 1666 1230 1723 qui
1250 1677 1446 1723 exponere
1467 1667 1652 1710 voluerit
1683 1668 1794 1727 quod
1817 1670 1876 1729 est
1906 1673 1951 1715 in
1982 1682 2104 1718 textu
2139 1675 2402 1721 vocabulum.

229 1729 303 1776 Sic
321 1729 458 1790 ficpra
486 1732 626 1776 monui
664 1727 835 1791 (quum
865 1730 1049 1787 exempla
1079 1729 1284 1787 quaedam
1315 1728 1530 1789 adferrem
1560 1729 1775 1777 ἐλλείψεωῦ
1806 1769 1818 1790 ,
1864 1736 2012 1795 quibus
2042 1738 2272 1784 brevitatis
2298 1754 2405 1800 gra-

227 1796 292 1839 tia
316 1798 456 1841 utitur
480 1791 686 1855 Plinius)
719 1808 798 1838 non
837 1794 914 1852 eſje
947 1793 1130 1853 abstmile
1162 1809 1262 1838 vero
1303 1794 1481 1839 verbum
1520 1795 1746 1844 Trastavi
1767 1812 1819 1842 ex
1831 1799 1990 1860 scholio
2009 1804 2207 1863 manaffi’.
2255 1805 2404 1868 Quae-

229 1859 327 1905 dam
358 1862 488 1906 etiam
521 1860 706 1905 lectiones
725 1874 775 1904 ex
798 1859 878 1916 iis,
913 1872 1019 1917 quas
1042 1872 1185 1920 margo
1217 1858 1376 1917 habet,
1420 1859 1533 1905 credi
1557 1861 1726 1921 poffunt
1758 1875 1838 1909 aut
1867 1866 1911 1907 ἐκ
1931 1866 2287 1927 monetmonet-wc,
2323 1883 2405 1916 amr

231 1940 282 1968 ex
308 1940 373 1982 eo,
412 1926 519 1986 quod
537 1939 614 1970 non
629 1925 813 1984 potuerit
845 1924 922 1983 legi
955 1923 1127 1984 aliquod
1158 1926 1321 1971 veteris
1351 1927 1602 1985 exemplaris
1631 1927 1881 1975 vocabulum
1903 1967 1916 1987 ‚
1962 1930 2040 1989 effi>
2061 1932 2288 1993 profectae.
2339 1938 2404 1982 Ut

229 1989 392 2049 epistola
429 1990 585 2035 decima
603 1989 732 2047 sexta
756 1988 855 2033 libri
863 1987 1007 2048 sexti,
1035 2001 1113 2048 pro
1143 1988 1211 2034 his
1234 2027 1247 2048 ,
1294 1990 1498 2037 Retinae
1535 1992 1742 2039 claffiarii
1778 1994 2043 2042 imminenti
2075 1999 2283 2058 periculo
2318 2018 2399 2048 ex-

231 2054 406 2110 territi,
442 2056 487 2098 in
505 2056 691 2116 margine
712 2055 894 2114 legitur:
928 2054 1159 2101 Retinere
1183 2055 1334 2102 amici.
1406 2055 1495 2100 Ubi
1520 2071 1571 2100 ex
1591 2058 1795 2106 Retinae
1815 2059 1989 2121 fuitum
2019 2062 2248 2111 Retinere
2268 2103 2280 2123 ‚
2329 2071 2401 2112 vi-

230 2118 319 2164 deri
340 2119 468 2180 potest
493 2120 546 2164 ab
567 2121 646 2178 iis,
683 2122 755 2181 qui
777 2121 850 2165 vel
875 2119 1106 2166 Retinere
1135 2132 1207 2178 pro
1231 2119 1437 2167 Retinae
1467 2121 1575 2166 male
1600 2123 1809 2183 legerunt,
1846 2127 1921 2171 vel
1945 2123 2021 2172 hcc
2049 2127 2254 2175 Retinae
2289 2147 2403 2177 nien-

228 2181 367 2244 dosum
393 2195 589 2242 putantes
611 2223 623 2242 ‚
661 2185 887 2232 Retinere
919 2185 965 2228 in
995 2186 1084 2245 ejus
1113 2185 1246 2230 locum
1268 2184 1592 2248 substituerunt.
1662 2188 1756 2234 Hoc
1787 2191 1951 2250 quidem
1982 2201 2090 2238 certe
2120 2194 2275 2252 constat
2295 2229 2309 2253 ,
2355 2201 2401 2242 in

230 2249 432 2294 nonnullis
456 2252 754 2310 ignorationem
782 2248 963 2304 alicujus
986 2250 1204 2307 vocabuli,
1237 2262 1317 2295 aut
1347 2249 1580 2310 cujuspiam
1604 2255 1768 2314 generis
1799 2255 1989 2316 loquendi
2009 2257 2196 2317 perspici.
2268 2261 2401 2312 Cuius

228 2315 290 2358 rei
319 2318 546 2374 exemplum
572 2316 771 2362 habemus
813 2315 914 2361 Lib.
959 2316 1041 2360 ΠΙ.
1077 2314 1222 2376 Epist.
1258 2316 1324 2362 V.
1370 2331 1414 2361 n.
1465 2330 1506 2376 7.
1551 2332 1677 2376 quum
1706 2321 1816 2364 enim
1849 2322 1909 2365 ibi
1949 2324 2114 2382 legatur
2153 2324 2198 2367 in
2238 2333 2398 2373 textu:

227 2379 444 2437 Medium
471 2393 653 2442 tempus
676 2379 929 2427 distentum
954 2379 1321 2441 impeditumque
1346 2396 1435 2442 qua
1458 2381 1621 2428 officiis
1647 2385 1886 2442 maximis,
1925 2403 2012 2448 qua
2034 2387 2241 2435 amicitia
2273 2394 2398 2451 prin-

227 2443 412 2504 cipum,
449 2445 587 2507 egisse
612 2444 911 2506 pernoscitur.
980 2446 1158 2508 Quum,
1195 2445 1368 2504 inquam
1387 2477 1402 2499 ‚
1434 2446 1500 2488 ita
1529 2448 1696 2507 legatur
1719 2450 1764 2493 in
1787 2456 1936 2507 textu,
1973 2452 2062 2496 alia
2090 2453 2208 2498 leaflio
2232 2456 2400 2515 irrepfit

229 2507 382 2572 Quam
402 2523 477 2566 pro
505 2510 633 2576 Qua:
671 2525 721 2554 ex
743 2510 930 2570 ignorato
950 2510 1020 2553 illo
1048 2509 1266 2565 particulae
1293 2510 1399 2574 Qua
1422 2508 1513 2565 usu.
1581 2512 1758 2572 Alioqui
1767 2514 1812 2572 st
1833 2516 1876 2558 in
1897 2517 2034 2573 priore
2067 2518 2147 2564 lose
2181 2513 2399 2571 substitue-

223 2582 344 2617 retur
369 2574 522 2640 Quam
542 2587 619 2631 pro
647 2574 781 2640 Qua,
815 2573 923 2618 idem
946 2572 1000 2624 {9⁷
1032 2576 1076 2618 in
1098 2571 1322 2631 posteriore
1334 2571 1578 2631 faciendum
1603 2576 1714 2634 cff’t.
1779 2580 1950 2624 Alicubi
1982 2597 2122 2627 vocem
2147 2577 2279 2645 magis
2310 2588 2398 2643 fre-

223 2647 412 2696 quentem
443 2639 653 2700 magisque
682 2647 824 2683 notam
847 2639 928 2683 loco
955 2638 1069 2696 ojus,
1104 2652 1208 2697 quae
1237 2639 1379 2682 rarior
1400 2637 1481 2697 est,
1515 2639 1641 2686 habet
1674 2643 1791 2688 lectio
1824 2648 2005 2707 margini
2046 2649 2259 2707 aalfcripta
2284 2644 2309 2708 ,'
2347 2665 2398 2699 ut

223 2703 270 2747 in
304 2701 515 2761 Pas-sagq.
556 2705 605 2750 C.
645 2704 866 2750 XLVIII.
902 2719 944 2749 n.
994 2719 1038 2761 4.
1089 2702 1430 2750 Observabatur
1461 2717 1540 2763 pro
1581 2706 1925 2758 Obversabatur
1949 2749 1962 2770 ,
2019 2706 2131 2772 quod
2172 2717 2322 2776 legitur
2352 2722 2398 2765 in

226 2777 379 2825 textu,
414 2769 570 2829 legique
602 2771 762 2814 omnino
783 2768 914 2815 debet.
985 2769 1062 2814 Ne
1082 2767 1155 2813 hoc
1179 2767 1343 2827 quidem
1362 2767 1648 2829 diffimuIabO,
1683 2773 1890 2832 quasdam
1922 2777 1998 2836 effe
2033 2782 2215 2837 margini
2238 2782 2395 2841 adseri-

217 2843 317 2893 pta*
349 2835 563 2892 lebliones,
601 2850 693 2880 cum
717 2834 865 2895 quibus
894 2832 1104 2893 nonsatis
1126 2832 1315 2878 cohaeret
1339 2833 1448 2893 quod
1462 2836 1656 2897 sequitur
1677 2839 1722 2883 in
1742 2850 1876 2885 textu.
1948 2843 2011 2887 Ut
2042 2838 2204 2904 epistola
2236 2864 2321 2903 xx,
2348 2852 2400 2894 Ji-

225 2898 294 2944 bri
311 2901 460 2956 tertii,
497 2916 624 2960 quum
645 2902 690 2945 in
719 2909 840 2946 textu
866 2901 1059 2961 legatur:
1092 2897 1436 2953 Excesseramus
1460 2900 1564 2947 sane
1590 2903 1844 2952 manifestis
1867 2907 1952 2953 illis
1978 2911 2268 2972 apertisque,
2309 2915 2396 2961 suf-

226 2963 380 3023 fragiis
408 2966 646 3022 licentiam
674 2965 983 3022 concionum,
1019 2964 1206 3026 margini
1240 2963 1499 3023 adscriptum
1516 2965 1610 3026 est,
1647 2967 1968 3029 Exceffiramus
1981 2974 2088 3033 sane
2114 2978 2278 3022 modum
2303 2979 2396 3030 &a

228 3043 330 3089 quae
352 3030 566 3079 cohaerere
589 3047 670 3080 non
694 3030 864 3095 poffunt
896 3045 991 3078 cum
1020 3032 1101 3092 iis,
1137 3043 1241 3091 quae
1254 3027 1499 3123 [iqffl‘sstm
1519 3068 1531 3089 ‚
1569 3034 1645 3097 nist
1676 3035 1843 3096 aliquid
1873 3038 1932 3084 ad
1949 3054 1995 3084 ca
2031 3044 2298 3090 connectenda
2323 3045 2400 3090 ac!-

229 3093 368 3153 datur.
1456 3110 1480 3157 3
2323 3114 2370 3157 A
2378 3108 2404 3156 d
