2616 3686
325 211 414 276 ¹¹⁶8
569 197 2225 259 GPLINIICAECILIIS'ECUNDI

323 284 602 358 proximae
640 281 806 338 silvae.
845 297 1081 338 caeteras
1118 283 1299 354 copias
1336 277 1349 297 ¹
1386 281 1635 336 Ostiensis
1675 280 1890 334 colonia
1926 281 2199 357 ministrat.
2273 282 2457 360 Frugi

325 358 548 430 quidem
588 356 793 412 homini
830 354 1026 410 sufficit
1051 357 1211 410 etiam
1236 365 1252 383 ²
1280 357 1453 416 vicuS,
1492 371 1656 424 quem
1682 368 1781 407 una
1809 352 1924 405 villa
1953 353 2224 410 discernit.
2249 357 2305 412 in
2332 360 2437 415 hoc

328 430 529 484 balinea
559 435 574 462 ³
603 429 874 483 meritoria
900 429 1025 482 tria:
1072 428 1272 497 Magna
1299 425 1689 487 commoditas,
1728 424 1761 477 si
1787 423 2242 481 forie⁴balineum
2258 429 2441 498 domi,

329 504 408 557 vel
436 501 636 556 subitus
663 501 953 562 adventus,
991 500 1076 553 vel
1121 499 1340 552 brevior
1366 515 1516 551 mora
1539 499 1831 552 calefacere
1872 493 2182 551 dissuadeat.
2259 503 2438 559 Littus

327 587 521 628 ornant
551 574 804 627 varietate
828 569 1116 641 gratissima
1142 587 1283 624 nunc
1316 570 1569 622 continua
1596 607 1612 631 ,
1649 586 1792 623 nunc
1815 568 2105 622 intermiffa
2135 569 2270 626 tecla
2297 576 2441 629 villa-

325 663 443 702 rum
461 685 476 710 ‚
516 661 652 718 quae
679 646 938 716 praestant
967 643 1255 697 multarum
1281 640 1492 695 urbium
1516 639 1710 695 faciem
1736 677 1754 704 ‚
1808 656 1821 681 ⁵
1849 639 1954 694 sive
1980 639 2092 711 ipso
2116 643 2245 696 mari
2271 681 2285 708 ,
2334 645 2438 701 five

320 865 390 906 stus
414 879 433 905 a
458 868 563 917 copia
587 865 695 904 fandi.
719 867 758 904 ὃ(
780 864 1005 905 Terentium
1028 862 1168 913 affatim
1201 865 1238 904 id
1270 863 1318 903 est
1333 892 1343 909 ‚

320 918 366 955 ad
387 917 633 956 lassitudinem
657 915 853 967 protulisse.
882 916 1088 954 Columella
1121 915 1265 964 affatim
1291 916 1345 964 pi-

319 967 391 1006 leas
427 968 517 1007 dixit
539 996 549 1013 ,
591 969 630 1006 &
650 970 855 1017 plerunque
878 979 925 1004 eo
947 966 1090 1005 dicendi
1111 977 1246 1014 genere
1268 967 1348 1005 usus

319 1017 379 1056 est.
409 1020 632 1058 Ammianus
657 1019 839 1057 referente
865 1018 986 1056 Gellio
1009 1024 1110 1066 putat
1135 1018 1250 1066 prima
1264 1029 1350 1055 acu-

317 1077 355 1106 ta
380 1069 716 1119 pronunciandum.
745 1070 777 1106 C
791 1081 812 1105 A
829 1082 852 1107 τ
869 1082 889 1105 A
906 1081 942 1106 N.
970 1070 1027 1107 Sic
1039 1078 1277 1105 commeatum
1289 1071 1348 1114 af-

311 1120 430 1166 fatim
455 1119 545 1159 dixit
568 1120 744 1158 Sallustius
759 1147 769 1164 ‚
798 1121 860 1169 qui
882 1121 921 1158 δε
943 1120 1026 1157 alias
1048 1119 1154 1156 huius
1188 1121 1350 1157 notionis

319 1171 509 1220 particulas
531 1173 568 1210 in
590 1171 651 1209 tali
673 1170 946 1209 construetione
965 1179 1105 1219 ponere
1126 1168 1225 1207 solet.
1252 1169 1350 1209 Vide

322 1220 369 1259 ad
395 1222 498 1259 Catil.
521 1233 597 1264 cap.
620 1221 721 1259 XXI.
746 1233 781 1258 n.
809 1234 836 1259 1.

378 1285 392 1309 1
426 1267 588 1322 Ostiensis
621 1270 792 1321 colonia]
834 1271 977 1311 Ostiam
1001 1271 1186 1310 coloniam
1213 1272 1352 1310 mariti-

320 1323 390 1360 mis
439 1324 708 1361 commeatibus
757 1333 1008 1371 opportunam
1070 1322 1351 1370 Septentrionali

319 1382 422 1421 parte
455 1373 501 1410 ad
534 1373 665 1411 ostium
702 1372 861 1421 Tyberis
884 1375 1010 1411 Ancus
1034 1372 1189 1410 Martius
1211 1373 1353 1411 Roma-

320 1433 456 1461 norum
491 1424 574 1460 Rex
608 1422 760 1461 deduxit
801 1422 1015 1461 testimonio
1048 1422 1135 1460 Cor.
1170 1423 1351 1472 Nepotis,

316 1472 423 1512 Plinii
457 1474 657 1517 avunculi,
702 1475 741 1512 &
775 1473 958 1523 Stephani.
995 1484 1210 1523 quanquam
1233 1475 1284 1521 is,
1311 1484 1352 1514 ut

2328 716 2447 788 ipso

1417 864 1623 902 munic-:itio
1647 862 1881 902 denotaretur
1905 877 1913 902 ε
1951 864 2013 905 sed
2034 868 2118 916 quia
2141 874 2242 905 erant
2266 869 2302 906 in
2338 879 2443 908 com«

1418 914 1595 963 pedibus,
1625 913 1778 952 voluisse
1814 925 1877 963 per
1906 915 1980 952 hoc
2013 915 2260 956 demonstrare
2286 931 2342 957 cas
2365 919 2443 957 (Jo-

1419 966 1535 1002 ionias
1559 965 1698 1014 populo
1722 965 1901 1002 Romano
1923 964 2025 1003 fuiffe
2045 966 2219 1015 subjeetas
2242 996 2253 1014 ‚
2292 972 2330 1007 ὃς
2357 970 2443 1020 legi-

1420 1016 1483 1053 bus
1508 1016 1771 1052 Romanorum
1795 1013 1932 1054 vixisse.
1961 1016 1993 1053 C
2007 1028 2028 1052 A
2044 1030 2066 1054 τ
2083 1029 2104 1053 Α
2119 1029 2155 1054 N.

1473 1079 1493 1103 2
1524 1065 1662 1115 νήττῃ]
1699 1065 1742 1103 In
1777 1064 1920 1115 oppidis
1952 1066 2092 1104 constat
2122 1079 2167 1105 ex
2189 1069 2354 1117 plurimis
2377 1072 2444 1110 do-

1419 1117 1538 1155 mibus
1552 1144 1563 1160 ,
1590 1117 1626 1154 in
1650 1117 1741 1164 agris
1762 1129 1808 1155 ex
1832 1115 1920 1154 villis
1940 1143 1950 1160 ,
1977 1117 2077 1165 cuius
2098 1118 2232 1156 incolas
2253 1148 2263 1164 ‚
2300 1121 2444 1162 vicanos

1421 1168 1552 1205 Livius
1574 1168 1778 1216 appellavit.
1832 1167 1967 1217 Neque
1990 1167 2123 1215 ignoro
2147 1169 2290 1207 Vicanos
2322 1183 2441 1221 popu-

1417 1217 1473 1255 los
1507 1217 1577 1256 css'e
1600 1245 1610 1262 ,
1656 1229 1749 1267 quos
1793 1218 2013 1255 Coriolanus
2054 1217 2258 1257 debellavit.
2312 1223 2442 1261 ricinia

1423 1277 1548 1307 autem
1569 1268 1617 1306 est
1639 1268 1711 1318 ipsa
1733 1269 1898 1307 vicinitas
1913 1297 1922 1313 ‚
1947 1271 1985 1307 ὃ(
2006 1269 2173 1309 vicinales
2197 1271 2273 1308 vias
2295 1274 2446 1320 propin-

1423 1331 1513 1369 quas
1536 1318 1625 1357 dixit
1645 1318 1854 1358 Frontinus.
1884 1320 2035 1356 Cum.
2062 1320 2218 1358 Peffima
2240 1321 2445 1369 distiiietm,

1420 1370 1531 1420 quam
1556 1378 1681 1408 tamen
1703 1370 1844 1408 servant
1868 1381 2010 1407 omnes.
2035 1370 2297 1409 Scribcndum:
2340 1377 2446 1424 Frugi

1423 1421 1564 1470 quidem
1586 1419 1882 1470 hominisufficit.
1937 1420 2062 1457 Etiam
2086 1423 2223 1464 vicusy
2239 1435 2339 1472 quem
2371 1439 2446 1462 una

1423 1471 1515 1508 villa
1539 1471 1716 1520 discernit.
1745 1477 1787 1507 In
1811 1471 1873 1509 hoc
1885 1478 1953 1508 cet.
1981 1472 2165 1510 Sententia
2180 1471 2249 1510 est:
2281 1475 2447 1522 Copiae,

317 1522 535 1573 scriptorum
557 1525 615 1562 alii
635 1525 679 1562 ab
703 1535 750 1562 eo
774 1524 964 1563 conditam
980 1522 1083 1563 fuiffe
1094 1523 1236 1570 tradat,
1265 1537 1349 1564 eain
1420 1533 1509 1572 quas
1530 1521 1681 1571 praestat
1704 1519 1878 1560 Ostiensis
1902 1521 2085 1568 Colonia,
2113 1520 2259 1572 poffunt
2284 1524 2446 1566 sufficere

320 1573 451 1613 Strabo
472 1582 605 1612 neutro
628 1575 790 1624 protulit.
842 1575 1078 1625 Appellatam
1103 1574 1238 1621 ostiam
1252 1577 1348 1614 Dio-

318 1625 442 1674 nysius
463 1633 631 1664 autumat
651 1654 662 1671 ,
703 1626 806 1674 quod
827 1627 866 1664 in
888 1626 981 1665 ostio
1004 1625 1163 1674 Tyberis
1188 1626 1250 1665 sita
1283 1627 1348 1674 fit,

1417 1573 1565 1610 homini
1589 1571 1693 1621 frugi.
1730 1571 1887 1610 Praestat
1906 1579 2033 1610 tamen
2058 1575 2167 1612 etiam
2192 1576 2292 1612 vicus
2310 1575 2446 1625 aliquas

1427 1625 1549 1673 copias
1566 1652 1577 1668 ,
1601 1623 1694 1661 inter
1715 1633 1830 1672 quem
1853 1625 1978 1663 vicum
2003 1624 2040 1661 &
2054 1624 2321 1662 Laurentinum
2337 1627 2447 1665 inter-

320 1676 513 1725 quondam
549 1678 811 1715 Romanorum
843 1678 970 1716 navale
991 1705 1003 1722 ,
1042 1678 1212 1726 quamvis
1244 1685 1351 1718 antea
1425 1675 1518 1714 reeca
1539 1674 1587 1713 est
1609 1674 1715 1712 unica
1736 1681 1880 1711 tantum
1903 1673 1996 1712 villa.
2050 1674 2138 1713 Hoc
2170 1676 2269 1713 enim
2302 1676 2351 1714 est
2374 1679 2446 1716 dis-

321 1727 621 1776 importuosum,
648 1727 709 1766 sed
745 1727 974 1777 Imperatore
1007 1727 1163 1765 Claudio
1198 1738 1349 1777 portum
1381 1734 1387 1796 l
1422 1727 1561 1783 cfrm't,
1590 1724 1758 1762 Videlicet
1773 1723 1952 1772 ficerm't·
1980 1724 2210 1783 d¹s⁶rlmina<
2228 1738 2248 1764 a
2278 1726 2446 1785 Lauren-

323 1786 515 1817 exti·uente
547 1789 655 1827 aegre
687 1786 814 1816 tamen
839 1805 850 1822 ,
888 1786 929 1816 ut
950 1777 1052 1829 quod
1075 1777 1155 1827 post
1175 1778 1350 1819 undecim
1422 1784 1503 1814 tino
1526 1787 1673 1825 nempe.
1702 1776 1919 1814 scamna.
1955 1776 2017 1814 De
2040 1776 2228 1825 postremis
2248 1777 2344 1816 hisce
2368 1790 2446 1818 non

320 1839 438 1867 annos
460 1829 606 1878 triginta
627 1829 826 1868 hominum
851 1829 1007 1868 millibus
1031 1827 1105 1867 fine
1119 1830 1350 1869 intermissio-

320 1890 370 1916 ne
391 1879 634 1918 laborantibus
655 1879 830 1929 hospitale
853 1879 990 1918 facium
1016 1878 1074 1917 est.
1113 1879 1259 1917 Colonia
1280 1882 1324 1929 est
1337 1912 1348 1928 ,

321 1942 409 1979 quae
431 1929 476 1967 ab
500 1930 583 1968 urbe
597 1940 795 1981 propagata
818 1929 1017 1969 secundum
1051 1930 1214 1968 Siculum
1249 1931 1349 1971 Flac-

1424 1825 1602 1866 diffentio.
1654 1827 1707 1864 At
1746 1825 2016 1865 distinfflonem
2057 1829 2213 1866 minime
2256 1828 2446 1867 sollicitan-

1423 1877 1508 1916 dam
1540 1876 1611 1916 e-ffe
1643 1878 1803 1915 arbitror.
1858 1877 1962 1926 Quid
1993 1877 2092 1915 enim
2118 1877 2134 1914 ?
2161 1889 2252 1915 num
2277 1880 2304 1917 is
2324 1879 2445 1918 homo

1424 1927 1542 1977 frugi,
1571 1929 1629 1966 cui
1663 1926 1906 1977 copiosissima
1940 1929 2070 1977 pariter
2100 1940 2142 1966 ac
2177 1928 2446 1977 opulentiffima

319 1991 408 2019 cum
429 1982 479 2018 ad
512 1981 597 2031 ipfhs
624 1981 882 2031 propinquiores
915 1981 1178 2031 municipiorum
1212 1983 1350 2033 populos
1426 1979 1586 2017 Colonia
1608 1980 1670 2018 vix
1694 1976 1850 2017 sufficit?
1880 1979 2006 2016 Immo
2028 1979 2056 2016 is
2079 1989 2166 2017 vere
2189 1978 2280 2028 frugi
2307 2008 2318 2024 ‚
2346 1983 2447 2020 cuius

323 2035 517 2071 coercendos
541 2031 599 2069 vel
621 2030 766 2079 hostium
800 2033 961 2081 incursus
995 2032 1203 2082 repellendos
1223 2061 1234 2077 ‚
1255 2035 1346 2082 jura

323 2083 361 2120 in
377 2083 556 2131 titumque
571 2082 685 2133 populi
705 2083 854 2119 Romani
877 2081 1007 2128 habet,
1036 2083 1346 2132 nonsus‘arbitriI:

349 2146 413 2170 uae
434 2133 582 2170 conditio
605 2146 682 2169 cum
699 2131 750 2182 sit
773 2133 886 2182 magis
909 2133 1058 2171 obnoxia
1081 2143 1125 2172 (θ’
1151 2134 1273 2172 minus
1307 2134 1351 2173 li-

323 2145 406 2221 Zera
430 2197 539 2233 quam
563 2184 769 2233 municipii,
788 2184 904 2234 potior
927 2195 1050 2221 tamen
1063 2196 1102 2219 ac
1110 2182 1351 2233 praestabilior

323 2233 550 2282 existimatur
579 2244 715 2285 propter
756 2234 1027 2284 amplitudinem
1067 2233 1352 2286 maiestatemque

321 2285 436 2334 populi
461 2291 557 2322 Rom.
580 2286 677 2334 cujus
691 2285 791 2336 quasi
800 2285 921 2333 effigies
930 2296 1053 2335 parva
1067 2313 1077 2328 ‚
1097 2278 1352 2335 simulacrum-

326 2348 389 2384 que
410 2336 467 2385 effe
490 2337 637 2374 videtur
651 2353 661 2372 .·
691 2347 734 2375 ω’
753 2335 861 2383 fimul
875 2364 886 2380 ,
915 2337 998 2386 quia
1022 2336 1166 2384 obscura
1187 2336 1353 2374 oblitera-

325 2387 524 2436 taquesunc
538 2416 548 2432 ‚
575 2387 844 2436 municipiorum
849 2387 937 2436 jura
950 2415 960 2432 ,
989 2386 1114 2437 quibus
1125 2387 1181 2424 uti
1194 2387 1275 2436 jam
1277 2398 1353 2476 ser

324 2436 530 2475 innotitiam
555 2451 624 2474 non
645 2449 789 2488 queunt.
846 2437 1090 2476 Coloniarum
1114 2448 1246 2486 genera
1302 2451 1352 2478 uo

328 2487 509 2526 Asconius
533 2488 603 2527 effe
628 2489 744 2527 voluit
757 2505 767 2533 ;
799 2489 1030 2537 municipium
1055 2488 1185 2527 scilicet
1207 2490 1246 2527 ὃς
1261 2490 1354 2528 colo-

328 2538 430 2575 niam
454 2541 656 2587 intelligens
671 2567 680 2583 ,
709 2551 871 2590 quorum
895 2540 982 2578 illud
1006 2540 1223 2579 extrinsecus
1245 2542 1281 2579 in
1304 2544 1353 2581 ci-

328 2590 481 2627 vitatem
506 2593 607 2629 venit
631 2618 642 2635 ‚
680 2591 753 2628 hoc
777 2602 822 2628 ex
845 2592 990 2629 civitate
1012 2593 1048 2629 in
1082 2592 1192 2630 alium
1226 2592 1352 2631 locum

330 2641 508 2680 mittitur:
537 2641 622 2679 hinc
644 2641 797 2679 anctore
820 2641 1005 2690 Dionyfio
1029 2642 1198 2680 coloniae
1214 2644 1250 2680 in
1263 2645 1352 2683 urbe

329 2700 504 2739 patronos
536 2691 717 2732 habebant
739 2720 750 2737 ,
790 2695 853 2740 qui
885 2694 1040 2730 colonos
1060 2701 1237 2743 tanquam
1261 2694 1353 2733 filios

330 2743 435 2787 gratis
459 2742 717 2782 defendebant.
771 2742 1014 2781 Mittebantur
1036 2752 1161 2782 autem
1185 2745 1356 2785 coloniae

330 2790 378 2826 ad
409 2793 683 2831 exonerandam
718 2793 848 2832 urbem
871 2794 1105 2834 multitudine
1127 2795 1331 2844 oppressam
1347 2825 1357 2843 ,

333 2841 372 2877 &
402 2849 441 2877 ut
473 2843 588 2880 socios
622 2843 798 2883 haberent
832 2852 1007 2895 tanquam
1033 2845 1194 2895 ejusdem
1217 2850 1358 2895 generis

331 2892 486 2928 nomine
518 2893 693 2930 Romano
727 2894 916 2932 fideliores.
984 2896 1128 2934 Charax
1171 2897 1359 2937 historicus

328 2939 426 2988 apud
461 2951 636 2988 magnum
671 2945 965 2992 etymologicum
1000 2946 1109 2983 refert
1148 2948 1356 2986 Silenorum

329 2988 458 3028 statuas
481 3001 567 3027 cum
591 2991 724 3029 utribus
741 3020 750 3035 ,
802 3005 868 3030 uos
882 2995 1012 3030 vitium
1027 2996 1182 3034 cultores
1197 2998 1359 3036 Bacchus

330 3040 377 3078 ad
396 3040 530 3079 bellum
554 3041 665 3077 iturus
689 3040 770 3078 sene
787 3051 909 3079 centes
927 3043 963 3078 in
1008 3043 1104 3081 ltalia
1138 3047 1357 3096 reliquerat,

331 3090 447 3131 solitas
471 3091 560 3141 poni
582 3093 621 3130 in
644 3090 812 3131 Coronas
836 3119 848 3137 ‚
885 3099 925 3130 ut
947 3091 1000 3130 his
1034 3092 1218 3137 sacrorum
1249 3108 1354 3136 com.

2272 2029 2320 2068 Et
2362 2031 2448 2070 huic

1425 2081 1622 2119 sententiae
1643 2079 1912 2127 servitvulgaris
1924 2077 2114 2118 distinctio.
2142 2080 2240 2118 Mox
2253 2080 2446 2122 Mediceus

1423 2130 1552 2169 balnea
1567 2160 1577 2176 ,
1606 2134 1644 2170 ὅ(
1665 2130 1844 2169 balneum.

1474 2194 1492 2232 3
1526 2181 1752 2230 Meritoria.]
1795 2179 1979 2219 Mercedis
2011 2180 2114 2219 causa
2146 2181 2286 2221 strutia.
2320 2181 2367 2221 fic
2383 2183 2445 2230 Ju-

1422 2232 1560 2271 venalis
1585 2232 1685 2280 (sive
1708 2232 1835 2269 balnea
1859 2230 1933 2269 five
1956 2232 2151 2282 diversoria
2173 2234 2344 2273 mercede
2358 2245 2446 2273 con·

1425 2283 1534 2322 duria
1555 2284 1796 2332 intellexerit)
1825 2283 1897 2321 Sat.
1923 2281 1991 2320 III.

1423 2028 1541 2068 ufibus
1573 2030 1634 2068 vel
1665 2029 1856 2080 proximus
1897 2031 1998 2066 vicus
2040 2027 2218 2068 satisfacit.

1607 2399 1694 2424 nam
1717 2399 1806 2436 quae
1828 2385 2011 2426 meritoria
2025 2387 2196 2438 somnum

1478 2437 1710 2476 Admittunt.
1742 2449 1838 2460 -·

1426 2538 1661 2590 Tranquillus
1694 2539 1915 2578 meritoriam
1955 2541 2104 2579 rhedam
2136 2540 2243 2589 vocat
2269 2528 2437 2569 mercede

1425 2591 1648 2630 conductam
1664 2605 1671 2628 :
1700 2600 1740 2629 ut
1750 2591 1946 2629 meritoriae
1959 2591 2123 2629 dicuntur
2133 2582 2297 2636 muheres
2309 2607 2320 2623 ‚
2343 2591 2439 2637 quae

1426 2643 1606 2681 mercedis
1628 2644 1739 2692 gratia
1761 2641 2030 2691 prostituuntur.
2053 2636 2107 2673 M.
2130 2630 2226 2668 Tull.
2239 2641 2275 2667 in
2287 2629 2439 2679 Philipp.

1428 2694 1572 2742 Ingenui
1613 2693 1684 2731 ueri
1705 2706 1784 2730 cum
1806 2689 1997 2729 meritoriis.
2026 2686 2058 2722 C
2070 2696 2092 2720 Α
2106 2695 2128 2720 τ
2144 2693 2164 2717 Α
2180 2691 2216 2716 κ.
2329 2731 2334 2736 .

1477 2756 1500 2790 4
1529 2704 1710 2782 Balineum
1724 2740 1874 2789 domi.]
1903 2731 2237 2789 Riccard.&Arnz.
2260 2729 2440 2788 balineum

1427 2793 1563 2832 domini
1587 2823 1600 2840 ,
1636 2802 1677 2831 ut
1711 2791 1894 2840 Gryphius
1924 2786 2060 2832 scriptit.
2098 2780 2262 2836 Voffian.
2286 2791 2305 2816 a
2327 2793 2443 2837 Psm'?

1431 2855 1545 2882 manu
1560 2873 1570 2889 ,
1597 2844 1774 2881 balineum
1796 2837 1894 2876 mihi.
1935 2834 2070 2871 Vincat
2092 2830 2317 2881 reliquonun
2341 2833 2446 2870 domi.

1432 2894 1624 2933 Mediceus
1647 2902 1735 2929 mox
1759 2887 1933 2933 calfacere.
2025 2934 2029 2939 ῃ

1481 2957 1499 2991 ς
1530 2944 1608 2980 sive
1637 2941 1704 2989 ipso
1734 2938 1840 2974 mari.
1866 2933 1882 2983 ]
1927 2932 2117 2971 Mediceus
2150 2934 2261 2972 maris
2287 2962 2296 2979 ,
2345 2934 2448 2984 quod

1429 2993 1561 3031 scribae
1583 2991 1712 3025 tribuo.
1740 2987 1792 3022 At
1815 2984 1902 3021 alios
1925 2982 1990 3032 ipso
2013 2994 2089 3020 non
2109 2983 2230 3032 legere
2257 3012 2267 3028 ‚
2295 2984 2450 3022 adnota-

1430 3043 1483 3078 vit
1518 3036 1809 3084 Lindenbrogius
1833 3062 1846 3079 ,
1893 3036 1931 3073 ἃ
1965 3044 2050 3072 cum
2082 3035 2135 3074 his
2181 3034 2253 3084 ipse
2296 3035 2450 3074 libenter

1433 3089 1545 3128 facio.

2295 3148 2310 3174 1
2341 3134 2452 3175 Solus
