2616 3686
267 209 329 268 98
490 193 2195 259 c.PL1N110AECIL11SECUNDI.

271 295 501 371 junt‘iae.
544 290 824 351 Praeterea
846 291 997 365 quod
1021 302 1035 324 ¹
1057 291 1146 348 ille
1170 303 1320 345 tutor
1335 287 1466 343 mihi
1484 283 1726 346 reli&us‚
1761 284 2010 343 affectum
2025 285 2255 360 parentis
2271 294 2371 346 exa

282 370 472 429 hibuit.
511 370 598 423 Sic
614 367 987 422 'candidatum
1005 381 1090 419 me
1102 362 1353 433 suffragio
1365 357 1668 424 ornavit,s1c
1685 358 1752 412 ad
1768 374 1960 414 omnes
1973 361 2204 417 honores
2217 381 2342 419 meo
2354 380 2378 418 s

286 447 301 473 ³
328 459 398 496 ex
420 440 700 496 secessibus
727 438 1065 496 adcucurrit,
1104 433 1344 504 cumjarn
1361 433 1570 504 pridem
1590 429 2373 499 ejusmodiofficiisrenuncias.

285 512 360 568 set
375 552 389 576 ,
407 514 473 568 sic
486 517 506 542 ⁴
518 515 607 568 illo
621 512 708 567 die
721 546 736 571 ‚
752 529 863 582 quo
877 507 1179 565 sacerdotes
1191 505 1360 559 solent
1374 504 1653 558 nominare
1667 541 1681 564 ,
1709 520 1845 573 quos
1859 504 1910 556 di
1917 503 2189 573 gniffimos
2201 507 2374 562 sacer-

208 616 239 656 9
290 586 694 658 dotiojudicant
709 622 723 646 ,
742 601 828 636 me
845 585 1051 646 semper
1066 577 1391 631 nominabat.
1427 574 1810 646 Quinetiamin
1824 575 1922 629 hac
1940 576 2217 631 novissima
2231 581 2373 634 vale-

290 660 511 724 tudine,
535 659 762 720 verituS‚
791 672 857 710 ne
875 652 1199 708 forteinter⁵
1217 648 1602 721 quinqueviros
1617 661 1888 702 crearetur
1911 687 1927 713 ,
1959 649 2373 723 quiminuendis

2283 739 2386 794 Pu·

292 864 335 902 fit
356 863 476 900 eadem
499 860 642 909 utrique
658 855 704 904 est
723 857 810 907 regio
826 884 836 900 ‚
862 865 931 905 pro
955 863 1100 903 uterque
1118 851 1162 899 est
1194 864 1236 889 ex
1265 863 1321 889 ea·
1410 849 1525 901 Famfz
1547 856 1635 884 nam
1656 855 1771 886 terras
1803 847 1843 887 in
1869 861 1987 889 omnes
2017 850 2241 899 percucurrit
2262 848 2381 899 prodi-

294 916 372 953 dcm
394 912 527 961 regione
550 907 735 947 oriundus.
790 909 847 948 Sic
873 906 955 944 sane
993 905 1075 942 Lib.
1110 903 1178 940 VI.
1212 901 1322 951 Epist.
1463 907 1550 934 trtx.

295 964 405 1002 Vlll.
429 975 462 999 n.
486 974 517 999 2.
547 968 648 997 Hunc
669 973 742 1008 ego,
773 972 843 997 non
861 968 901 995 ut
924 956 1056 999 multi,
1075 954 1142 1001 sed
1157 952 1323 1001 artiffime

295 1015 408 1065 diligo.
463 1012 611 1063 Oppida
636 1009 753 1048 nostra
776 1011 882 1047 unius
906 1007 976 1046 diei
996 1006 1121 1045 itinere
1143 1004 1324 1042 dirimun-
1355 997 1445 1036 Paff.
1471 997 1556 1035 XII.
1580 1009 1632 1037 vs.
1655 1012 1715 1038 21.

302 1077 374 1105 tur.
402 1064 478 1102 Ubi
500 1063 584 1102 vide
609 1073 724 1102 notas.

350 1130 375 1163 4
402 1114 595 1164 Municipia
610 1110 810 1164 finitima.]
841 1112 974 1149 Sumus
998 1109 1036 1145 &
1060 1118 1105 1145 ex
1118 1107 1324 1156 municipiis
1406 1104 1454 1137 Ut
1474 1110 1562 1138 teres
1584 1099 1674 1138 orbis
1692 1100 1758 1139 iter
1773 1099 1865 1150 flexi
1884 1111 1964 1138 rota
1990 1102 2213 1150 percucurrit
2234 1104 2337 1143 anni.

300 1179 398 1217 quae
429 1166 507 1203 sunt
539 1167 576 1203 in
610 1165 741 1203 eadem
772 1163 935 1211 regione.
987 1159 1035 1197 Et
1072 1169 1158 1196 curn
1195 1158 1325 1195 Ptolo-

299 1229 426 1256 maeus
449 1219 540 1254 inter
565 1216 607 1253 In
621 1217 727 1254 'ubres
749 1221 913 1264 quatuor-
945 1217 1091 1248 tantum
1126 1209 1324 1258 municipia
1359 1201 1416 1239 SIC
1437 1200 1536 1250 apud
1562 1201 1756 1240 Caesarem
1779 1204 1818 1241 &
1841 1202 1998 1241 Livium
2013 1203 2236 1248 decucurrit,
2265 1205 2388 1255 &pro—

299 1276 438 1318 ponat‚
470 1268 670 1305 Novariam
693 1296 703 1312 ‚
733 1267 915 1308 Tm'num,
943 1259 1189 1298 Mediolanum
1213 1289 1224 1305 ,
1254 1266 1327 1297 No-
1357 1263 1597 1289 cucurrerunt.
1649 1253 1755 1291 Plura
1787 1253 1923 1292 habent
1956 1248 2172 1302 interpr’etes
2207 1253 2303 1293 Flori
2339 1256 2391 1294 ad

298 1332 529 1356 vumcomum
545 1348 555 1363 ,
582 1316 754 1355 addendo
776 1315 974 1364 municipia
997 1311 1151 1350 finitima
1173 1314 1211 1349 ὃ(
1235 1321 1326 1347 con·
1358 1302 1449 1360 Lib:
1465 1302 1532 1340 IV.
1558 1315 1634 1360 cap.
1662 1303 1710 1341 II.
1727 1317 1762 1342 n.
1777 1316 1835 1355 33.
1864 1304 2234 1355 Mutuisietibusinse
2249 1316 2386 1343 concu-

298 1371 481 1414 termina,
511 1367 651 1408 neceffe
675 1368 723 1406 est
747 1368 957 1415 Virginium
990 1361 1323 1401 Mediolanensem.
1359 1361 1478 1392 CUl'rlt·
1506 1354 1619 1392 Ahud
1641 1365 1826 1405 praeterea
1848 1356 1907 1394 hic
1943 1355 2224 1393 observandum,
2263 1355 2388 1395 Medi-

300 1423 389 1460 Satis
413 1421 513 1459 enim
538 1419 675 1457 constat
699 1417 910 1457 Secundum
934 1413 1036 1452 fuisse
1050 1414 1326 1452 Novocomen-
1363 1414 1471 1449 Ceus,
1500 1405 1663 1444 Riccard.
1689 1406 1817 1444 Oxon.
1843 1406 2044 1444 Lindenbr.
2077 1406 2185 1444 Leid.
2218 1407 2395 1455 Bongars.

299 1472 375 1510 sem
402 1500 411 1516 ‚
459 1484 505 1508 nc
536 1483 582 1508 ης
621 1470 736 1506 ullum
780 1465 1053 1518 praedistoruln
1099 1462 1324 1513 oppidormn
1367 1455 1405 1492 &
1427 1456 1541 1494 Arnz.
1562 1456 1720 1495 habent:
1747 1458 1799 1494 ad
1818 1471 1934 1495 omnes
1956 1455 2100 1494 honores
2120 1470 2210 1494 meos
2233 1469 2280 1495 CX
2313 1468 2391 1495 Ces·

300 1534 416 1573 quam
439 1483 698 1560 Mediolanum
722 1520 850 1557 Como
882 1516 1097 1554 terminum.
1138 1514 1170 1552 C
1186 1526 1236 1552 Ατ
1252 1527 1273 1551 A
1288 1527 1325 1551 N.
1365 1503 1684 1563 fibushadcusurrit
1698 1536 1709 1552 ,
1737 1519 1805 1556 pro
1827 1521 1868 1546 ex
1885 1507 2058 1558 seceffibus
2082 1536 2094 1553 ‚
2122 1509 2160 1546 &
2183 1506 2231 1546 fic
2252 1509 2391 1547 iterum

358 1587 371 1611 1
407 1573 470 1611 Ille
497 1581 597 1611 tutor
629 1572 720 1610 mihi
752 1565 931 1616 relicitur]
969 1565 1137 1604 Riccard.
1158 1565 1265 1603 Leid.
1289 1567 1328 1604 ὅ(
1368 1556 1562 1595 Mediceus
1583 1557 1676 1595 infra
1700 1557 1808 1607 Epist.
1834 1558 1939 1596 XIII.
1962 1571 1997 1594 n.
2022 1571 2053 1606 ς.
2083 1558 2142 1596 Ille
2154 1559 2192 1595 in
2205 1556 2392 1596 cessucon-

303 1624 472 1672 Bongars.
502 1623 559 1662 ille
591 1624 682 1661 mihi
714 1629 817 1660 tutor
846 1618 986 1657 relictus
1010 1646 1021 1664 ‚
1061 1615 1165 1668 quod
1186 1615 1328 1655 suavius
1365 1606 1564 1646 tabernalis
1578 1635 1588 1652 2
1617 1609 1656 1646 &
1680 1609 1761 1647 Lib.
1785 1607 1894 1646 VIII.
1917 1607 2025 1657 Epist.
2050 1607 2114 1645 IX.
2138 1608 2284 1657 Negotia
2295 1609 2389 1646 ami-

303 1675 417 1714 sonat.
439 1676 568 1714 Oxou.
585 1672 749 1712 adfeerus
767 1670 939 1722 parentis.
1364 1670 1482 1695 ‘Mum
1507 1672 1564 1696 ⁷¹2⁶
1589 1659 1719 1698 cedere
1742 1688 1753 1703 ‚
1781 1671 1838 1696 710⁶
1854 1659 1992 1707 studere
2002 1659 2216 1707 patiuntur,
2230 1669 2298 1708 pro
2304 1657 2392 1708 seco-

354 1738 376 1762 2
407 1723 701 1772 candidatum]
729 1724 923 1762 Petentem
945 1720 1117 1757 honores.
1145 1718 1234 1755 Mos
1258 1726 1331 1755 erat
1367 1709 1446 1745 dm
1479 1710 1641 1759 vulgato.
1694 1711 1793 1748 Alibi
1827 1719 1954 1748 tamen
1979 1738 1990 1754 ‚
2039 1718 2081 1748 ut
2114 1710 2200 1749 Lib..
2232 1709 2260 1747 1.
2282 1708 2394 1758 Epist.

306 1776 555 1825 magistratum
580 1776 743 1826 petituris
757 1803 767 1819 ,
795 1781 836 1810 ut
858 1770 989 1820 absque
1011 1769 1186 1807 interiore
1208 1770 1330 1806 tunica
1370 1759 1474 1796 ΧῙῙῙ·
1497 1772 1535 1797 n.
1558 1772 1593 1807 7·
1615 1760 1696 1798 Lib·
1721 1761 1768 1798 11·
1793 1761 1902 1811 Epist·
1925 1760 2049 1798 XVII·
2071 1772 2106 1797 n·
2129 1773 2187 1810 29-
2211 1760 2298 1800 nihil
2310 1772 2394 1798 mu-

300 1830 343 1866 in
366 1829 561 1866 comitium
586 1825 736 1864 candida
760 1824 878 1874 operti
912 1820 1012 1859 veste
1045 1818 1305 1857 descenderent
1318 1836 1329 1864 ‚-
1367 1817 1445 1847 tant
1467 1811 1547 1849 illae
1570 1812 1807 1850 membranae
1821 1840 1832 1857 ³
1859 1820 1900 1850 ut
1923 1823 2046 1862 neque
2067 1811 2141 1848 hOC
2162 1812 2250 1849 lOCO
2272 1810 2368 1849 alind
2383 1840 2401 1856 ‚.

294 1877 377 1929 five
400 1886 440 1916 ut
462 1891 508 1917 eo
532 1878 657 1916 habitu
679 1876 725 1914 ad
749 1871 1022 1924 supplicandum
1044 1870 1259 1908 humiliores
1272 1881 1332 1908 ac·
1371 1873 1485 1910 quam
1517 1861 1648 1900 scribae
1683 1864 1816 1901 vitium
1851 1861 1986 1902 subeffe
2012 1890 2029 1907 ,-
2072 1861 2305 1900 statuendum
2343 1860 2398 1900 fit·

305 1929 504 1974 cederent,
525 1927 604 1979 five
626 1928 879 1965 innocentiam
901 1923 1002 1961 suam
1025 1932 1091 1970 per
1121 1921 1244 1958 album
1278 1922 1334 1958 in·
1370 1911 1486 1951 Idem·
1537 1912 1761 1952 Mediceus:
1818 1914 1870 1951 ad
1917 1927 2033 1952 omnes
2093 1913 2245 1952 honoris
2294 1926 2404 1952 meos.

308 1979 466 2019 deantes
499 1981 665 2017 colorem
681 2007 694 2024 ,
709 1977 789 2027 five
812 1984 852 2014 ut
872 1976 935 2026 qui
947 1973 1127 2011 cicatrices
1137 1967 1312 2010 haberent
1327 2001 1338 2017 ‚
1377 1962 1533 2002 Conna.

306 2031 496 2070 manifeste
518 2030 615 2080 signa
640 2028 860 2067 fortitudinis
880 2025 1071 2074 aperirent.
1111 2022 1194 2060 Nec
1215 2021 1334 2061 solum
1427 2027 1451 2061 4
1478 2014 1541 2052 Illo
1561 2015 1653 2063 die-‘l
1685 2014 1854 2055 Calendis
1877 2014 2061 2060 Jassuariis·
2090 2014 2194 2062 Lege
2219 2012 2334 2051 Ovid·
2357 2014 2396 2052 in

306 2082 530 2131 magistratus
563 2083 737 2131 petitores
775 2078 985 2116 dicebantur
1014 2073 1236 2120 candidati,
1273 2074 1335 2112 sed
1373 2062 1505 2121 Ελὶὶὶε,
1534 2068 1573 2104 &
1606 2066 1727 2105 Tacit.
1761 2066 1826 2116 qui
1859 2063 2199 2114 Quindeciinvirale
2230 2063 2404 2102 sacerdo·

307 2135 419 2172 etiam
443 2135 593 2172 aliarum
617 2142 750 2170 rerum.
778 2129 879 2166 Nam
903 2125 1140 2174 Tranquillus
1162 2127 1197 2161 in
1221 2125 1335 2174 Vesp.
1373 2123 1467 2172 tluin
1492 2117 1606 2156 scribit
1629 2119 1808 2168 principio
1843 2117 1929 2154 anni
1961 2114 2108 2152 solenne
2138 2115 2397 2164 jusjurandum

309 2182 578 2233 dispensationis
598 2182 835 2219 candidatum
851 2177 964 2222 dixit,
991 2182 1181 2225 petentem
1195 2174 1336 2223 dispen-
1374 2167 1523 2204 solltum
1541 2169 1664 2217 jurare
1688 2197 1698 2214 ‚
1732 2171 1770 2208 ὃ(
1796 2166 2130 2216 nuncupationibus
2143 2176 2322 2203 votorum
2336 2165 2400 2204 ad-

307 2236 499 2275 sationem.
526 2234 728 2272 Candidati
751 2233 841 2270 item
866 2228 1023 2267 Caesaris
1046 2226 1212 2275 appellati
1237 2254 1247 2269 ‚
1276 2227 1339 2274 qui
1375 2214 1455 2255 effe.
1509 2219 1556 2255 Et
1587 2220 1774 2257 Secundus
1809 2219 1890 2256 Lib.
1925 2218 1991 2254 lV.
2015 2216 2264 2262 Frontinum,
2291 2218 2349 2256 cui
2360 2218 2399 2255 in

308 2287 483 2335 Principis
505 2284 668 2336 epistolas
693 2285 730 2321 in
754 2284 890 2321 Senatu
910 2278 1087 2326 legebant.
1136 2276 1184 2313 Et
1206 2277 1338 2314 milites
1374 2267 1568 2317 AugUfflsU
1589 2270 1748 2308 sUCCCffit
1773 2299 1783 2315 ‚
1809 2269 1956 2308 testatur
1980 2267 2014 2306 se
2036 2279 2099 2316 Pffl'
2123 2268 2260 2305 multos
2281 2277 2398 2304 annos

312 2338 524 2388 principales
547 2335 756 2373 candidatos
777 2332 923 2371 testatur
945 2329 1124 2377 vegetius
1145 2327 1340 2376 privilegiis
1375 2327 1459 2357 ante
1481 2320 1623 2358 obitum
1648 2321 1698 2359 sui
1721 2323 1813 2359 inter
1836 2319 2038 2357 sacerdotes
2061 2316 2267 2357 nominasse
2281 2346 2292 2362 ‚
2318 2326 2419 2360 tan--

319 2390 464 2426 munffi',
494 2389 649 2425 CATAN,
1371 2381 1484 2419 quam
1507 2373 1544 2410 in
1566 2373 1693 2410 locum
1714 2373 1819 2410 suum
1844 2378 2046 2420 cooptarer.
2081 2370 2179 2407 Puto
2201 2369 2397 2416 intelligere

370 2452 388 2489 3
420 2445 475 2475 Ex
492 2438 662 2489 seceffibus
684 2432 876 2483 accurrit]
907 2429 1075 2470 Tametfi
1097 2426 1229 2466 abeffet
1253 2457 1264 2473 ‚
1288 2437 1343 2467 ta-
1376 2422 1609 2476 Auguratum
1625 2452 1635 2468 ,
1663 2421 1709 2460 de
1732 2435 1809 2473 quo
1832 2422 1888 2459 M.
1913 2421 1964 2459 T.
1986 2421 2024 2458 in
2045 2420 2094 2458 ΙΙ.
2113 2421 2266 2471 Philipp.
2317 2419 2395 2466 93⁰

317 2503 405 2530 men
439 2502 525 2527 cuin
560 2487 796 2538 praesenserat
828 2497 889 2523 me
923 2492 1050 2532 petere
1093 2479 1339 2528 magistratus,
1372 2485 1466 2510 emm
1489 2482 1634 2522 tempore
1657 2486 1711 2511 me
1734 2478 1920 2522 Augurem
1940 2485 1963 2509 a
1997 2482 2068 2510 roto
2099 2471 2234 2521 collegio
2270 2466 2395 2516 expeti·

315 2542 434 2579 statim
461 2540 674 2589 properabat
698 2547 737 2574 ut
761 2537 851 2574 mihi
875 2532 1018 2572 adesset.
1060 2530 1175 2568 IDEM.
1213 2531 1340 2569 Mem·
1378 2533 1458 2560 tum
1482 2529 1547 2561 Cn·
1565 2521 2074 2574 pompejuserQHortenfius
2087 2523 2392 2560 nominaverunt.-

317 2593 450 2631 branae
473 2591 613 2628 nostrae
628 2618 637 2633 ,
665 2590 716 2626 uti
742 2591 779 2625 ὅ(
803 2586 919 2624 Aldus
944 2586 982 2623 δε
1006 2583 1210 2621 Catanaeus
1231 2583 1343 2618 adcu-
1379 2587 1485 2624 neque
1505 2575 1598 2612 enim
1619 2577 1746 2614 licebat
1765 2589 1788 2612 a
1802 2574 1962 2625 pluribus
1981 2571 2164 2610 nominari.
2193 2569 2241 2606 Et
2261 2569 2298 2605 in
2310 2565 2395 2603 ΧΙΙ.

317 2643 451 2688 currit,
478 2641 581 2692 quod
603 2651 734 2678 verum
758 2638 816 2675 est.
856 2639 913 2675 Sic
934 2636 1087 2673 Tacitus
1102 2663 1111 2677 ‚
1139 2632 1317 2682 Apuleius
1332 2661 1343 2677 ‚
1381 2627 1554 2675 Imprimis
1569 2636 1763 2677 paternum
1781 2635 1979 2675 auguratus
1999 2623 2108 2660 locum
2130 2648 2140 2664 2
2175 2618 2213 2655 in
2245 2630 2309 2666 quo
2339 2630 2396 2665 ego

319 2695 502 2733 Paulinus
533 2693 697 2730 Petrocc.
734 2689 954 2739 frequenter.
1005 2684 1183 2734 Apuleius
1211 2683 1292 2722 Lib.
1320 2683 1346 2720 l.
1377 2690 1482 2722 eum,
1509 2689 1550 2714 ut
1584 2679 1676 2727 quod
1705 2692 1730 2714 a
1746 2687 1849 2728 patre
1870 2675 1975 2724 accepi
1998 2701 2009 2717 ,
2028 2671 2104 2719 filio
2123 2669 2270 2705 reddam
2286 2695 2295 2709 ‚
2319 2679 2396 2703 mea

324 2746 480 2783 Metam.
504 2756 537 2793 p.
565 2756 640 2788 104.
672 2739 821 2787 Festinus
845 2737 1028 2775 adcucurri
1054 2765 1064 2780 ,
1101 2743 1142 2773 ut
1164 2734 1262 2773 rec'te
1285 2733 1348 2772 El-
1383 2730 1622 2766 nominatione
1634 2728 1798 2779 coaptabo.
1827 2728 1980 2764 Cum.
2009 2719 2273 2776 MSUSwariint.
2301 2719 2397 2765 Qui-

327 2796 576 2832 menlioiilius.
607 2794 756 2830 But-ru.
786 2792 843 2828 Sc
866 2792 976 2828 etiam
1000 2787 1108 2825 MSS.
1130 2784 1349 2829 Mediceus,
1385 2777 1492 2834 dam:
1517 2779 1578 2817 illo
1601 2781 1678 2824 die,
1711 2791 1806 2828 qua;
1835 2776 1931 2813 Alii:
1959 2771 2023 2810 illa
2046 2771 2097 2807 dn
2123 2797 2134 2814 ‚
2161 2782 2226 2818 quo
2248 2783 2260 2813 ;
2299 2768 2397 2807 Alii:

329 2844 490 2881 Riccarl
516 2844 681 2890 Bongfirs.
707 2841 907 2879 Helmstad.
931 2842 970 2878 δε
991 2839 1070 2877 alii:
1099 2845 1210 2886 atque
1233 2837 1280 2873 ita
1295 2835 1349 2873 su-
1387 2828 1451 2865 1lla
1471 2831 1548 2874 die,
1579 2843 1661 2880 qua.

327 2905 390 2941 pra
416 2894 494 2930 Lib.
521 2894 544 2929 1.
570 2893 675 2941 Epist.
699 2893 802 2929 XIV.
825 2904 860 2928 n.
883 2905 916 2936 7.
938 2887 1177 2940 Quaesturam
1199 2913 1210 2931 ‚
1239 2886 1352 2924 tribu·
1431 2893 1449 2928 ς
1479 2875 1781 2930 (Qinqueviros.]
1820 2875 1934 2911 Erant
1965 2870 2198 2927 quinqueviri
2218 2867 2401 2916 magistra-

331 2956 459 2981 Mtum
476 2971 486 2985 ‚
509 2953 716 2992 praeturam
740 2940 955 2988 honeflifflme
979 2939 1210 2988 percucurrit.
1249 2937 1349 2974 Infra
1385 2943 1441 2971 tus
1473 2928 1743 2968 extraordinarii
1766 2938 1775 2962 ε
1811 2925 1919 2974 primo
1953 2932 2059 2960 creati
2095 2928 2174 2958 lunt
2196 2920 2239 2957 de
2261 2921 2400 2967 legibus

331 2996 411 3032 Lib.
440 2993 502 3030 lll.
528 2993 629 3041 Epist.
654 2991 740 3028 Vll.
765 3003 799 3026 11.
823 3003 854 3026 2.
877 2993 926 3027 ad
957 3001 1105 3027 mortem
1137 2988 1350 3026 decucurrit.
1387 2982 1542 3028 imperio
1575 2978 1748 3015 consulari
1772 2972 1959 3012 scribendis
1985 3002 1994 3017 ,
2032 2971 2153 3010 deinde
2186 2972 2272 3018 agris
2307 2969 2401 3009 divi-

332 3047 413 3084 Lib.
436 3044 503 3081 Vl.
527 3042 633 3091 Epist.
660 3042 726 3078 Vl.
750 3052 784 3076 n.
811 3051 842 3076 2.
867 3053 954 3091 quae
973 3040 1162 3079 decucurri,
1190 3038 1354 3079 Pruden-
1389 3031 1513 3069 dendis
1528 3057 1537 3072 ,
1565 3029 1692 3077 quibus
1713 3024 1909 3074 aliquando
1933 3023 2166 3060 Triumviros
2199 3033 2403 3069 praepone-

330 3098 399 3148 ,tiu-⁵
421 3110 535 3146 πεςις.
556 3091 642 3134 Paff.
666 3091 693 3131 1.
718 3103 769 3130 vs.
795 3101 849 3129 11.
1390 3083 1485 3120 bant.
1517 3080 1620 3119 tem'o
1653 3078 1698 3118 de
1731 3079 1843 3117 muris
1874 3074 2097 3124 turribusque
2141 3070 2412 3114 conficiendis..

2312 3131 2411 3160 non-
