2616 3686
318 219 408 254 too

535 201 595 251 C.
663 203 1051 254 PLINII
1119 199 1624 252 CAECILII
1691 199 2211 253 SECUNDI

313 302 465 340 amor
482 286 693 354 iniquus
709 279 1006 344 interdum,
1021 281 1290 350 impotens
1306 281 1458 350 saepe
1484 297 1496 318 ι
1528 277 2010 354 μιχξαιΙΤιοςῙΕΠῘΡΕΥ.
2047 279 2204 337 Haec
2220 282 2403 346 tamen·
2484 318 2487 319 ’

313 357 464 412 causa
491 373 681 428 magna
704 354 807 417 est,
844 351 1026 409 nescio
1052 369 1116 406 21¹
1134 352 1294 422 jUst³²
1334 352 1428 407 sed
1463 369 1569 424 ego
1595 366 1846 421 tanquam
1881 365 1993 404 non
2031 353 2204 410 minus
2233 359 2400 430 jUsta’

315 446 477 502 quam
514 445 703 499 magna
743 425 803 480 fit
830 463 846 488 ,
892 427 1124 496 graviter
1161 425 1357 479 irascor
1383 460 1400 487 ,
1450 424 1601 495 quod
1643 442 1671 477 a
1695 437 1749 477 te
1777 420 1983 475 tamdiu
2006 424 2189 481 literae
2208 435 2399 490 nullae.

232 521 262 554 2
315 508 331 527 ²
354 500 536 556 Exora
567 517 685 554 me:
727 512 882 569 potes
911 513 1020 550 uno
1046 497 1214 549 modo
1234 534 1250 558 ‚
1289 496 1324 549 si
1350 513 1494 551 nunC
1518 495 1698 550 saltem
1737 493 1987 566 plurimas
2014 531 2029 553 ‚
2068 495 2123 549 ἃ
2161 499 2399 573 longiffi·

311 588 424 628 mas
450 571 661 626 miseris.
692 571 822 623 haec
849 569 980 621 mihi
1006 567 1110 621 sola
1136 567 1406 622 excusatio
1430 583 1552 620 vera
1578 605 1593 629 ‚
1629 579 1872 621 caeterae
1897 604 1914 630 2
1950 564 2103 622 falsae
2136 571 2401 633 Videbun-

312 656 416 700 tur.

494 644 619 698 Non
657 642 777 696 sum·
809 639 1127 694 auditurus:
1178 637 1304 692 Non
1341 656 1486 691 eram
1515 639 1709 694 Romae
1731 678 1747 701 ,
1798 638 1883 704 vel
1919 642 2214 710 occupatior
2240 664 2402 706 eram.

233 714 260 763 3·
314 716 448 771 Illud
489 719 634 770 enim
671 730 772 769 nec
813 712 888 766 dii
932 712 1128 775 sinant,
1167 719 1182 746 ³
1210 723 1268 765 ut
1294 710 1573 765 infirmior.

1650 710 1758 782 lpse
1783 711 1847 765 ad
1878 712 2055 766 villam
2082 718 2274 783 partim
2299 719 2406 776 stu-

313 787 415 842 diis
437 826 453 851 ,
505 786 698 858 partim
734 783 934 840 desidia
969 785 1122 840 fruor
1149 821 1166 847 ,
1229 799 1462 854 quorum
1499 794 1790 858 utrumque
1843 799 1912 839 ex
1946 788 1973 816 ⁴-
2001 785 2127 842 ocio
2154 788 2400 850 nascitur..

310 858 465 915 Vale.

507 993 615 1052 111.
692 994 758 1052 C.
834 995 1273 1052 Fuimus

1347 994 1368 1021 ς·
1435 991 1832 1049 Nero-1⁹1·
1900 990 2092 1051 Suo·
2154 998 2207 1052 S‘.

316 1130 616 1203 Explicata
637 1130 994 1203 Istzeisumma
1011 1132 1285 1203 facultate
1312 1131 1368 1189 ἓξ
1407 1132 1705 1204 eloquentia
1741 1131 1989 1185 hortatur
2025 1131 2317 1206 Nepotem„
2343 1153 2406 1194 ut

616 1222 730 1260 eum
754 1205 994 1260 auditum
1018 1205 1238 1269 veniat,
1275 1222 1388 1258 cum
1411 1208 1549 1259 viva
1575 1221 1684 1259 vox
1708 1205 1874 1277 magis
1899 1202 2113 1275 affi'ciat.

314 1278 470 1418 M
486 1353 642 1423 Agna
706 1347 725 1371 ⁶
787 1349 988 1407 Isaeum
1050 1349 1190 1407 fama
1249 1346 1266 1374 ⁷
1327 1348 1730 1422 praecesserat,
1777 1348 1947 1421 major
2007 1352 2258 1410 inventus
2315 1355 2405 1414 est.

2196 1432 2209 1452 ¹
2248 1426 2408 1484 Sum-

312 1561 416 1601 nenfi
447 1564 609 1602 civitates
651 1561 847 1601 Vitelliam
891 1560 1106 1611 tempestate
1147 1564 1185 1601 in
1228 1563 1339 1604 verba
1384 1562 1487 1613 quod
1510 1561 1612 1613 supra
1634 1561 1764 1612 scripsit
1787 1562 1945 1612 Irascor,
1971 1564 2020 1601 ita
2053 1563 2188 1602 eodem
2222 1566 2404 1612 pertinet,

314 1613 526 1662 Vespasiani
550 1641 562 1658 ,
598 1613 699 1663 cujus
729 1622 814 1651 ante
848 1613 1034 1651 fortunam
1066 1614 1205 1652 amicus
1238 1624 1338 1662 erat,
1385 1612 1487 1664 quod
1509 1614 1583 1651 iam
1605 1614 1705 1652 addit
1727 1617 1849 1651 Exora
1869 1626 1924 1651 me
1946 1641 1956 1657 ,
1981 1613 2056 1650 hoc
2078 1613 2126 1651 est
2151 1641 2161 1657 ‚

2200 1616 2299 1663 placa
2332 1627 2405 1653 me.

313 1664 468 1713 adegit:
506 1663 729 1714 concitisque
761 1665 933 1702 omnibus
955 1691 967 1708 ‚
1005 1665 1069 1713 qui
1112 1664 1338 1706 exau&orati
1386 1675 1464 1714 quo
1497 1662 1598 1702 sensu
1631 1664 1787 1703 verbum
1819 1664 1931 1703 habes
1964 1663 2057 1701 infra
2088 1663 2198 1714 Epist.
2231 1666 2280 1701 V.
2308 1676 2343 1702 n.
2369 1666 2405 1704 6.

312 1727 334 1752 a
354 1715 506 1756 Vitellio
520 1745 531 1761 ,
558 1713 693 1752 belluni
716 1714 844 1765 sponte
865 1713 1055 1752 sumebant
1068 1742 1079 1759 ,
1107 1713 1339 1764 Forojulien-

313 1765 390 1804 sem
414 1768 600 1805 coloniam
625 1765 848 1816 claustraque
869 1765 976 1802 maris
998 1763 1177 1813 praesidio
1211 1768 1339 1806 tueba-

314 1824 396 1854 tur:
428 1830 476 1856 eo
497 1817 644 1866 gravior
676 1816 804 1855 auctor
831 1815 934 1865 quod
953 1815 1109 1854 Paulino
1130 1818 1242 1866 patria
1266 1817 1339 1856 Fo-

312 1868 485 1916 rumjulii.
539 1868 588 1906 Et
609 1868 730 1905 honos
751 1866 849 1917 apud
871 1866 1124 1905 Praetorianos
1139 1895 1150 1912 ,
1176 1879 1338 1917 quorum

312 1919 506 1966 quondam
529 1919 716 1957 Tribunus
738 1917 856 1956 fuerat
881 1945 890 1962 ‚
918 1915 1058 1966 ipsique
1080 1921 1211 1967 pagani
1232 1918 1340 1959 favo-

314 1979 354 2006 re
376 1971 585 2020 municipali
609 1971 646 2006 &
669 1969 813 2006 futurae
835 1968 1023 2017 potentiae
1045 1968 1104 2018 spe
1123 1969 1254 2017 juvare
1277 1982 1338 2020 pa-

312 2026 384 2057 tres
406 2022 667 2059 annitebantur.
721 2019 889 2058 Moriens
917 2019 975 2067 jus
1006 2018 1222 2059 libertorum
1255 2021 1340 2060 suo-

312 2080 397 2106 rum
421 2071 592 2108 Secundo
623 2072 775 2119 reliquit.
829 2069 1021 2107 Paulinum
1057 2069 1270 2111 Tribunum
1302 2075 1338 2112 in

315 2118 411 2158 bello
432 2121 586 2168 Judaico
608 2120 787 2170 Joscphus
808 2148 819 2164 ,
848 2122 887 2158 &
917 2121 1084 2157 alterum*
1105 2121 1338 2161 Praefectum

315 2170 563 2211 Alexandriae
593 2171 714 2209 refert.
766 2170 943 2209 Martialis
975 2170 1114 2220 pedum
1148 2172 1340 2220 pernicita-

316 2227 395 2260 tem
418 2223 454 2260 in
480 2222 629 2260 Paulino
649 2222 847 2260 admiratur
864 2249 874 2266 ‚
903 2224 942 2260 &
966 2220 1162 2259 Paulinum
1184 2233 1213 2259 a>
1228 2224 1341 2264 Seve-

313 2281 360 2309 ro
385 2272 478 2322 Imp.
503 2271 741 2312 interfectum
764 2273 929 2321 legimus.
958 2272 1021 2309 CA
1038 2286 1061 2310 ‘r
1078 2284 1152 2310 ΑΝ.

371 2335 387 2360 1
419 2321 672 2372 Maeui-me]
700 2323 773 2360 Pro
795 2325 949 2361 minima
973 2333 1120 2372 quaque
1154 2334 1192 2362 re
1223 2324 1335 2363 irasci-

317 2372 395 2412 bilis
409 2402 419 2418 ,
447 2376 585 2424 quique
607 2384 717 2423 parva
740 2373 910 2412 causatur.
939 2374 1124 2412 Lucianus
1146 2376 1184 2414 in
1205 2374 1340 2423 Fugiti—

320 2425 373 2461 vis
389 2453 399 2468 ,
427 2425 486 2463 ubi
508 2424 743 2474 philosophos
766 2424 816 2462 sui
837 2425 1014 2474 temporis
1037 2433 1142 2463 notat
1163 2425 1263 2474 supra
1286 2428 1342 2464 in-

319 2473 478 2514 fantulos
502 2475 696 2514 iracundos
717 2473 926 2521 ὀξυχόλευς
946 2476 1204 2524 ὅζμικςοιιτίες
1218 2477 1343 2526 appel-

318 2524 393 2570 lat,
422 2527 461 2564 δε
482 2528 519 2564 in
543 2526 689 2574 dialogo
711 2526 828 2562 Mete.
852 2528 890 2565 ἂ
918 2525 1058 2564 Mariae
1091 2528 1272 2574 ἐξυχόλες
1305 2539 1343 2565 a-

321 2584 474 2615 mantes.
503 2577 619 2614 IDEM.
645 2588 849 2624 μικςαιτιος
869 2578 999 2626 igitur,
1027 2588 1104 2615 non
1138 2576 1344 2626 simpliciter

321 2628 493 2677 querulus
517 2657 528 2672 ‚
555 2627 615 2665 sed
638 2629 702 2678 qui
721 2626 796 2664 levi
819 2629 928 2665 ctiam
955 2626 1001 2666 de
1029 2627 1132 2665 causa
1154 2629 1258 2678 queri
1287 2628 1344 2666 so-

322 2679 383 2716 let.
413 2679 551 2717 Sunii.
580 2678 749 2727 Bongars.
769 2678 949 2721 φιλαίτιος
978 2689 1181 2727 perperam.
1219 2678 1344 2717 Medi-

325 2740 408 2767 cens
432 2731 471 2767 ὃ(
493 2729 658 2767 Riccard.
681 2740 766 2766 cum
789 2727 988 2768 Lindenbr.
1011 2732 1234 2778 μεικςωίτιος
1253 2757 1264 2774 ,
1293 2737 1344 2766 at-

326 2790 400 2825 que
423 2780 469 2816 illi
494 2779 600 2817 codd.
625 2778 717 2817 infra
741 2781 852 2817 etiam
874 2779 1065 2827 aliquoties
1089 2794 1117 2815 ει
1142 2791 1242 2829 proi
1265 2780 1346 2818 scri-

328 2828 427 2864 bunt.
455 2830 550 2865 Mox
574 2830 737 2866 Voffian.
758 2842 809 2866 an
830 2829 920 2878 iusta
943 2830 1048 2879 nescio
1073 2858 1084 2876 ,
1110 2830 1347 2880 quem-ordi-

330 2888 416 2914 nem
441 2878 624 2926 Gryphius
648 2879 802 2917 exhibet.

383 2939 404 2962 2
433 2925 597 2964 Exorare
618 2941 678 2965 nie
695 2936 787 2975 potes
808 2943 874 2966 uno
898 2930 1040 2979 modo.]
1082 2932 1138 2970 Sic
1161 2932 1273 2980 vulgo
1293 2932 1347 2970 le-

331 2976 489 3024 gebatur.
517 2976 569 3012 At
590 2989 657 3013 nos
690 2977 963 3024 praeferendam
998 2980 1168 3019 duximus
1203 2982 1349 3031 scriptu-

1381 1715 1497 1752 Huius
1528 1714 1714 1762 tristitiam
1747 1715 1901 1765 reliquae
1928 1723 2048 1764 partes
2078 1715 2223 1752 actionis
2255 1727 2406 1755 exorare

1382 1764 1568 1803 debebunt.
1593 1766 1802 1816 Propertius
1826 1764 1913 1804 Lib.
1935 1764 2003 1803 llI.
2026 1764 2129 1814 Eleg.
2151 1761 2257 1804 XVL
2280 1777 2404 1817 vs.23.

1434 1866 1631 1906 Exoranda
1654 1867 1751 1907 canis
1773 1867 1947 1918 triasu'nt
1969 1866 2151 1906 latrantia
2176 1865 2278 1905 collas

1383 1968 1539 2008 Con'rE.

1385 2031 1449 2108 C3
1482 2019 1566 2070 Ua]
1604 2019 1745 2058 subint.
1793 2018 1829 2057 Si
1860 2018 2031 2066 diceres,'
2079 2030 2178 2061 etam
2212 2016 2404 2059 infirmior.

1422 2083 1540 2110 ΑτΑΝ,

1428 2132 1452 2167 4
1480 2119 1599 2170 ocia]
1630 2122 1793 2170 Quiete:
1824 2119 1969 2160 difficile
1993 2123 2094 2159 enim
2117 2119 2352 2160 lucubramus
2365 2122 2404 2160 in

1381 2173 1544 2210 tumultu
1567 2175 1606 2210 &
1628 2173 1743 2210 animi
1766 2171 2049 2220 perturbatione.
2079 2172 2093 2209 1
2111 2186 2134 2210 n
2151 2185 2170 2209 E
2187 2185 2225 2208 M.

1434 2236 1451 2271 5
1483 2220 1648 2272 Napata]
1700 2224 1854 2260 Licinius
1889 2228 2006 2271 Nepos>
2032 2222 2095 2261 diu
2116 2224 2223 2260 orbus
2246 2221 2405 2272 suscepta

1382 2270 1451 2310 filia
1475 2283 1675 2323 captatores
1698 2273 1880 2312 frustratus
1903 2272 2061 2311 domum
2083 2274 2208 2311 habuit
2230 2273 2328 2322 apud
2352 2273 2403 2311 saa-

1381 2323 1514 2361 cellum
1536 2323 1663 2362 Florae
1684 2322 1729 2360 ad
1753 2333 1894 2362 veteres
1918 2323 2066 2362 Ficelias
2081 2352 2092 2369 ,
2119 2323 2270 2361 auetore
2303 2323 2402 2360 Mar*

1381 2374 1463 2411 tiaie
1478 2402 1488 2419 ,
1516 2375 1552 2412 in
1564 2376 1733 2412 Praetura
1756 2374 1897 2412 summa
1918 2374 2000 2412 usus
2021 2374 2280 2413 constantia&
2302 2373 2400 2412 seve-

1384 2425 1496 2463 ritate.
1546 2425 1629 2463 Fuit
1664 2425 1703 2462 &
1725 2424 1909 2474 Calvifius
1938 2431 2072 2476 Nepos,
2103 2425 2251 2464 Caecilii
2273 2430 2400 2477 contip-

1383 2474 1544 2514 bernalis.
1600 2482 1768 2524 Nepotem
1800 2476 1983 2515 Adrianus
2014 2477 2101 2513 loco
2130 2474 2239 2514 hostis
2269 2473 2398 2510 habuit.

1385 2523 1432 2563 Et
1457 2528 1599 2577 Nepotis
1630 2525 1768 2573 Pistoris
1789 2526 2178 2574 meminit-juvenalis.
2204 2523 2340 2577 IDEM..

1433 2576 1455 2612 6
1486 2576 1662 2626 Isaeum]
1702 2578 1811 2615 Duos
1843 2579 1994 2616 invenio
2027 2576 2135 2624 Isaeos
2158 2571 2400 2627 praestantissi-

1387 2635 1471 2663 mos
1494 2628 1656 2667 rhetores
1678 2625 1961 2666 Atheniensium
1971 2639 1984 2663 -:
2011 2635 2127 2661 unum
2141 2619 2399 2660 Demosthenis

1385 2686 1662 2727 praeceptorem
1687 2707 1697 2724 ‚
1736 2687 1776 2717 ut
1808 2677 2037 2716 Philostratus
2067 2672 2173 2709 tradit
2197 2700 2207 2716 2
2243 2670 2398 2726 alssemm

1387 2725 1575 2775 Assyrium
1600 2729 1884 2768 declamatorem
1910 2729 2059 2774 ‚quem
2094 2721 2216 2760 Suidas
2249 2721 2399 2778 viginsse

1386 2775 1446 2814 sub
1471 2779 1637 2818 Adriano
1661 2782 1699 2818 &
1721 2779 1873 2827 plurima
1894 2772 2058 2822 scripiifle
2079 2771 2212 2816 refert,
2242 2771 2400 2810 Lolliam

1387 2826 1533 2877 Ephefii
1555 2829 1819 2868 Deci-amatoris
1842 2823 2060 2872 magistrum.
2088 2822 2135 2859 Et
2156 2822 2339 2869 Juvenalis
2362 2824 2402 2860 il-

1387 2878 1452 2916 lius
1475 2879 1621 2917 dicendi
1641 2885 1843 2916 torrentem
1879 2880 2073 2911 venemur
2105 2884 2168 2921 per
2203 2871 2404 2910 transitum.

1387 2927 1500 2965 Unde
1521 2928 1758 2977 proverbium
1797 2924 1883 2963 illud
1906 2952 1917 2968 ,
1954 2923 2102 2960 Tantali
2132 2922 2250 2961 hortos
2279 2924 2405 2961 vinde—

1386 2977 1496 3014 miari
1519 3004 1530 3020 ‚
1570 2975 1711 3014 traxisse
1742 2975 1922 3022 originem
1956 2973 2187 3012 Philostratus
2220 2977 2257 3012 ὃς
2281 2972 2406 3013 Surdas

330 3038 408 3064 ram
429 3027 561 3075 optimi
585 3026 766 3065 Medicei:
797 3026 918 3063 Exora
943 3040 1025 3066 ine:
1049 3040 1143 3076 potes
1167 3045 1235 3070 uno
1248 3032 1348 3069 modo
1387 3033 1564 3064 enarrant.
1594 3025 1648 3063 11>
1664 3038 1683 3062 ε
1700 3037 1739 3062 Μ.

332 3085 398 3118 cet.
452 3076 507 3115 Ut
529 3078 626 3116 enini
651 3076 794 3126 signum
815 3077 978 3116 summae
1003 3077 1246 3121 familiaritatis
1269 3080 1340 3128 est,

1436 3087 1454 3123 7
1486 3073 1755 3126 praeustam]
1784 3074 1887 3116 Ante
1909 3074 2111 3116 adventum
2126 3076 2202 3126 ejus
2216 3075 2405 3166 inprbern.

2298 3139 2322 3165 n
2337 3137 2361 3165 1
2372 3137 2411 3164 m.
