2616 3686
143 244 147 248 ,
425 155 858 240 fl-zlnnn
922 177 1910 250 111.nr>12s·r01.Axv11.

161 310 445 384 'XVIL
522 309 591 366 C.

151 450 379 508 Anxius
402 460 510 521 pro
536 447 709 516 salute
734 443 1000 500 Serviani
1022 480 1038 507 ,
1081 444 1222 516 quod
1231 445 1559 519 jampridem
1591 447 1733 501 nihil
1747 447 2037 516 scriberet,
2072 460 2248 522 rogat,

520 532 579 573 ut
597 515 771 586 statim
795 514 1071 570 tabellario
1098 519 1235 584 miffl2
1258 520 1494 583 nunciet,
1529 520 1863 592 quidfaciat.
1913 522 1916 523 ⁷

2162 163 2252 258 ιη’

664 307 1782 370 PL1N1u83813Rv1AN0
1861 314 2038 368 Suo
2111 314 2164 369 S.

171 658 194 679 ⁸
367 654 565 711 Etstene
600 650 773 707 omnia
800 686 816 709 ‚
869 649 1016 718 quod
1052 654 1367 724 jampridem
1405 655 1651 727 epistolae
1687 668 1807 712 tuae
1842 653 2036 710 cessant
2068 657 2086 708 ?
2127 674 2141 700 ⁵
2178 676 2246 711 an

366 727 529 781 omnia
576 724 756 783 νεὲῗες
794 721 897 791 de
927 735 1200 793 occupatus
1236 745 1290 778 es
1328 737 1387 778 tu
1412 728 1438 782 ‚2
1493 730 1509 755 ⁴
1562 747 1626 782 an
1668 741 1722 783 tu
1762 745 1872 782 non
1911 742 2239 799 occupatus3

171 803 260 858 sed
285 797 486 854 occafio
505 792 767 850 scribendi
796 795 876 847 vel
900 813 1016 870 rara
1044 795 1123 848 vel
1149 798 1322 851 nulla?
1363 799 1401 851 Η
1409 804 1552 853 xime
1575 800 1715 853 hune
1743 801 1872 854 mihi
1908 798 2239 872 scrupulum,

172 873 256 928 cui
276 887 364 941 par
387 866 487 921 effe
510 884 618 920 non
643 864 863 938 possum.
896 866 1086 920 Exime
1116 880 1294 922 autem
1323 871 1403 925 vel
1433 870 1555 925 data
1579 890 1742 941 opera
1769 871 2037 926 tabellario
2064 871 2244 938 misse,

167 958 268 1012 ego
301 943 313 969 ⁵
353 939 601 993 viaticum
629 975 644 1000 ,
693 952 796 1006 ego
832 937 990 991 etiam
1028 940 1320 1008 praemium
1357 941 1498 996 dabo
1526 981 1541 1005 ,
1587 940 1604 961 ⁶
1642 944 1854 997 nuntiet
1890 942 2019 996 mihi
2044 945 2242 1008 mod0,

165 1010 310 1085 quod
333 1024 482 1078 opt0.
554 1009 665 1079 Ipse
691 1009 869 1071 valeo,
908 1007 939 1061 si
965 1010 1135 1061 valere
1163 1011 1235 1064 est
1262 1013 1557 1083 suspensum
1585 1014 1637 1068 &
1664 1016 1878 1068 anxium
1905 1015 2111 1074 vivere,
2153 1034 2243 1069 ex-

165 1082 458 1155 peflantem
495 1081 549 1134 in
588 1081 742 1134 horas
768 1117 783 1142 ,
833 1080 1222 1153 timentemque
1260 1103 1358 1157 pro
1395 1086 1569 1156 capite
1609 1085 1949 1151 amiciffitn0‚
1985 1084 2247 1156 quicquid

167 1153 406 1210 accidere
431 1153 637 1212 homini
657 1149 844 1224 potest.
882 1151 1034 1207 Vale.

2002 1316 2252 1376 XVIII.

192 1454 222 1496 ³1
254 1453 457 1503 Serviano.]
486 1455 578 1493 Non
598 1454 829 1492 mediocriter
848 1451 1083 1492 dubitandum
1108 1460 1163 1494 Se·
1228 1466 1270 1494 ac
1292 1455 1319 1494 fi
1340 1455 1497 1502 diceret,
1523 1459 1597 1497 hoc
1620 1465 1757 1506 quaero
1781 1455 1884 1506 quod
1901 1456 1978 1504 jam
2001 1457 2154 1504 pridem.
2178 1454 2256 1501 Cri-⁴

150 1506 322 1550 veriano,
348 1517 394 1542 an
420 1505 582 1541 serviano
604 1504 727 1552 scripta
740 1501 845 1539 fuerit
858 1502 1031 1550 epistola?
1061 1506 1160 1544 Nam
1233 1519 1339 1543 sium,
1386 1508 1578 1545 Veriffima
1611 1507 1658 1544 est
1692 1508 1790 1555 prior
1823 1505 2001 1544 dilljnffio
2027 1505 2257 1550 Casauboni,

153 1564 352 1603 utrumque
371 1565 511 1591 nomen
531 1553 635 1601 saepe
656 1552 796 1600 legitur.
834 1550 874 1585 In
899 1553 1161 1606 exemplaribus
1231 1567 1343 1605 quarn
1359 1557 1514 1595 Codices
1536 1557 1643 1594 nostri
1661 1558 1805 1604 egregie
1829 1555 2057 1593 confirmant.
2087 1555 2255 1593 Riccard.

155 1606 263 1644 etiam
288 1605 393 1641 MSS.
416 1602 600 1641 Secundus
624 1602 703 1639 Lib.
727 1599 793 1635 111.
817 1604 1029 1637 Sermanum
1043 1605 1159 1643 virum
1233 1618 1273 1642 ne
1296 1605 1438 1643 omisit:
1468 1607 1723 1646 Recte‘omnia
1738 1633 1749 1650 ,
1777 1607 1868 1654 quod
1901 1614 1969 1644 cet.
2005 1606 2054 1643 Et
2087 1604 2135 1642 fic
2166 1604 2256 1642 solet

156 1654 419 1694 exaffiffimum
451 1654 628 1689 nomin-at.
666 1649 868 1698 spat-timus
889 1649 1023 1697 saepius
1045 1653 1081 1689 in
1104 1655 1158 1691 A-

157 1705 285 1743 driano
305 1704 413 1740 refert
441 1701 652 1739 servianum
676 1701 794 1737 virum
818 1698 978 1736 summae
1003 1703 1160 1742 auctori-

153 1757 243 1793 tatis.
295 1753 394 1790 Nim
418 1751 545 1796 Julius
567 1751 754 1787 serviam„
785 1749 919 1796 legatus
951 1749 1162 1792 Pannoniae

156 1803 218 1843 sub
251 1803 415 1852 Trnjano
448 1802 515 1839 fuit
539 1830 549 1845 ,
579 1802 617 1838 ὃς
641 1812 687 1838 eo
708 1801 906 1848 imperante
925 1799 976 1836 bis
999 1801 1161 1840 consula-

156 1861 238 1891 tum
271 1852 369 1900 gellit
392 1880 402 1896 ,
438 1852 548 1890 semel
581 1861 665 1887 cum
699 1849 908 1889 Subsurano.
935 1848 988 1886 Illi
1010 1850 1162 1892 Adriani

159 1903 259 1939 soror
289 1902 433 1939 Paufiina
462 1900 579 1949 nupsit
603 1929 612 1945 ,
649 1902 706 1938 cui
738 1901 765 1936 is
795 1899 997 1947 Imperator
1018 1907 1162 1941 tantum

163 1950 312 1992 detulit,
338 1960 377 1987 ut
393 1952 553 1990 venienti
575 1950 619 1988 de
639 1949 803 1988 cubiculo
823 1948 962 1997 semper
997 1961 1164 1990 occurre-

161 2001 215 2038 rit.
268 1999 391 2037 Filiam
411 2000 532 2038 habuit
555 2029 567 2044 ,
593 2011 702 2049 quam
723 1998 835 2036 Fusco
856 1999 1043 2038 Salinatori
1063 2002 1167 2042 desti-

161 2051 272 2087 navit.
327 2049 423 2087 Cum
455 2048 626 2088 incidisset
657 2049 835 2087 Adrianus
858 2050 895 2087 in
919 2051 1091 2088 morbum
1114 2054 1167 2091 lc-

165 2101 298 2137 thalcm
313 2128 323 2143 ,
352 2099 464 2137 faetus
486 2098 530 2136 de
551 2097 746 2137 successore
768 2099 918 2138 solicitus
943 2102 1101 2149 primum
1124 2103 1169 2142 de

165 2152 332 2187 Serviano
355 2149 547 2197 cogitavit,
573 2148 696 2198 postea
718 2147 818 2199 quast
838 2148 1173 2191 affeetatoremim-

167 2203 254 2247 perii
279 2228 289 2244 ,
326 2199 424 2248 quod
452 2199 556 2237 servis
578 2201 666 2248 regis
689 2210 843 2237 coenam
863 2198 1007 2238 misisset
1031 2230 1042 2246 ,
1071 2203 1173 2252 quod

170 2251 206 2286 in
230 2250 322 2288 sedili
346 2249 443 2296 regio
460 2250 564 2297 juxta
582 2249 719 2286 leCIum
739 2248 858 2298 posito
880 2248 1040 2296 sedisset,
1071 2253 1173 2301 quod

173 2301 310 2337 erectus
332 2297 376 2334 ad
395 2298 562 2337 stationes
583 2300 740 2337 militum
771 2299 878 2338 senex
911 2305 1175 2349 nonagenarius

168 2347 384 2397 procell‘ill‘et
398 2378 409 2393 ‚
436 2349 530 2386 mori
553 2350 672 2396 coegit
696 2363 704 2387 :
742 2360 780 2386 re
803 2359 888 2387 vera
906 2362 954 2388 ne
975 2349 1036 2388 fibi
1058 2352 1177 2400 super—

172 2399 237 2437 stes
261 2400 355 2438 effer.
384 2400 536 2436 Cum.
563 2399 724 2437 Riccard.
747 2399 784 2436 in
808 2399 929 2436 Indice
957 2399 1081 2437 lulium
1103 2408 1176 2437 Ser-

173 2451 324 2486 vianum
349 2457 467 2485 vocat.
490 2447 593 2485 Voff.
613 2450 797 2491 Ενυὶαηος
827 2449 979 2486 Helmst.
1005 2451 1043 2487 &
1067 2451 1177 2487 Arnz.

172 2503 356 2588 {feriano
370 2499 582 2544 inscribunt,
612 2500 649 2536 ὃς
666 2500 739 2536 hoc
756 2497 904 2547 praestat
925 2510 1075 2548 quoq-ue
1098 2501 1181 2539 Me-

167 2575 170 2578 <
211 2562 303 2589 ceus.

223 2612 245 2637 2
273 2602 412 2638 Reffiene
431 2599 588 2649 omna]
617 2599 764 2638 Totum
784 2600 892 2648 hujus
903 2598 1071 2647 epistolae
1084 2602 1180 2649 prin-

175 2652 308 2699 cipium
339 2653 389 2689 ita
419 2650 654 2699 depravatum
688 2651 734 2688 est
767 2653 803 2689 in
826 2650 1020 2693 omnibus,
1046 2651 1180 2697 credo,
1216 2680 1219 2708 i
1245 2686 1281 2724 id
1301 2686 1348 2724 est
1392 2687 1551 2734 facultas
1575 2687 1723 2725 virtutis
1743 2688 1893 2726 divitiae
1911 2700 1956 2728 U
1987 2690 2072 2727 vitii

1216 2715 1220 2724 ,
1361 2715 1372 2731 ,
1931 2712 1935 2715 -
2075 2717 2082 2726 .

179 2700 356 2741 codicibus
369 2730 379 2746 ‚
405 2709 445 2738 ut
458 2700 607 2748 Oedipo
626 2701 789 2738 videatur
809 2712 910 2749 opus.
935 2699 1180 2738 Planiffimum

1230 1656 1363 1693 Plinius
1387 1684 1398 1701 ‚
1435 1656 1608 1705 sequente
1629 1669 1678 1692 an
1695 1684 1705 1700 ‚
1727 1663 1770 1692 ut
1799 1656 1962 1692 dicemus
1983 1655 2081 1692 infra
2103 1653 2149 1692 ad
2172 1654 2256 1693 Lib.

1229 1704 1298 1741 VI.
1321 1705 1427 1753 Epist.
1452 1706 1555 1742 XVI.
1578 1718 1611 1742 n.
1637 1718 1692 1753 15·
1734 1711 1775 1740 ln
1806 1717 1989 1742 commune
2023 1704 2253 1754 consultant,

1226 1757 1318 1794 intra
1339 1755 1661 1806 testa-subsistant,
1688 1767 1734 1792 an
1756 1754 1794 1792 in
1825 1764 1941 1804 aperto
1975 1766 2164 1803 vagentur.
2194 1756 2252 1794 Sic

1228 1806 1327 1844 enim
1350 1816 1395 1842 ex
1415 1805 1519 1844 MSS.
1545 1804 1836 1843 emendavimus.
1885 1806 1946 1843 De
1971 1806 2142 1853 particula
2165 1807 2253 1845 recle

1228 1855 1313 1893 vide
1338 1855 1415 1893 Cic.
1436 1856 1518 1893 Lib.
1549 1857 1591 1892 X.
1619 1854 1664 1892 ad
1686 1854 1786 1892 Fam.
1811 1855 1921 1903 Epist.
1949 1854 2030 1894 XX.
2053 1865 2144 1894 extr.

1281 1928 1299 1966 3
1330 1921 1395 1953 An
1417 1919 1535 1955 omnia
1560 1920 1647 1955 νιέῖε
1666 1932 1680 1961 ζ,
1701 1917 1766 1965 sed
1795 1925 1977 1964 occupatus
1998 1930 2030 1953 es
2058 1915 2156 1965 tu?]
2197 1918 2256 1957 Sic

1231 1967 1402 2006 omnibus
1431 1968 1539 2006 literis
1570 1968 1642 2006 Pal.
1693 1966 1793 2005 Ante
1828 1965 1900 2003 cufi
1924 1995 1936 2012 ,
1971 1979 2020 2002 an
2042 1979 2113 2004 non
2134 1969 2255 2005 omnia

1230 2019 1316 2054 reste
1340 2027 1355 2054 ,θ
1387 2018 1452 2067 sed
1484 2028 1631 2066 occupat.
1670 2017 1859 2054 GRUTER.
1899 2016 2090 2054 Mediceus
2116 2019 2253 2064 etiam,

1231 2066 1334 2104 Voff.
1358 2069 1525 2116 Bongars.
1551 2065 1704 2106 Helinst.
1729 2068 1767 2104 &
1790 2067 1902 2104 Arnz.
1925 2079 1974 2102 an
1998 2067 2117 2104 omnia
2141 2071 2254 2112 reae,

1232 2118 1428 2166 quomodo
1451 2119 1647 2166 legendum
1671 2115 1741 2155 effe
1765 2118 1804 2155 &
1823 2116 2002 2155 distinctio
2036 2116 2154 2156 nostra
2176 2146 2187 2163 ‚
2215 2120 2256 2157 &

1235 2167 1351 2206 sensus
1374 2169 1519 2209 evincit.

1284 2240 1307 2274 4
1338 2234 1399 2264 An
1421 2240 1462 2266 tu
1483 2241 1561 2267 non
1583 2238 1762 2279 occupatus
1775 2243 1786 2272 ;
1806 2227 1881 2276 fid.
1907 2227 1922 2276 ]
1954 2228 2011 2265 Sic
2033 2238 2164 2266 omnes
2184 2229 2258 2266 no-'

1234 2276 1292 2314 stri
1320 2278 1434 2327 scripti
1456 2307 1466 2324 ,
1505 2281 1542 2317 δε
1579 2281 1751 2328 probatae
1797 2277 1998 2314 Editiones.
2059 2278 2255 2326 Perperam

1237 2329 1455 2366 nonnullae:
1482 2341 1530 2364 an
1555 2340 1594 2365 tu
1617 2337 1825 2376 occupatus?
1841 2326 1928 2374 sed,
1950 2326 2024 2364 stne
2047 2326 2257 2374 Negativaz

1240 2387 1316 2424 quo
1338 2378 1413 2425 ipso
1437 2380 1557 2415 omnis
1581 2379 1752 2415 sententia
1769 2404 1781 2421 ‚
1806 2379 1843 2414 ὃς
1865 2375 2104 2424 pulcherrima
2128 2377 2256 2416 Collo-

1242 2426 1335 2462 catio
1359 2426 1515 2464 auctoris
1537 2429 1791 2474 corrumpitur.
2253 2424 2257 2427 “

1292 2499 1310 2534 5
1341 2486 1660 2536 viaticum.]Viae
1673 2486 1902 2526 neccfl'ariam
1914 2489 2137 2538 impensam,
2160 2500 2255 2540 quae

1244 2535 1479 2584 proficiscenti
1502 2546 1679 2584 erogatur.
1719 2539 1848 2576 Graeci
1873 2538 2002 2581 ἐφέξων
2027 2539 2168 2578 dixere.
2197 2540 2258 2578 sed

1246 2586 1427 2624 interdum
1451 2598 1517 2636 pro
1540 2587 1704 2626 facultate
1728 2589 1766 2626 &
1789 2597 1912 2637 paratu
1934 2590 2056 2627 Latini
2078 2590 2157 2627 sunt
2180 2589 2257 2627 ufi:

1247 2635 1334 2674 slcut
1366 2637 1410 2675 Illi
1446 2636 1574 2674 ἕῐῦὄῖιον
1602 2637 1767 2679 παιαῗεάς
1793 2639 1812 2673 o'
1842 2642 1984 2681 πλὲτος
2015 2637 2077 2674 καὶ
2103 2637 2260 2685 καικίας,

2118 2690 2154 2727 A
2220 2702 2259 2728 e-

186 2756 301 2788 autem
334 2753 399 2790 erit
422 2780 433 2795 ‚
469 2749 495 2787 st
527 2749 574 2787 sic
605 2752 698 2798 legas
733 2754 771 2790 δε
803 2750 1012 2798 distinguas:
1043 2752 1181 2789 Restene
1218 2738 1300 2787 ilus
1335 2738 1414 2774 Lib·
1448 2737 1534 2776 VU-
1586 2738 1743 2786 'usagium
1788 2749 1854 2787 1³10
1898 2739 2024 2778 itinere
2065 2690 2261 2833 ὓῖῑ-Ιῧ

189 2800 318 2844 omnia,
344 2802 434 2850 quod
453 2801 529 2844 jam
548 2801 683 2850 pridtm
705 2801 853 2851 epistolae
865 2812 944 2837 tuae
958 2800 1080 2849 cessant
1096 2828 1106 2844 ,
1132 2814 1180 2838 an
1218 2800 1221 2840 Ῐ
1250 2788 1402 2824 ΟΑΤΑΝ·

2139 2824 2190 2841 ·P..

192 2849 302 2885 omnia
320 2852 454 2898 quidem
479 2853 562 2888 reete
584 2880 594 2896 ,
613 2851 677 2900 sed
698 2861 876 2900 occupatus
899 2865 931 2887 es
952 2862 990 2887 tu
1013 2861 1027 2888 ?
1056 2855 1120 2887 An
1141 2862 1180 2888 ta
1297 2852 1320 2886 6
1349 2851 1494 2889 Nunciet
1508 2852 1595 2889 mihi
1610 2851 1748 2901 m0d0.]
1779 2853 1835 2890 Sic
1853 2851 2042 2889 Mediceus
2057 2880 2067 2895 ,
2094 2850 2260 2888 Riccard.

196 2905 261 2930 non
280 2908 449 2948 occupatus
472 2928 483 2945 ,
512 2901 574 2950 sed
595 2901 718 2952 occafio
733 2901 904 2949 scribendi
927 2901 984 2937 vel
1005 2913 1091 2937 rara
1124 2901 1183 2939 vel
1220 2931 1223 2952 3
1250 2901 1416 2949 Bongars.
1450 2902 1728 2950 praestantissimi
1758 2902 1835 2940 libri
1858 2916 1868 2944 ;
1908 2901 1960 2938 At
1980 2899 2080 2938 Voss.
2104 2900 2260 2939 Helmss.

195 2942 291 2996 ”Qua
313 2955 327 2982 ε’
360 2949 465 3003 ᾙοῖες
495 2952 532 2988 &
561 2953 639 2989 ita:
669 2953 807 2989 Rec'lem
829 2951 945 2988 omnia
968 2952 1087 2999 (quod
1102 2953 1182 2999 jam
1221 2953 1223 2968 ¹
1254 2952 1381 2988 Oxou.
1413 2952 1450 2989 &
1480 2953 1592 2989 Arnz.
1625 2954 1766 2989 nunciet
1796 2952 1918 2995 modo,
1946 2951 2174 2988 Pronomine
2197 2963 2260 2988 ex-

189 2992 319 3053 pstdem
335 2996 475 3042 epistolae
496 3011 575 3038 tuae
597 3001 746 3050 ceffant)
778 3014 898 3037 annon
923 3001 1038 3037 omnia
1071 3003 1183 3039 rcere?
1221 3006 1223 3012 ·
1251 3003 1355 3038 trito:
1385 3001 1485 3050 quod
1503 3002 1580 3046 his,
1607 3003 1670 3051 qui
1693 3003 1729 3039 in
1750 3002 1876 3041 talibus
1894 3001 2109 3040 brevitatem
2122 3011 2261 3051 ponere

196 3039 250 3077 ΠΙ
281 3051 448 3091 “aperus
477 3063 508 3090 es
533 3077 545 3097 ‚
577 3052 661 3091 illud
693 3064 757 3101 quo
771 3052 852 3101 jam
871 3060 922 3101 pr.
945 3049 1093 3100 perinde
1114 3051 1186 3099 est,
1224 3053 1232 3140 ἱ
1253 3051 1391 3097 solent,
1418 3052 1602 3139 placebit&
1619 3063 1698 3089 non
1718 3053 1800 3092 aliis.

2163 3112 2176 3137 1
2209 3103 2262 3134 Se·
