2616 3686
519 164 1903 253 &LIBERLEPrs'ToLAXH.
2204 222 2265 267 49

205 278 340 338 mifit
372 275 440 328 ad
471 286 558 325 me
593 285 733 325 uxor
770 270 878 338 ejus
899 264 910 283 ¹
933 266 1174 334 Hispulla
1199 283 1544 325 communem
1560 276 1798 329 ¹amicum
1823 279 1870 329 C
1895 294 1910 312 2
1943 277 2260 337 Geminium

200 368 324 412 cum
353 343 637 401 tristiflimo
660 344 888 402 nuncio,
926 337 1194 392 destinasse
1217 338 1517 395 Corellium
1555 347 1692 397 mori
1721 364 1733 398 ε
1775 364 1876 400 nec
1907 364 1994 400 aut
2034 351 2130 402 suis
2167 366 2256 404 aut

198 424 334 480 filiae
351 419 376 482 *³—
395 417 638 489 precibus
671 413 844 475 flesti,
882 412 1045 465 solum
1076 411 1335 479 superefle
1364 431 1449 466 me
1480 453 1495 477 ‚
1549 416 1577 467 ᾗ
1615 433 1725 485 quo
1759 422 1777 447 4
1815 420 2054 473 revocari
2091 421 2259 488 postet

195 496 262 550 ad
304 494 479 546 vitam.
567 486 795 551 Cucurri
844 501 856 537 :
934 499 1275 554 perveneram
1333 485 1343 509 ⁵
1414 486 1467 538 in
1532 490 1838 555 proximum
1880 528 1894 551 ‚
1933 507 2057 543 cum
2128 493 2256 546 mihi
2310 510 2366 545 m

187 567 260 621 -ab
318 563 504 618 eadem
554 557 792 625 Hispulla
851 553 870 576 ⁶
901 555 1070 623 Julius
1123 556 1332 609 Atticus
1381 561 1597 613 nunciat
1634 599 1650 622 ‚
1702 562 1826 614 nihil
1869 563 2007 625 jam,
2059 579 2125 616 ne
2167 582 2253 618 me

190 638 410 710 quidem
436 636 862 702 impetraturum:
903 643 1005 680 tam
1037 627 1294 680 obstinate
1319 632 1480 698 magis
1507 650 1566 684 ac
1596 635 1760 702 magis
1785 634 2118 688 ⁷induruiil'e.
2158 636 2257 689 Di-

195 722 345 765 xerat
381 706 496 760 sane
529 701 745 756 medico
778 701 1087 753 admoventi
1115 699 1322 762 cibum,
1362 704 1600 776 δκὲκςικοι.
1640 758 1644 761 Δ
1678 710 1833 774 Quae
1861 725 1966 759 vox
1990 720 2249 776 quantum

193 775 548 836 admirationis
575 775 628 827 in
652 773 829 825 animo
860 789 1008 836 meo,
1051 785 1254 823 tantum
1279 771 1525 826 desiderii
1554 777 1780 845 reliquit.
1856 777 2060 847 Cogito
2082 816 2096 839 ‚
2141 796 2251 848 quo
2304 788 2353 825 ιι

193 853 390 911 amico,
426 862 535 917 qUO
558 848 674 899 Viro
700 860 922 898 caream.
998 844 1241 916 implevit
1268 846 1489 915 quidem
1511 864 1706 901 annum
1735 849 2018 920 septimum
2038 850 2121 904 ⁹&
2139 851 2254 905 sex-

2137 942 2162 976 a
2169 941 2262 995 ge-

231 1071 256 1100 ³1
286 1059 478 1110 Hispulla]
519 1059 690 1108 Hispullae
718 1058 890 1096 meminit
919 1057 1126 1106 Juvenalis,
1154 1061 1191 1098 &
1212 1066 1217 1101 l
1235 1060 1336 1098 cuod
1359 1061 1405 1098 de
1428 1073 1499 1098 una
1522 1061 1640 1108 specie
1658 1063 1842 1105 culturae,
1871 1063 2083 1111 pertinentis
2121 1062 2165 1100 ad
2194 1064 2251 1100 vi-

181 1111 335 1151 -Caecilii
354 1113 505 1149 amitam
527 1109 630 1148 fuiffe
650 1111 734 1158 lego
774 1110 891 1147 loram.
1232 1122 1285 1148 tes
1309 1140 1320 1156 ,
1369 1112 1580 1159 singu-atem
1611 1115 1742 1152 librum
1763 1114 1886 1152 edidit.
1916 1114 1970 1151 ln
1987 1127 2006 1151 E
2022 1128 2061 1151 m.
2084 1113 2250 1151 Voffian.

237 1174 260 1198 2
288 1159 528 1209 Geminium]
568 1161 629 1199 Ad
649 1161 745 1198 hunc
766 1160 882 1207 plures
901 1167 1025 1199 extant
1042 1161 1189 1198 Caecilii

173 1211 372 1261 epistolae.
401 1215 437 1250 &
455 1211 498 1249 ad
520 1211 724 1258 Traianum
746 1212 821 1259 ejus
839 1222 990 1258 quoque
1009 1213 1192 1248 meminit.

180 1263 350 1310 Papinius
376 1263 518 1310 insuper
545 1263 591 1298 ad
614 1262 733 1309 legem
762 1260 895 1308 Juliam
919 1261 965 1298 de
985 1262 1191 1306 adulteriis,

181 1313 302 1350 retulit
325 1313 530 1350 Adrianum
557 1309 762 1359 rescriplisse
789 1316 829 1350 C.
862 1310 1001 1356 Rofiano
1027 1314 1192 1349 Geminio.

182 1363 334 1400 Geminii
358 1362 397 1400 fit
417 1364 557 1399 mentio
589 1363 624 1398 in
649 1362 838 1399 memoriis
860 1362 1201 1400 Mediolaneniibus·
1284 1374 1301 1406 7
1333 1364 1556 1414 Induruiffe.]
1603 1367 1777 1405 Omnino
1805 1365 1901 1406 mori
1919 1366 2124 1404 decrevisse,
2157 1365 2246 1404 Imi-

183 1415 223 1452 &
247 1412 342 1460 apud
375 1414 510 1450 Forum
546 1411 630 1458 Julii
664 1417 701 1449 L.
732 1412 884 1448 Geminis*
907 1410 1002 1460 Mefis'
1019 1415 1191 1450 curatoris
1230 1414 1319 1451 tatio
1352 1416 1555 1453 Catulliana
1574 1443 1585 1460 ‚
1611 1418 1692 1464 jam
1721 1419 1861 1456 Catulle
1889 1417 2074 1465 obstinatus
2099 1417 2248 1458 obdura.

183 1464 310 1501 aerarii
333 1461 628 1511 mediolanensis.
658 1462 772 1500 lnam.
810 1462 1019 1500 Mediceus:
1043 1468 1083 1500 C.
1106 1469 1188 1500 Ger·
1231 1462 1362 1502 Cara
1379 1479 1418 1503 u.

184 1513 357 1552 manium.
1281 1513 1302 1549 8
1331 1514 1546 1565 Κέκμηκιι]
1587 1516 1667 1553 Vixi
1690 1530 1769 1553 cum
1796 1517 1932 1560 labore,
1953 1517 2122 1565 flammei,
2150 1520 2245 1554 mor-i

235 1577 254 1611 3
286 1564 443 1600 Precibus
461 1563 596 1610 fleat]
626 1562 788 1599 Eaedem
810 1561 1046 1598 membranae
1070 1574 1079 1597 t
1114 1571 1188 1610 pre·
1229 1571 1308 1598 tuus
1324 1566 1424 1610 sum.
1452 1569 1680 1609 κεκμηκότας
1709 1570 1805 1606 enim
1832 1568 2033 1605 secundum
2053 1567 2240 1606 Pollucem

185 1613 277 1650 cibus
304 1611 452 1648 inflecti.
504 1613 648 1658 Crispus
679 1611 760 1656 lug,
790 1619 864 1656 cap.
909 1611 1048 1648 LXlV.
1082 1623 1118 1650 n.
1159 1623 1191 1660 3.
1233 1622 1397 1652 mortuos
1411 1618 1561 1663 appellat
1579 1617 1793 1665 Thucydid.
1814 1619 1850 1654 δι
1876 1618 2020 1654 Aristot.
2038 1619 2073 1654 in
2093 1617 2242 1666 Etbicis.

184 1663 371 1710 Postquam
405 1661 486 1696 haec
518 1674 622 1709 atque
647 1658 736 1696 salta
767 1659 860 1694 dixit
881 1687 891 1704 ,
929 1674 1034 1708 neque
1052 1662 1192 1698 animus
1232 1663 1468 1701 Praeteritum
1491 1666 1684 1713 irregulare
1707 1667 1754 1703 est
1772 1667 1791 1704 a
1815 1667 1927 1715 verbo
1949 1669 2073 1709 κάμνω
2094 1694 2105 1711 ,
2133 1668 2169 1704 id
2191 1669 2241 1706 est

183 1714 298 1751 Marii
322 1711 492 1749 flestitur.
515 1712 603 1748 itern
639 1721 714 1757 cap·
744 1709 868 1747 LXII.
902 1721 937 1748 n.
966 1710 1001 1750 8.
1027 1711 1065 1749 &
1098 1711 1190 1749 alibi.
1231 1713 1368 1749 laboro.
1421 1715 1505 1752 Alia
1541 1715 1703 1762 exempl.
1746 1717 1882 1754 habent
1916 1721 2064 1759 κέκρικα
2086 1744 2098 1761 ,
2126 1717 2162 1754 id
2191 1720 2241 1756 est

1235 1163 1338 1198 lulius
1367 1165 1524 1206 Accium
1568 1164 1732 1202 Arnzen.
1760 1166 1894 1202 aelius.
1920 1166 2014 1202 Mox
2045 1163 2247 1200 Helmssad.

1232 1214 1269 1249 δὲ
1290 1215 1401 1250 Arnz·
1423 1226 1465 1250 ne
1487 1227 1540 1248 mc
1560 1215 1698 1262 quidem
1719 1215 1972 1259 imperaturum
1999 1242 2010 1258 ‚
2050 1225 2118 1261 pto
2140 1215 2248 1261 impe-

1229 1274 1421 1320 traturum.
1476 1263 1579 1302 Idem
1620 1266 1821 1308 Helmstad.
1855 1276 1967 1304 voces
2001 1278 2041 1302 ac
2075 1265 2184 1312 magis
2205 1275 2251 1311 oq

1233 1322 1356 1351 mittit.

186 1763 329 1801 Lucan.
350 1761 432 1799 Lib.
456 1760 503 1799 11.
525 1772 575 1798 vs.
596 1771 683 1808 350.
1228 1762 1387 1805 decrevi,
1423 1764 1555 1802 scilicet
1584 1767 1680 1803 mori
1701 1792 1712 1808 ,
1760 1767 1833 1804 ἀπὸ
1875 1768 1903 1811 ξ
1934 1768 2043 1810 κρίνω.
2097 1767 2242 1808 lunt.

1232 1811 1288 1849 De
1311 1822 1460 1860 utraque
1490 1816 1647 1854 lectione
1668 1816 1869 1865 Stephanus.
1920 1817 1968 1855 Et
1984 1818 2136 1868 quidem
2162 1819 2248 1858 ulti,

234 1870 310 1900 Hae
329 1862 461 1902 flexere
478 1864 598 1900 virum
618 1872 727 1898 vome
1230 1874 1326 1900 mam
1360 1865 1469 1911 priori
1492 1867 1649 1915 praefert
1674 1894 1684 1909 ‚
1730 1869 1815 1917 quia
1847 1867 1978 1906 Plinius
2010 1869 2086 1916 post
2128 1869 2240 1908 dicit:

1230 1915 1345 1960 Cogito
1367 1941 1378 1958 ‚
1414 1929 1480 1964 quo
1506 1917 1584 1953 viro
1605 1929 1754 1955 caream.
1807 1919 1935 1965 Magni
1957 1920 2055 1956 enirn
2078 1919 2147 1956 effe
2176 1921 2243 1958 viri

187 1964 273 2002 Lib.
291 1963 396 2001 V111.
416 1975 467 2003 vs.
494 1974 578 2010 107-
1232 1964 1303 2000 lioc
1320 1973 1426 2002 etiam
1450 1968 1598 2005 verbum
1616 1969 1767 2014 κέκμιωι
1788 1969 1932 2006 videtur
1943 1969 2157 2008 existimare.
2182 1972 2243 2008 De

1232 2016 1339 2060 priori
1375 2024 1526 2055 autern:
1562 2019 1644 2064 Ego
1671 2019 1710 2056 &
1733 2018 1987 2067 significationi
2007 2021 2113 2068 hujus
2141 2020 2240 2059 verbi

233 2081 303 2093 --
331 2062 408 2100 duri
430 2061 621 2100 fleetuntur
639 2061 776 2110 pectora
800 2062 935 2110 Magni.
1230 2066 1268 2101 ὃς
1294 2065 1492 2106 sententiae
1518 2069 1625 2117 hujus
1651 2068 1725 2107 loci
1752 2070 1866 2117 magis
1895 2072 2099 2108 convenire
2133 2072 2242 2116 dico,

1229 2122 1268 2152 ut
1288 2116 1569 2164 interpretemur
1589 2119 1726 2167 defeffus
1733 2120 1845 2168 sum,
1872 2129 1912 2157 ut
1940 2120 2085 2158 subaud.
2112 2123 2240 2159 viven-

179 2165 371 2203 contraria
388 2161 434 2200 est
455 2162 590 2200 Nostro
614 2162 692 2200 Lib.
714 2161 758 2199 X.
780 2161 888 2211 Epist·
909 2162 1069 2201 XCVII.
1090 2174 1125 2202 n.
1154 2173 1187 2212 3.
1227 2165 1279 2202 do.
1333 2167 1383 2213 Q.
1407 2167 1440 2204 d·
1467 2168 1615 2206 Taedet
1637 2181 1699 2206 me
1719 2171 1831 2210 vitae.
1885 2172 2041 2213 Κέκρικα.
2063 2171 2170 2216 igitur
2191 2173 2241 2210 est

182 2214 376 2263 inflexibilis
392 2213 574 2258 obstinauo.
1227 2215 1332 2254 flatui
1350 2241 1362 2259 ,
1407 2217 1544 2256 decrevi
1571 2219 1617 2256 sc.
1644 2221 1771 2264 mori,
1809 2231 1848 2257 ut
1870 2222 1960 2268 Virg
1990 2222 2035 2257 de
2065 2221 2239 2258 Didone:

235 2279 257 2309 4
286 2264 446 2303 Revocari
465 2263 564 2312 poffet
588 2263 635 2299 ad
653 2262 809 2311 vitam]
847 2264 1184 2312 Frequenslocutio
1231 2267 1458 2318 Decrevitque
1487 2270 1603 2312 mori,
1650 2270 1744 2306 male
1774 2282 1864 2307 vero
1891 2272 2088 2317 exponitur
2127 2271 2242 2318 vulgo

181 2317 228 2354 de
257 2315 342 2358 illis,
370 2314 431 2362 qui
463 2316 648 2352 suadendo
669 2343 678 2355 .
716 2315 858 2352 orando
882 2325 943 2352 aut
973 2316 1047 2353 aliis
1068 2317 1187 2353 modis
1225 2317 1396 2359 iudicavi.
1433 2319 1492 2356 ST
1510 2331 1609 2356 tri-1.
1649 2319 1820 2366 Ineptum
1851 2320 1899 2356 est
1920 2321 2005 2357 illud
2042 2321 2237 2366 κέκμηκα,

183 2367 344 2403 efficiunt
375 2392 385 2407 ,
430 2374 468 2400 ut
493 2364 581 2400 alius
607 2366 788 2403 moriendi
822 2365 1012 2402 confilium
1036 2367 1190 2404 abiiciat.
1223 2367 1308 2404 licet
1331 2369 1442 2404 Arnz.
1461 2370 1498 2405 &
1523 2369 1703 2406 Lindenb.
1726 2369 1830 2406 MSS.
1850 2381 1892 2405 ac
1911 2370 2068 2416 imprelli
2095 2371 2238 2419 aliquot

184 2416 280 2454 Vide
301 2416 470 2452 Gronov.
485 2413 531 2450 ad
551 2413 677 2450 Senec·
699 2414 849 2462 Hippol,
874 2426 926 2452 vs.
941 2418 1025 2460 264.
1227 2417 1410 2453 occinant.
1463 2418 1555 2455 Sane
1573 2419 1608 2454 in
1629 2419 1777 2464 optimis
1798 2419 1892 2455 libris
1914 2419 2091 2456 Mediceo
2109 2447 2120 2463 ‚
2150 2423 2236 2460 Ric-

1226 2465 1321 2501 card.
1355 2466 1522 2515 Bongars.
1553 2467 1627 2504 aliis
1675 2466 1802 2504 diserte
1846 2480 2065 2508 xenpxxn
2094 2470 2235 2517 legitur.

229 2514 338 2552 Haud
350 2514 454 2557 facile
474 2514 660 2563 quisquam
680 2513 724 2551 ad
747 2514 858 2552 vitam
881 2514 1045 2552 revocari
1072 2513 1186 2561 potest.
1226 2514 1329 2552 Idem
1351 2515 1438 2552 dicit
1458 2518 1601 2554 Atticus
1621 2518 1716 2564 apud
1740 2517 1852 2557 Corn.
1876 2519 2014 2567 Nepot.
2034 2532 2112 2568 cap.
2133 2522 2236 2560 XXI.

1226 2577 1261 2601 n.
1282 2565 1316 2601 6.
1366 2562 1474 2602 Nam
1494 2567 1583 2603 mihi
1607 2565 1670 2603 stat
1695 2567 1784 2605 alere
1800 2569 1958 2606 morbum
1976 2568 2129 2616 definere.
2178 2573 2232 2611 Si-

231 2630 250 2666 ς
279 2619 321 2651 ln
335 2611 573 2663 proximum]
597 2612 638 2649 In
652 2613 900 2662 propinquum
919 2613 1078 2654 aedium,
1109 2613 1185 2651 CA-
1224 2615 1310 2652 rnile
1327 2615 1503 2654 habemus
1517 2615 1614 2664 apud
1635 2615 1789 2656 Statium
1813 2647 1824 2664 ,
1859 2621 1957 2659 &de
1969 2620 2142 2660 Cornelia
2153 2623 2230 2668 Lu-⁴

184 2678 276 2706 nu.
1224 2677 1333 2702 canus
1357 2668 1437 2705 Lib.
1455 2667 1518 2705 IX.
1541 2678 1592 2706 vs.
1619 2677 1701 2705 κιο.

167 2724 174 2756 ἴ
234 2719 257 2755 6
283 2716 407 2763 Julius
427 2711 607 2762 Atticus]
637 2713 749 2763 Cujus
761 2714 1059 2761 eloquentiam&
1074 2715 1186 2751 Grae-

172 2777 268 2810 >tarn
288 2766 494 2805 facundiam
515 2775 599 2801 cum
621 2763 755 2802 familia
775 2765 897 2803 laudat
916 2765 1090 2803 Martialis
1106 2766 1186 2804 Lib.
1272 2766 1513 2814 Decrevitque
1527 2767 1603 2815 pan·
1620 2768 1777 2807 tenebras
1803 2787 1954 2800 -ι

189 2815 280 2864 yn,
1273 2817 1462 2866 Composita
1475 2821 1512 2854 in
1533 2829 1676 2856 mortem
1695 2820 1816 2861 iacuit.

239 2919 375 2962 Attice,
391 2916 572 2966 facundae
586 2928 734 2954 renovas
746 2915 805 2966 qui
815 2917 956 2954 nomina
965 2917 1095 2966 gentis,
1116 2929 1187 2957 eye.
1227 2916 1329 2965 Lege
1349 2918 1440 2956 infra
1465 2917 1572 2966 Epist.
1595 2919 1770 2959 XX11.n.
1788 2933 1843 2960 ro.

190 3013 201 3018 ρ
271 3015 279 3022 ·
1269 2981 1292 3016 9
1324 2972 1365 3005 Et
1383 2967 1670 3019 sexagesimum]
1709 2973 1928 3010 Mediceus:
1955 2981 2000 3012 effi
2012 2975 2240 3029 sexagentcfiss

190 3018 353 3052 Attum
382 3019 515 3056 eximie
541 3016 710 3055 coenasse
736 3017 853 3066 tetigit
877 3017 1041 3062 Juvenal.
1063 3018 1187 3064 Julius
1223 3030 1319 3053 mum
1335 3046 1345 3061 ‚
1372 3019 1524 3057 ridiculo
1543 3019 1639 3067 lapsu
1654 3047 1665 3064 ‚
1687 3021 1747 3059 sed
1769 3023 1831 3070 qui
1851 3023 1983 3067 scribae
2003 3028 2113 3065 facilis
2135 3029 2202 3067 fuit
2217 3021 2236 3074 ,¹

189 3065 333 3117 anticus
352 3068 558 3119 tempestate
587 3068 819 3110 Columeuae
846 3068 994 3108 laudem
1029 3071 1186 3115 meruit,
1218 3070 1395 3119 quoniam
1415 3071 1444 3109 is
1454 3067 1756 3120 sexagenfimum,
1781 3085 1849 3123 pro
1866 3072 2100 3124 sexagessm03
2127 3081 2229 3127 quin-

2143 3139 2229 3175 aaa:
