2616 3686
296 190 384 231 102

543 175 1060 230 C.PL1N11
1128 163 1643 237 cAEc·1L11
1710 190 2223 254 SECUNot

290 260 467 312 *etiam
498 251 516 275 ⁶
545 270 735 329 parteS.
777 275 791 298 ¹
812 257 1024 332 Surgit,
1061 261 1203 332 ²jam
1230 265 1395 337 igitur
1419 267 1635 340 incipit:
1678 270 1849 329 statim
1883 281 2062 337 omnia
2090 322 2106 347 ,
2157 303 2218 341 ac
2247 281 2404 360 Tpenss

299 330 499 402 pariter
528 330 596 385 ad
623 348 855 387 manum.
933 334 1124 390 Sensus
1151 337 1454 403 reconditi,
1494 342 1774 398 occursant
1800 347 1814 372 ³
1845 350 2031 417 verba:
2070 356 2160 413 sed
2187 362 2388 432 qualia?

302 399 560 472 quaesita,
603 404 656 458 &
681 406 913 462 exculta.
932 406 949 431 ⁴
977 409 1143 463 multa
1169 409 1327 464 lectio
1352 412 1408 465 in
1434 413 1614 468 subitis
1642 453 1656 477 ‚
1697 415 1709 442 ⁵

231 485 255 536 3
304 482 322 506 ⁶
361 476 733 532 Prooemiatur
760 492 911 545 apte,
950 493 1125 534 narrat
1149 494 1358 552 aperte,

307 559 462 606 ornat
490 549 728 606 excelse:
770 550 1049 607 Postremo
1076 553 1276 619 docet,

303 752 350 789 tit
372 749 595 788 auditoribus
610 778 621 794 ,
645 758 688 788 ut
710 747 785 788 five
810 751 1066 791 defensionem
1088 751 1166 792 five
1195 755 1336 794 accusa-

305 803 451 839 tionem
473 799 723 838 tran6iandam
748 799 810 840 fibi
833 804 986 841 sumant.
1042 803 1191 854 Legunt
1216 808 1254 845 &
1270 816 1336 856 pa-

309 862 438 894 ratus,
467 852 505 887 &
536 859 618 887 tum
651 850 768 888 sensus
802 853 876 900 est,
915 854 1031 892 isaeus
1055 855 1254 906 aliquando
1276 868 1335 894 ac-

310 901 408 939 cedit
441 899 487 937 ad
520 900 804 940 declamandum
836 906 1099 954 praemeditata
1143 909 1336 953 oratione,

308 961 396 988 cum
417 950 500 988 alias
524 962 569 988 ex
591 961 764 1001 tempore
786 953 1029 994 declamaret:
1060 957 1178 995 oblata
1193 959 1337 997 audito-

310 1001 406 1039 ribus
429 1001 599 1041 facultate
620 1010 661 1041 ut
684 1001 746 1042 sibi
767 1015 1021 1055 proponerent
1042 1009 1161 1056 plures
1184 1019 1336 1047 contro-

308 1050 465 1096 verfias,
495 1054 745 1103 eligerentque
768 1067 880 1105 quam
903 1069 923 1094 a
955 1058 989 1095 se
1020 1059 1165 1099 tractari
1193 1061 1336 1100 vellent.

313 1103 469 1141 CATAN.
498 1104 616 1141 Re&c
634 1114 753 1153 partes
767 1135 777 1151 ,
805 1106 915 1157 idque
938 1109 1088 1158 praestat
1121 1110 1313 1150 Mediceus
1328 1143 1338 1160 ‚

311 1153 353 1190 δε
385 1154 442 1192 alii
475 1154 655 1193 meliores.
709 1156 948 1197 Recentiores
984 1171 1069 1198 cum
1092 1160 1194 1200 Aldo
1212 1164 1338 1212 partis.

309 1203 668 1255 Gryphiusp.1ratus
693 1206 805 1246 edidit
829 1237 838 1253 ‚
878 1210 981 1259 quod
1014 1211 1063 1250 est
1095 1212 1134 1250 in
1167 1213 1270 1252 Voff.
1299 1218 1338 1254 ὃς

313 1254 442 1292 Oxon.
499 1257 618 1293 Partis
638 1256 723 1295 ideo
746 1258 781 1295 se
802 1260 996 1308 probavit,
1024 1264 1109 1313 quia
1132 1263 1337 1313 intelligen-

312 1304 404 1342 dum
438 1313 611 1355 putarunt
642 1307 837 1347 electionem
859 1312 975 1359 partis
998 1330 1009 1349 .-

307 1406 390 1444 talia
415 1407 612 1456 saepistimc
633 1409 752 1448 studio
775 1413 951 1462 coniungi
972 1413 1168 1454 docuimus
1190 1418 1235 1456 ad
1259 1418 1339 1455 Lu-

309 1459 392 1496 cani
417 1459 499 1496 Lib.
526 1459 593 1497 IV.
618 1471 669 1497 vs.
696 1472 778 1508 177.
1019 1482 1030 1490 ·

358 1559 523 1608 Hospitis
555 1559 612 1598 ille
645 1561 708 1600 ciet
740 1573 884 1603 nomen
908 1593 919 1610 ,

411 1622 541 1660 quum.

308 1723 387 1762 quo
406 1711 494 1749 loco
523 1724 568 1749 ex
594 1710 698 1752 simili
720 1716 925 1764 ignorantia
950 1717 1112 1759 fecerant
1143 1724 1337 1775 propinqui.
1376 1726 1476 1780 enim
1502 1739 1556 1766 res
1579 1738 1723 1768 tantum
1748 1732 1795 1770 ad

312 1764 468 1801 Conui.

362 1827 376 1851 1
407 1813 546 1863 Surgit,
576 1814 675 1864 eya]
705 1815 760 1854 Ita
783 1817 981 1867 distingue:
1033 1822 1152 1870 Surgit
1176 1851 1186 1867 ‚
1215 1826 1337 1863 amici-

305 1874 394 1909 tur,
448 1865 591 1908 immin
614 1864 741 1912 statim
766 1869 883 1905 omnia
907 1898 917 1914 ,
940 1883 979 1906 ac
1009 1878 1092 1919 pene
1116 1874 1256 1922 pariter
1287 1880 1337 1914 ad
1374 1876 1406 1913 E

309 1928 464 1952 manum
490 1915 613 1965 sensus
645 1919 847 1956 reconditi:

309 1966 433 2016 qualia
456 1976 471 2004 ,Ρ
499 1965 657 2016 quaefita
691 1981 735 2008 cy·
763 1970 918 2008 exculta.
967 1972 1127 2012 Fortaffe
1151 1977 1190 2013 &
1211 1976 1337 2025 legen-

311 2017 402 2054 dum
416 2045 426 2062 ‚
446 2017 522 2066 scin
537 2045 547 2062 ,
574 2018 699 2068 qualia
712 2049 722 2065 ‚
745 2032 823 2057 non
829 2022 894 2071 sed
907 2050 917 2067 ‚
956 2023 1132 2063 familiare
1147 2026 1312 2068 Comicis
1325 2059 1336 2075 ,

313 2079 408 2116 quos
431 2068 490 2106 hic
512 2080 590 2106 non
611 2080 692 2107 raro
715 2072 885 2111 imitatur.
914 2073 1084 2112 CASAUB.

361 2130 384 2155 2
413 2118 641 2169 Amicitur.]
670 2121 784 2159 Pallio
799 2150 810 2163 ,
837 2124 922 2172 quia
946 2125 1108 2164 Graecus
1130 2127 1164 2165 se
1177 2139 1336 2179 compo—

310 2169 376 2206 nit.
431 2170 488 2207 Sic
518 2170 619 2208 enim
654 2170 734 2209 Lib.
770 2172 837 2209 IV.
870 2173 915 2212 de
950 2175 1146 2215 Liciniano
1169 2206 1180 2222 ,
1218 2185 1336 2225 Cum,

311 2219 459 2269 inquit,
488 2225 618 2258 Graeco
636 2221 746 2270 pallio
765 2224 916 2262 amictus
935 2224 1095 2275 intraffit
1110 2228 1336 2280 postquamse

313 2271 522 2321 composuit,
548 2272 856 2323 circumspexitque
877 2274 1040 2314 habitum
1046 2280 1155 2326 suum
1169 2307 1179 2324 ,
1211 2283 1336 2320 Latine

311 2321 411 2359 dixit
434 2351 445 2367 ,
483 2322 752 2361 declamaturus
777 2325 872 2374 sum.
927 2327 1028 2366 Nam
1062 2328 1087 2366 fi
1119 2331 1336 2380 Romanus,

313 2378 424 2420 toga:
453 2375 555 2422 cujus
579 2373 739 2412 formam
762 2376 799 2413 in
822 2377 982 2417 Oratore
1006 2382 1162 2428 Quintil.
1195 2383 1337 2431 optime

316 2422 489 2462 describit.
544 2424 618 2463 Alii
640 2425 784 2463 codices
805 2427 941 2467 habent
963 2458 974 2474 ‚
995 2430 1078 2478 jam
1109 2447 1186 2483 ergo
1211 2461 1222 2478 ‚
1250 2433 1337 2473 loco

313 2475 484 2512 amicitur
498 2504 508 2521 ,
537 2475 642 2525 quod
665 2477 785 2514 minus
808 2479 938 2526 probo.
977 2481 1009 2518 C
1024 2494 1045 2518 A
1060 2497 1082 2522 T
1098 2498 1121 2521 A
1135 2497 1171 2522 N.
1209 2483 1338 2534 Vulgo

315 2524 524 2564 obtinebat:
546 2527 686 2575 surgit,
715 2529 906 2575 amicitur,
933 2531 1071 2578 incipit,
1096 2534 1192 2574 &de
1205 2535 1337 2584 pallio,

316 2584 359 2612 ut
392 2577 492 2615 vides
516 2605 527 2621 ,
576 2577 830 2624 intelligebant.
883 2582 935 2620 At
959 2582 1127 2624 ridiculus
1163 2584 1281 2624 fuilset
1307 2587 1340 2624 I-

315 2624 416 2664 saeus
431 2655 441 2671 ,
470 2627 496 2664 si
517 2627 592 2664 line
616 2629 722 2677 pallio
745 2629 969 2671 auditorium
992 2635 1149 2674 intr-affer
1164 2666 1173 2680 ‚
1204 2640 1242 2675 ὃς
1264 2638 1342 2686 post

321 2678 612 2716 controversiam
637 2678 852 2728 postulatam
876 2685 1015 2723 amiciri
1038 2686 1222 2736 coepillet.
1253 2689 1341 2726 Non

319 2726 369 2765 ita
393 2730 560 2778 ineptum
583 2739 645 2767 aut
667 2730 869 2778 sophistam
885 2761 894 2777 ,
922 2743 983 2772 aut
1015 2737 1173 2776 Plinium
1207 2739 1344 2777 faciunt

323 2778 468 2818 codices
483 2809 494 2824 ,
520 2782 558 2818 in
580 2781 707 2829 quibus
729 2782 802 2819 iam
825 2783 936 2827 izitur
953 2814 962 2829 ‚

1748 419 1914 473 multa
1947 423 2165 498 scriptio
2199 434 2395 493 elucet.

1399 501 1603 558 pugnat
1632 491 1868 556 acriter,
1906 495 2112 567 colligit
2148 503 2394 574 sortiter,

1313 555 1330 582 ⁷
1355 555 1615 624 delectat,
1651 562 1857 627 afficit;
1909 568 2041 640 quid
2079 564 2095 590 ⁸
2133 579 2396 646 maxime,

2301 652 2400 710 du-

1376 768 1472 808 quae
1517 759 1599 809 post
1633 763 1788 814 longam
1829 767 2142 818 exspectationem
2181 777 2401 826 proferrent.

1378 809 1480 848 Nota
1503 810 1553 849 est
1575 815 1628 852 vis
1661 818 1854 865 particulae
1873 819 1947 857 iam
1962 849 1974 866 ,
2003 835 2097 874 quac
2120 826 2223 876 saepe
2245 829 2400 879 statim,

1376 873 1458 916 mox
1485 860 1662 911 denotat,
1691 868 1730 906 δε
1752 871 1922 908 cumi-110
1945 873 2138 924 Inceptivo
2169 879 2278 928 igitar
2311 894 2401 922 con-

1377 910 1501 968 iuncftn
1532 924 1645 962 quam
1680 920 1843 960 maxime
1877 932 2131 972 opportunum
2164 929 2306 969 sensum
2342 936 2401 974 hic

1381 961 1513 1001 tundit.
1568 964 1765 1005 Distinciio
1802 971 1841 1007 in
1879 972 2107 1023 sequentibus
2137 984 2400 1033 corruptissima

1379 1021 1464 1050 crat.
1496 1025 1566 1052 nos
1600 1018 1881 1060 emendavimus
1914 1036 1995 1062 eam
2025 1031 2155 1075 partim
2191 1044 2236 1070 ex
2271 1036 2403 1076 Cas-au-

1378 1062 1505 1109 bono,
1534 1069 1664 1114 partim
1688 1082 1734 1108 ex
1759 1071 1864 1110 Libb.
1886 1075 1988 1114 Vctt.
2018 1078 2173 1119 Conrz.

1430 1126 1448 1164 3
1483 1117 1634 1173 Verba]
1676 1121 1892 1173 Utrumque
1925 1128 2042 1176 tetigit
2063 1141 2109 1168 ex
2132 1133 2260 1182 quibus
2284 1140 2401 1178 oratio

1380 1164 1573 1205 conficitur
1599 1183 1644 1208 ex
1668 1173 1784 1211 verbis
1808 1175 1846 1212 δε
1870 1178 1983 1216 rebus.
2039 1179 2081 1216 In
2105 1183 2205 1221 rebus
2226 1188 2401 1229 intuenda

1379 1216 1549 1306 inventio
1564 1248 1574 1264 ,
1600 1222 1637 1260 in
1662 1224 1779 1263 verbis
1799 1226 1986 1276 elocutio,
2013 1231 2053 1270 in
2075 1234 2234 1286 utrisque
2246 1240 2402 1279 colloca-

1380 1275 1446 1304 tio.
1513 1281 1632 1310 ATAN.

1060 1322 1095 1351 at
1135 1318 1338 1364 permittere
1371 1322 1391 1335 ⁴
1426 1331 1450 1366 4
1480 1322 1605 1360 Multa
1628 1324 1722 1363 lettio
1740 1354 1750 1371 ,
1778 1327 1878 1378 effa]
1911 1331 2010 1370 Cum
2036 1333 2121 1374 dicit
2143 1336 2262 1378 Isaeus
2275 1342 2403 1381 exim-

304 1364 427 1405 partes
459 1356 683 1397 auditoribus
716 1360 816 1398 nude
849 1363 960 1400 etiam
994 1365 1093 1403 reete
1121 1366 1271 1411 dicitur,
1300 1370 1339 1406 ὃς
1379 1371 1550 1417 proviso,
1579 1386 1623 1424 ap

1628 1385 1727 1425 paret
1750 1379 1864 1434 multa
1876 1381 2006 1430 legille.
2038 1386 2286 1443 Comparatur
2301 1393 2402 1432 enim

1379 1418 1528 1511 &snt
1891 1434 2213 1527 11⁶2>
2222 1469 2250 1530 2.
2260 1444 2299 1481 ἃ
2320 1444 2405 1534 ¹051·

1376 1498 1675 1565 ξΤιιΙΙίιιιηΙῡεικι.
1683 1508 1806 1567 Multa
1820 1542 1898 1570 non
1907 1514 2060 1574 liabetur
2071 1539 2109 1575 in
2122 1503 2404 1583 Medic-gffffirss

959 1578 1066 1606 vocat
1095 1568 1155 1608 ille
1185 1574 1338 1622 propin·
1373 1570 1459 1611 tasse
1472 1579 1603 1624 reperit
1614 1579 1795 1618 librarius:
1826 1585 1938 1621 Lectio
1949 1586 1989 1622 in
1991 1587 2122 1636 subitis
2135 1591 2404 1637 multam-tulta

949 1631 955 1635 ·
1368 1622 1513 1674 scriptio
1534 1626 1666 1666 elucet.-
1697 1632 1896 1680 quomodo
1918 1635 1957 1672 in
1980 1637 2142 1677 Arnzen.
2157 1641 2325 1692 scriptum
2341 1647 2400 1686 est.

1428 1688 1445 1723 ς
1478 1677 1603 1715 Malta
1632 1679 1815 1730 scriptia]
1856 1683 2023 1723 Multum
2067 1688 2243 1739 scripfiffe.
2289 1697 2399 1737 Nulla

1429 1777 1434 1782 .
1817 1733 2015 1774 dicendum
2039 1740 2183 1787 proficit
2216 1754 2398 1794 quantum

1376 1778 1519 1826 lCl'lpth
1534 1807 1544 1824 ,
1571 1781 1701 1818 auctor
1724 1781 1773 1819 est
1796 1784 1876 1822 Cic.
1900 1785 1946 1824 de
1972 1787 2084 1828 Claris
2106 1791 2210 1831 Orat.
2242 1795 2398 1838 CATAN.

1424 1828 1447 1863 6
1475 1831 1761 1881 Prooemiatur.]
1793 1835 1963 1874 Verbum
1987 1849 2144 1880 novum.
2185 1846 2207 1883 S
2221 1857 2244 1882 c
2259 1858 2316 1885 HE
2331 1861 2349 1886 F
2366 1863 2400 1889 ιτ.

1410 1877 1526 1917 rudite
1549 1881 1595 1919 de
1617 1883 1690 1919 hoc
1714 1885 1828 1922 verbo
1854 1886 1907 1925 lo.
1931 1889 2068 1928 Savaro
2090 1893 2135 1930 ad
2157 1895 2282 1934 Sidon.
2317 1900 2399 1939 Lib.

892 1922 1072 1970 occursant
1101 1925 1213 1961 verba
1237 1942 1249 1962 .·
1274 1928 1336 1976 fied
1377 1928 1442 1966 1V.
1467 1928 1574 1979 Epist.
1598 1932 1664 1969 ΙΙΙ.
1699 1940 1735 1970 ln
1756 1949 1820 1984 quo
1843 1939 1929 1975 dum
1949 1941 2000 1976 ad
2021 1954 2137 1979 meum
2161 1958 2284 1985 nomen
2313 1962 2401 2000 pro-

1374 1982 1568 2028 oemiaris,
1596 1982 1655 2021 hoc
1675 1998 1805 2023 manus
1821 1988 2033 2037 potissimum
2056 1994 2149 2042 cepi,
2183 2006 2251 2037 cet.
2301 1999 2400 2041 Infra

1376 2030 1588 2072 Mediceus:
1617 2048 1657 2072 ac
1674 2045 1813 2085 pugnat
1834 2041 1971 2078 acriter.

1428 2094 1446 2129 7
1479 2083 1641 2123 Delectat
1668 2114 1679 2131 ,
1724 2086 1875 2139 afficit]
1913 2091 2107 2140 Distingue
2128 2124 2138 2141 ,
2165 2099 2283 2146 afficit.
2306 2104 2400 2152 quod

1376 2135 1536 2172 maxime
1556 2136 1717 2181 dubites,
1747 2139 1891 2187 crebra,
1920 2153 1990 2180 eye.
2022 2145 2191 2186 CAsAUB.

1427 2184 1448 2221 8
1479 2186 1642 2224 Maxime
1675 2187 1852 2240 dubites.]
1904 2193 1979 2230 Vix
2019 2195 2140 2235 credas
2185 2199 2263 2241 fieri
2299 2204 2401 2254 poffe

1379 2238 1620 2286 extemporali
1659 2241 1836 2278 oratione.
1876 2244 1908 2280 C
1923 2257 1945 2280 A
1962 2259 1983 2283 τ
2000 2258 2071 2284 AN.
2109 2248 2305 2301 Perperam
2329 2256 2402 2295 Ca-

1376 2293 1547 2325 tanaeus;
1577 2301 1700 2339 neque
1725 2291 1928 2333 Casauboni
1951 2295 2130 2337 distineiio
2154 2302 2324 2344 medetur
2346 2308 2400 2346 vi-

1376 2336 1443 2382 tio,
1499 2339 1625 2378 Sensus
1658 2340 1739 2379 cst:
1781 2343 1870 2393 quid
1902 2348 2066 2386 maxime
2100 2362 2145 2388 ex
2167 2353 2221 2392 his
2245 2355 2398 2402 efficiat,

1376 2385 1539 2434 dubites,
1568 2393 1651 2440 quia
1684 2395 1882 2443 aequaliter
1916 2399 2042 2437 onmia
2073 2402 2233 2450 praestat.
2285 2406 2396 2445 Unde

1377 2439 1591 2528 quid,ln0n
1616 2443 1730 2492 quod,
1758 2444 1987 2486 scribendum
2009 2449 2088 2490 fuit.
2118 2453 2302 2494 Viderunt
2322 2457 2395 2495 hoc

1378 2499 1452 2526 iam
1475 2501 1495 2527 a
1512 2504 1544 2529 ii.

1427 2553 1450 2589 9
1479 2541 1615 2580 Crebra
1640 2544 1909 2598 ileum-huam]
1960 2556 2167 2601 frequentes
2187 2553 2393 2602 syllogismi·

1376 2589 1631 2641 Entliymema
1654 2595 1788 2637 Latine
1809 2611 2069 2639 commentum
2091 2605 2368 2650 interpretamur
2381 2634 2393 2650 ‚

1375 2641 1574 2681 rhetoricus
1609 2644 1657 2683 est
1690 2647 1946 2698 syllogismus:
1985 2652 2028 2689 ab
2058 2651 2130 2689 aliis
2163 2661 2240 2698 pars
2263 2652 2392 2693 dicitur

1371 2690 1589 2741 syllogismi,
1626 2706 1666 2735 ut
1689 2709 1708 2735 a
1732 2699 1886 2738 Thoma
1910 2729 1921 2746 ,
1959 2700 2177 2750 syllogismus
2202 2700 2392 2744 detrunca-

1356 2749 1429 2780 ⁴tus
1453 2745 1655 2792 procedens
1678 2761 1723 2786 ex
1737 2752 1984 2799 praecognito.
2012 2750 2231 2799 Notium-nst
2264 2753 2304 2792 Id
2319 2755 2392 2803 est,

992 2789 1151 2826 auriam
1169 2803 1245 2839 ergo
1278 2793 1602 2846 prolintellecstuffi
1630 2801 1928 2847 excogitationes.
1970 2800 2121 2837 CATAN.
2160 2800 2266 2840 Haec
2291 2805 2392 2846 Lati-

325 2829 452 2877 incpto
485 2830 551 2869 isto
589 2832 702 2870 verbo
731 2829 898 2872 scribitur.
949 2837 1020 2875 Sed
1042 2850 1129 2877 cum
1152 2842 1414 2886 meliores,¹ni
1445 2857 1599 2896 quoque
1632 2848 1923 2897 Enthymemata
1958 2850 1996 2886 ὅ(
2031 2849 2219 2889 Noemata
2243 2853 2391 2897 dicunt:

326 2886 367 2914 ut:
404 2880 591 2919 Mediceus
617 2910 626 2925 ‚

666 2883 829 2922 Riccard.
864 2886 1062 2927 Lindenbr.
1095 2890 1199 2929 Vosl.
1231 2893 1270 2930 δε
1291 2883 1362 2932 aliil
1379 2895 1424 2933 de
1449 2897 1577 2945 quibus
1598 2897 1679 2945 lege
1703 2897 1863 2935 Fabium.
1893 2900 2095 2936 Catanaeus
2117 2902 2153 2938 in
2178 2905 2306 2944 codice
2330 2908 2393 2948 suo

328 2930 423 2975 prius
447 2931 663 2975 exhibeant,
692 2946 736 2971 ex
759 2935 797 2972 iis
821 2946 919 2974 nnnc
955 2942 1128 2979 revocavi
1153 2955 1161 2978 :
1200 2944 1318 2991 Surgit
1340 2942 1363 2988 ,l
1379 2947 1453 2983 anti
1483 2957 1533 2983 uo
1555 2958 1632 2984 non
1657 2945 1758 2983 suill‘e
1781 2948 1915 2990 scribit,
1945 2948 2001 2985 sed
2035 2958 2178 2989 tantum
2211 2957 2396 3008 νοήματα,

329 2979 402 3015 iam
439 2979 544 3025 igitur
577 2981 696 3029 incipit
721 3011 730 3025 ‚
758 2985 794 3020 li.
818 2997 848 3020 c.
872 2986 1021 3026 simulac
1043 2991 1191 3030 surrexit
1214 2995 1349 3043 incipit.

330 3029 406 3066 Alii
430 3030 528 3066 enim
552 3029 613 3067 diu
637 3033 668 3067 le
692 3043 776 3069 com

782 3037 966 3080 ponebant
989 3041 1033 3077 ad
1057 3042 1281 3087 dicendum,
1311 3048 1349 3082 δε
1379 3047 1453 3088 mi,
1481 3055 1566 3080 curn
1599 3046 1828 3084 ἐνθυμήματα
1872 3049 1909 3085 &
1948 3049 2137 3098 i‘y‘logislm'
2171 3067 2214 3102 n

1381 3007 1459 3044 quo
1506 2996 1620 3042 placet
1645 2995 1742 3042 (aitl
1769 2998 1852 3045 quia
1875 2997 2032 3046 sequitur
2057 3029 2066 3043 ‚
2105 3002 2214 3039 crebri
2239 3007 2396 3096 syllggis.

2219 3068 2263 3094 ne
2298 3072 2306 3096 i
2335 3073 2395 3100 em

329 3086 468 3135 magno
492 3079 684 3119 molimine
707 3093 748 3119 ac
772 3082 927 3123 molesto
949 3088 1120 3138 adparatu
1133 3095 1323 3142 captabant
1337 3092 1453 3141 ‚ifint
1508 3093 1578 3133 Sed
1600 3102 1725 3133 contra
1748 3097 1787 3135 in
1809 3097 1894 3137 Ald.
1919 3099 2002 3138 edit.
2027 3106 2065 3140 e<
2090 3105 2301 3153 quibusdam
2325 3112 2398 3152 aliis

2309 3161 2396 3211 legi-

2487 0 2616 210 Ἴ»
