2616 3686
229 235 292 282 4⁷-
434 206 2111 264 CPLINIICAECILIISECUNDI

173 337 178 341 .
228 305 241 326 ¹
276 310 332 352 ut
366 296 527 365 magis
553 308 745 362 angar,
783 288 934 362 quod
963 286 1257 342 nonlicet?
1301 286 1436 342 Nam
1466 285 1756 355 distringor
1781 288 1797 307 ²
1827 285 2017 343 officio
2040 330 2054 353 ‚
2096 312 2111 340 ε
2137 302 2195 347 ut
2225 292 2343 346 mai

239 374 432 432 ximo,
486 369 554 420 iic
593 361 974 418 molrssissimo.
1053 360 1232 415 Sedeo
1265 363 1284 388 ⁴
1323 377 1423 430 pro
1495 357 1743 414 tribunali
1782 396 1797 420 ,
1857 360 2084 416 subnoto
2128 364 2141 391 ⁵
2191 364 2345 419 libel-

238 445 349 508 los,
389 438 627 496 conficio
661 435 680 460 ⁶
717 436 913 492 tabulas
939 472 954 500 ‚
994 434 1171 491 scribo
1205 431 1461 509 plurimas
1489 471 1506 499 ,
1542 433 1634 497 sed
1669 431 1684 461 ⁷
1714 431 2122 490 illiteratiffimas
2145 438 2346 494 literas,

2181 510 2343 566 Soleo

243 683 338 723 hunc
357 682 519 733 expungi
542 679 676 719 meruit
700 706 712 722 ‚
739 675 841 726 quod
874 673 932 712 alii
967 671 1089 712 Codd.
1117 677 1277 710 aetatem
1316 669 1471 708 nomina
1490 670 1743 717 ingenuorum
1763 681 1963 718 puerorum
1989 670 2230 718 referebant,
2257 679 2300 711 ut
2321 674 2351 714 ίί

244 737 343 774 unici
366 737 458 774 illius
477 746 552 772 non
576 731 805 778 adtingentes
836 726 1090 775 neglexerunt.
1147 723 1279 760 Melius
1315 721 1411 759 forte
1431 721 1561 770 aliquis
1580 721 1723 758 causam
1749 721 1936 760 liberalem
1949 722 2107 767 diceret,
2136 724 2353 764 testationes

247 788 477 830 Catanaeus,
511 783 685 832 Stephani
732 782 768 816 ὅ(
825 779 905 822 alii,
935 778 997 827 qui
1035 784 1279 813 retinuerunt.
1315 773 1399 829 inde
1433 773 1687 821 produceret,
1725 773 1828 822 quod
1865 775 2078 812 Antoninus
2103 776 2345 825 philosophus

247 840 486 879 Conditiones,
521 844 644 873 autern
667 831 867 880 posteriore
897 838 997 878 parte
1030 828 1280 866 adnotationis
1315 833 1426 861 etiam
1455 836 1519 873 per
1536 826 1743 873 provincia<
1768 824 1932 863 instituit.
1963 825 2117 863 CA‘rAN,

245 889 330 929 suae
361 889 458 926 reste
489 887 584 935 cepit
614 884 821 921 Catanaeus
889 881 1076 919 Arnobius
1106 879 1186 916 Lib.
1216 879 1280 916 IV.
1367 888 1385 922 7
1419 875 1698 922 Illiteratiffimas
1717 875 1891 925 litteras.]
1923 876 2138 921 inornatas,
2159 877 2354 924 forenses,;

246 953 330 992 pag.
354 952 434 977 171.
489 943 614 974 Uxores
633 937 726 972 enim
744 934 796 971 aii
818 932 971 975 habent,
1001 944 1107 981 atque
1135 932 1172 966 in
1199 942 1275 966 con·
1316 926 1506 976 vulgares,
1533 927 1614 965 stilo
1633 927 1768 966 infimo
1789 956 1799 972 ,
1830 927 1961 977 qulbus
1983 937 2135 965 utuntur
2161 931 2349 970 rationarii

247 991 379 1041 iugalia
394 991 534 1036 foedera
557 985 835 1026 conditionibus
865 985 1014 1021 veniunt
1043 994 1128 1019 ante
1151 981 1279 1031 quaesi·
1314 979 1404 1026 (in)
1426 979 1665 1017 nominibus:
1695 991 1809 1029 quem
1832 979 1960 1017 locum
1988 980 2110 1017 minus
2132 979 2353 1020 felic-nerse·-

247 1044 303 1082 tis.
338 1043 396 1080 ubi
432 1041 637 1081 Hffaldum
668 1038 775 1076 adeas
799 1065 809 1080 ,
839 1043 879 1073 ut
903 1037 940 1072 &
963 1034 1142 1073 Colviutn
1163 1033 1208 1069 ad
1232 1034 1267 1070 A
1313 1030 1437 1067 danius
1466 1039 1624 1068 conatus
1657 1030 1706 1067 est
1738 1032 1897 1068 mutuari
1921 1058 1931 1074 ,
1971 1031 2240 1078 Illiceratiffimis
2259 1059 2270 1076 ,
2297 1033 2357 1074 in.

247 1095 359 1145 pulei.
395 1094 441 1131 ll.
477 1093 610 1130 Floril.
641 1101 718 1137 pag.
754 1088 838 1126 181.
895 1087 940 1124 Et
971 1085 1018 1123 fic
1048 1084 1142 1123 infra
1172 1084 1281 1132 Epist.
1315 1082 1418 1131 quit,
1446 1081 1556 1119 literis
1575 1093 1723 1119 vacans.
1774 1080 1980 1119 Videamus
2013 1093 2102 1130 ergo
2122 1112 2131 1128 ,
2158 1083 2183 1120 fi
2210 1083 2358 1132 placet,

249 1146 355 1185 XIV.
378 1157 401 1183 n
433 1158 470 1191 9.
492 1144 555 1181 Hic
578 1154 710 1193 quoque
730 1140 769 1176 in
799 1137 1078 1176 conditionibus
1097 1135 1282 1185 deligendis
1317 1144 1396 1171 non
1429 1134 1647 1180 importune
1671 1160 1681 1176 ,
1719 1144 1766 1170 an
1793 1144 1927 1171 omnes
1956 1142 2046 1172 tunc
2070 1135 2204 1172 Latine
2224 1134 2358 1184 loque-

241 1198 424 1249 ponendus
441 1196 484 1245 est
505 1194 669 1232 calculus.
699 1192 858 1230 Come.
1316 1193 1465 1230 rentur,
1495 1186 1533 1224 ὃς
1553 1185 1645 1235 quid
1668 1183 1709 1222 fit
1730 1184 1865 1223 Latine
1885 1185 2011 1233 loqui:
2040 1185 2142 1233 quod
2163 1184 2246 1223 sane
2261 1187 2352 1226 nihil

307 1262 320 1288 1
354 1253 397 1284 Ut
440 1248 552 1296 magis
598 1256 734 1293 angar,
764 1240 863 1291 eya]
909 1240 1040 1279 Sensus
1063 1238 1134 1278 est:
1166 1239 1283 1287 Magis
1317 1234 1415 1274 aliud
1443 1237 1492 1274 est
1522 1265 1534 1283 ‚
1571 1247 1685 1286 quam
1717 1236 1770 1273 uti
1796 1237 1919 1286 lingua
1947 1237 2078 1281 Latia,
2106 1237 2360 1278 &Romana.

250 1301 394 1339 crucier
424 1310 514 1337 curn
546 1297 686 1344 saepius
716 1295 809 1332 illius
829 1321 840 1337 ,
868 1304 946 1342 quo
967 1304 1071 1336 non,
1100 1299 1141 1328 ut
1169 1291 1283 1334 volo,
1318 1287 1418 1324 Nam
1454 1287 1526 1326 Cic.
1555 1289 1698 1338 inquit,
1727 1301 1796 1324 non
1826 1300 1904 1324 tam
1931 1287 2154 1337 praeclarum
2194 1288 2238 1332 ell
2259 1290 2350 1338 scire

250 1353 323 1391 frui
340 1351 427 1388 licet
445 1351 495 1388 ob
518 1347 786 1395 occupationes
815 1344 976 1393 publicas
997 1372 1008 1388 ‚
1045 1343 1279 1380 mentionem
1320 1341 1468 1385 Latine,
1496 1353 1608 1391 quam
1641 1349 1738 1388 turpe
1774 1339 1928 1383 nescire:
1968 1354 2077 1392 neque
2107 1351 2184 1378 tam
2205 1341 2243 1377 id
2264 1340 2356 1383 mihi

249 1404 404 1446 faciam,
434 1402 591 1439 Canu,
620 1397 763 1436 Scribe:
793 1400 860 1432 An
888 1396 1001 1444 magis
1027 1406 1165 1442 angar,
1193 1393 1299 1442 quod<
1319 1392 1472 1429 oratoris
1494 1392 1574 1429 boni
1598 1420 1609 1436 ,
1646 1405 1754 1441 quam
1778 1391 1866 1428 civis
1883 1393 2033 1429 Romani
2049 1394 2225 1442 proprium
2255 1393 2358 1431 vide-

253 1468 322 1493 non
341 1454 437 1497 licet,
461 1449 598 1490 omisso
618 1461 668 1490 ut,
728 1448 903 1485 Casautz.
943 1446 997 1484 lta
1017 1454 1145 1483 tamen
1164 1445 1267 1482 distin
1319 1451 1404 1487 tur;
1433 1445 1472 1481 &
1495 1443 1704 1481 Pollionem
1727 1443 1885 1491 legimus
1901 1441 2034 1491 juffiss'e
2056 1442 2150 1482 filios
2163 1444 2268 1492 loqui
2283 1446 2359 1482 La-

252 1504 447 1555 guendum
467 1502 595 1551 putavi
618 1511 705 1538 cum
725 1499 924 1536 veterrima
945 1498 1128 1535 editione.
1165 1497 1287 1534 Poste-
1318 1494 1419 1539 tine,
1450 1494 1548 1533 adeo
1578 1504 1616 1533 ut
1637 1495 1780 1532 Graece
1802 1494 1860 1532 vel
1877 1494 2028 1532 difficile
2043 1522 2054 1538 ,
2105 1495 2164 1532 vel
2187 1507 2267 1532 raro
2300 1495 2361 1533 10-

254 1559 368 1595 riores
388 1556 548 1606 quippe,
589 1557 656 1590 An
676 1561 717 1588 ut
737 1551 848 1598 magis
866 1558 1006 1598 angar?
1032 1548 1125 1599 quod
1153 1560 1220 1584 non
1248 1547 1287 1583 11·-
1320 1554 1538 1594 querentur,
1589 1547 1717 1584 Livius
1761 1545 1856 1583 libro
1906 1557 1938 1584 1.
1976 1557 2056 1594 cap.
2097 1557 2160 1592 27.
2214 1552 2359 1594 Magna·

256 1620 321 1647 cet.
349 1609 544 1646 Gnuran.
565 1605 704 1641 Veram
716 1601 989 1640 distinctionem
1005 1600 1160 1649 reperias
1173 1600 1286 1636 etiam
1317 1605 1401 1645 pars
1439 1596 1664 1634 Fidenatium
1689 1624 1698 1638 ‚
1727 1606 1767 1631 ut
1795 1596 1858 1646 qui
1893 1596 2001 1633 coloni
2033 1596 2151 1634 additi
2182 1598 2349 1635 Romanis

258 1661 297 1699 in
323 1659 417 1697 Edd.
437 1657 618 1706 Grypbii3
649 1663 686 1692 ut
706 1653 831 1691 frustra
852 1653 893 1690 sit
914 1651 1153 1690 Casaubonus
1177 1679 1187 1695 ,
1227 1651 1289 1699 qui
1322 1646 1445 1697 effem,
1474 1649 1601 1685 Latine
1617 1646 1786 1694 sciebant.
1840 1646 1886 1684 Et
1910 1645 1930 1685 a
1951 1647 2122 1686 Varrone
2137 1648 2356 1697 Fabioque,

259 1719 387 1750 contra
417 1709 525 1746 MSS.
551 1704 769 1744 consensum
803 1703 1016 1749 particulam
1046 1714 1087 1740 ut
1107 1701 1269 1750 expellit.
1324 1700 1385 1736 ubi
1406 1700 1453 1738 de
1475 1700 1643 1749 analogia
1664 1698 1865 1747 disputatur
1887 1725 1897 1741 ,
1926 1701 2114 1747 quaeritur
2134 1728 2143 1744 ‚
2181 1713 2231 1736 an
2257 1699 2370 1736 aliud'

314 1774 336 1799 2
367 1758 519 1809 Officio]
571 1755 804 1795 Praefectura
834 1755 992 1798 aerarii,
1031 1754 1069 1792 in
1087 1765 1160 1802 qua
1178 1753 1292 1790 colle·
1322 1747 1367 1798 fit
1380 1752 1505 1787 Latine
1521 1752 1638 1799 loqui,
1666 1750 1766 1787 aliud
1792 1751 2050 1796 grammatice:
2084 1751 2223 1788 nullam
2255 1752 2360 1789 enim

261 1825 344 1866 garn
367 1813 493 1851 habuit
516 1810 727 1846 Cornutum
752 1806 976 1845 Tertullum.
1009 1805 1168 1842 Caram.
1326 1801 1506 1850 loquendi
1528 1800 1648 1850 legem
1663 1829 1672 1847 ‚
1702 1801 1761 1838 sed
1781 1800 2080 1839 observationem
2111 1803 2263 1850 quidam
2293 1813 2365 1840 vo-

317 1878 336 1916 3
368 1871 412 1901 Ut
432 1861 609 1904 maximo,
625 1858 671 1907 fic
693 1855 948 1905 molestiffimo.]
987 1856 1130 1894 Eadem
1162 1855 1295 1904 repetit
1327 1852 1429 1890 luere
1444 1881 1454 1897 ,
1483 1861 1525 1890 ut
1546 1852 1659 1902 ipsam
1680 1851 1889 1900 analogiam
1912 1852 2009 1890 nulla
2030 1863 2086 1890 res
2105 1853 2174 1890 alia
2207 1853 2337 1891 fecerit
2351 1881 2373 1900 ‚.

263 1917 301 1955 in
327 1916 401 1954 fine
421 1922 516 1952 orat.
537 1922 666 1961 paneg.
691 1907 1130 1949 serietate-festiniano,
1159 1909 1295 1944 &ante
1329 1915 1442 1952 quam
1465 1904 1710 1942 consuetudo.
1765 1906 1893 1951 Quare
1912 1903 2106 1941 Vitruvius
2133 1903 2168 1941 se
2194 1903 2370 1949 excusat,

264 1968 357 2012 hos,
387 1964 632 2016 Quaestores‚
662 1962 877 2005 Praetores,
903 1958 1066 1997 Tribuni
1089 1957 1160 2007 (sic
1191 1956 1292 1996 enim
1327 1953 1359 2002 fi
1378 1956 1465 2005 quid
1487 1966 1607 1993 contra
1626 1955 1907 2005 grammaticam
1933 1953 2066 1992 locutus
2079 1952 2146 2002 fit,
2175 1952 2275 2004 quasi
2293 1960 2366 1991 La-

267 2019 424 2059 invenio
457 2023 599 2054 mutata
629 2013 787 2052 nomina
816 2011 1093 2058 praefectorum
1129 2010 1295 2055 aerario)
1333 2007 1406 2044 tine
1421 2007 1593 2057 scripserit
1617 2035 1628 2051 ,
1667 2018 1710 2047 (φ
1741 2019 1809 2043 non
1834 2006 2093 2055 grammatice.-
2123 2006 2236 2042 utitur
2265 2008 2372 2045 enim

268 2070 444 2121 pecunias
481 2063 763 2116 quoquomodo
792 2062 965 2110 expensas
1001 2063 1039 2099 ὅ(
1062 2072 1230 2108 acceptas
1260 2061 1294 2098 in
1334 2059 1522 2096 interdum
1544 2058 1664 2096 verbis
1685 2068 1782 2108 quae
1799 2058 2064 2104 grammaticus
2092 2068 2170 2093 non
2194 2056 2372 2096 admitte-

269 2122 408 2160 tabulas
437 2119 596 2168 publicas
635 2115 872 2164 reponebant.
902 2125 989 2152 nam
1020 2113 1114 2150 inter
1151 2121 1295 2149 caetera
1339 2118 1405 2147 ret.
1432 2111 1605 2159 quamvis
1637 2108 1820 2147 interdum
1862 2108 1995 2147 Latine
2027 2107 2162 2154 loqui,
2210 2106 2377 2148 sumatut

269 2173 397 2221 legatis
418 2171 605 2217 sumptum
623 2166 779 2208 dabant,
809 2166 846 2202 &
865 2177 963 2215 quae
975 2164 1018 2202 ad
1030 2159 1317 2212 rempublicam·
1342 2173 1411 2210 pro
1433 2162 1592 2209 eleganti
1615 2160 1788 2199 sermone
1815 2159 1882 2198 uti.
1937 2159 2039 2198 Hinc
2065 2157 2233 2205 Juvenal.
2266 2159 2376 2198 dixe-

271 2223 434 2274 spectare
451 2220 693 2262 videbantur,
721 2217 975 2254 distrahebant.
1003 2216 1120 2253 lnam.
1343 2221 1419 2251 rat:
1448 2210 1606 2261 Cumstt
1626 2221 1723 2263 turpe
1745 2211 1856 2259 magis
1876 2210 1995 2256 nostris
2022 2209 2144 2257 nefiire
2170 2211 2307 2249 Latine.
2335 2213 2379 2250 &

329 2287 352 2322 4
382 2281 447 2312 Pro
471 2267 690 2318 tribunali.]
730 2266 901 2305 Tribunal
924 2268 967 2311 est
997 2267 1057 2303 ubi
1079 2267 1188 2314 judex
1207 2267 1301 2311 sedet
1346 2264 1485 2302 Seneca
1515 2264 1538 2302 l.
1578 2276 1614 2301 v.
1634 2263 1746 2313 Epist.
1800 2269 1906 2299 Nunc
1926 2261 2031 2310 vulgo
2052 2260 2270 2308 breviarium
2291 2262 2379 2302 dici.

271 2327 390 2377 populo
416 2326 474 2375 jus
502 2323 671 2359 difflurus.
722 2319 795 2358 Pro
825 2318 992 2356 tabulatis
1013 2318 1304 2355 excrescentibus
1345 2326 1430 2357 tur,
1455 2316 1539 2352 olim
1563 2327 1641 2351 cum
1666 2314 1789 2351 Latine
1800 2313 2033 2363 loqueremur,
2059 2314 2298 2357 summarium
2312 2328 2377 2352 vo-

273 2380 411 2421 Plinius
457 2374 577 2413 senior
623 2372 747 2410 utitur.
802 2369 931 2407 Fabius
965 2376 1072 2406 notat
1113 2380 1178 2406 eos
1201 2396 1211 2412 ,
1239 2370 1302 2418 qui
1345 2365 1504 2406 cabatur,
1561 2365 1616 2402 Ex
1646 2365 1765 2403 verbis
1795 2365 1847 2401 Μ.
1871 2364 1986 2402 Tullii
2011 2363 2194 2413 colligitur
2217 2392 2228 2409 ‚
2256 2377 2385 2414 gram-

276 2427 452 2472 tribunale
473 2436 585 2474 quam
607 2421 768 2460 tribunal
792 2420 932 2458 malunt
952 2419 1088 2457 dicere.
1116 2420 1235 2458 luem.
1350 2419 1525 2454 maricam
1547 2415 1657 2465 paulo
1679 2426 1765 2454 ante
1792 2415 1896 2453 suum
1917 2415 2080 2452 seculum
2104 2426 2139 2453 tn
2164 2416 2293 2455 urbem
2318 2417 2375 2454 in-

334 2495 352 2530 ς
386 2475 564 2525 Libellos.]
613 2476 723 2523 Quos
743 2472 854 2521 vulgo
870 2470 1127 2520 supplicationes
1147 2469 1305 2519 appella-
1349 2467 1497 2506 vectam
1521 2481 1530 2503 ε
1571 2473 1664 2505 Cum
1677 2467 1726 2516 sit
1748 2495 1758 2512 ,
1796 2468 1916 2515 inquit
1935 2495 1946 2511 ,
1983 2465 2159 2517 quaedam
2187 2478 2279 2505 corta
2304 2475 2382 2502 vox

282 2545 377 2573 mus.
399 2541 512 2578 quare
535 2526 710 2574 supplices
733 2525 770 2562 ὃς
788 2524 962 2573 querulos
986 2521 1169 2559 Martialis
1183 2528 1307 2559 vocat.
1351 2520 1503 2558 Romani
1531 2520 1661 2567 generis
1681 2547 1692 2563 ‚
1735 2518 1896 2567 urbisque
1919 2521 2061 2568 propria
2083 2545 2093 2561 ,
2130 2518 2168 2554 in
2189 2531 2259 2566 qua
2284 2513 2373 2553 nihil

284 2582 457 2622 secundus
473 2590 539 2628 pro
556 2576 846 2614 accusationibus
864 2575 946 2612 alibi
969 2575 1102 2622 poluit,
1120 2572 1305 2621 &Ulpium
1356 2570 1502 2619 offendi,
1531 2570 1622 2607 nihil
1642 2570 1889 2607 animadverti
1905 2568 1995 2618 poffit
2009 2597 2020 2614 ‚
2047 2568 2140 2606 nihil
2158 2569 2281 2614 sonare
2307 2573 2374 2601 aut

285 2647 354 2687 pro
378 2629 690 2671 denunciatione,
721 2628 795 2663 fere
819 2628 854 2663 in
873 2625 973 2663 idem
995 2634 1242 2663 concurrente
1259 2624 1291 2660 A
1355 2623 1440 2659 olere
1455 2624 1681 2671 peregrinum.
1706 2622 1797 2657 hanc
1812 2620 2011 2670 sequimur,
2051 2631 2155 2669 neque
2175 2617 2285 2664 solum
2316 2628 2377 2651 ru-

287 2685 429 2736 puteio,
484 2679 610 2719 Fabius
632 2677 745 2715 etiam
769 2676 848 2714 fieri
869 2676 1007 2714 libellos
1026 2677 1127 2714 brevi
1157 2684 1298 2713 annota
1354 2673 1478 2717 [licam
1499 2674 1721 2721 asperitatem
1736 2701 1746 2717 ,
1768 2672 1830 2720 sed
1852 2672 1960 2709 etiam
1993 2668 2205 2719 peregrinam
2233 2667 2378 2710 insolen-

290 2739 395 2776 tione
426 2730 632 2772 memoriae
662 2729 764 2766 causa
796 2727 971 2765 testatur:
1003 2736 1037 2764 at
1058 2727 1172 2764 libella
1196 2726 1317 2763 fabro·
1360 2726 1451 2761 tiam
1462 2726 1584 2773 sugere
1604 2724 1790 2771 discamus.
1845 2722 2016 2773 Equidem
2037 2731 2115 2756 cum
2132 2717 2379 2764 audiosocrum

293 2800 375 2826 rum
398 2787 435 2825 ὅτ
456 2784 530 2834 agri
550 2780 750 2821 divisorum
775 2780 820 2817 est
846 2779 1139 2816 instrumentum.
1170 2777 1224 2814 11>
1240 2789 1317 2816 EM.
1364 2789 1478 2813 meam
1502 2775 1674 2820 Laeliam,
1694 2773 1745 2824 sic
1763 2774 1890 2817 audio,
1917 2783 1958 2809 ut
1979 2772 2144 2823 Plautum
2163 2767 2253 2804 mihi
2277 2797 2287 2811 ‚
2315 2779 2381 2806 aut

298 2837 511 2879 Subsctibo‚
538 2833 652 2872 scribo
673 2833 708 2870 in
742 2831 842 2868 calce
870 2830 979 2868 libelli
1003 2857 1013 2872 ,
1040 2829 1127 2877 quid
1148 2835 1317 2865 cen⁴eam
1367 2828 1526 2865 Novium
1544 2827 1669 2864 videar
1689 2826 1810 2862 audire
1831 2852 1842 2868 ,
1862 2824 1946 2871 fimo
1963 2822 2028 2868 ipso
2047 2831 2141 2855 vocis
2158 2819 2209 2855 ita
2231 2823 2317 2857 reolo
2341 2830 2385 2860 eo·

298 2889 344 2925 de
365 2900 402 2924 re
423 2884 606 2934 proposita
630 2894 690 2929 per
706 2882 867 2919 libellum
890 2909 901 2926 ,
930 2881 1053 2929 paucis
1074 2880 1318 2928 brevibusque
1358 2877 1507 2928 fimplici
1526 2878 1593 2921 est,
1620 2888 1660 2914 ut
1679 2875 1773 2913 nihil
1789 2871 2020 2919 ostentationis
2042 2897 2053 2914 ‚
2088 2880 2152 2905 aut
2173 2871 2386 2910 imitationis

297 2938 428 2975 vesbis.
481 2935 578 2971 Vide
604 2934 826 2970 Gutherium
860 2932 905 2970 de
933 2932 1045 2970 Offic.
1082 2932 1199 2970 Dom.
1221 2933 1321 2979 Aug.
1367 2930 1488 2979 afferre
1516 2929 1685 2965 videatur
1705 2942 1715 2962 .·
1752 2938 1793 2962 ex
1824 2935 1890 2973 quo
1908 2919 1956 2966 lic
1982 2920 2135 2956 locutum
2157 2921 2227 2969 ejus
2248 2933 2386 2967 patrem

301 2989 382 3029 Lib.
408 2987 434 3024 Ι.
457 2996 534 3029 cap.
557 2984 715 3020 XXXV·
744 2983 801 3020 Sc
817 2995 871 3019 iit-2
887 2996 905 3020 F
921 2996 972 3021 ΗΞ
990 2996 1028 3021 ιι.
1349 2981 1504 3030 judico,
1523 2978 1575 3026 fic
1604 2977 1752 3024 majores
1774 2988 1783 3010 ι
1813 2984 1857 3012 &¹
1875 2973 1960 3019 sunt
1983 2981 2161 3021 praecepta
2193 2975 2314 3010 Latine
2341 2974 2391 3010 lo·

353 3039 378 3080 6
406 3032 595 3081 Tabulas.]
633 3033 674 3069 ln
695 3033 825 3081 quibus
841 3034 1000 3070 rationes
1022 3034 1153 3071 aerarii
1170 3044 1326 3082 repone·
1373 3030 1526 3080 quendi,
1555 3040 1641 3076 quas
1657 3023 1797 3073 puerilis
1815 3023 1973 3059 ‘asthma
1995 3022 2107 3059 “adit
2132 3050 2142 3065 υ
2171 3035 2214 3062 &¹
2233 3023 2405 3069 subfilwr'

300 3091 391 3132 bant
421 3083 800 3139 quanquamlegetim
813 3083 909 3128 apud
922 3083 1197 3129 Capitolinum,
1226 3095 1328 3131 prae·
1376 3079 1543 3129 cognitio,
1576 3089 1616 3113 ac
1644 3076 1734 3112 ratio
1762 3075 1948 3112 literarum
1974 3073 2070 3116 alit,
2111 3086 2173 3111 aut
2195 3076 2397 3123 consuetudo

305 3142 428 3185 (gastos
455 3136 595 3177 aerario
624 3133 762 3174 tabulas
793 3133 954 3184 publicas
983 3133 1171 3181 babuiffe,
1197 3133 1332 3185 quibus
1369 3130 1538 3182 sermonis
1556 3125 1775 3180 quotidiani,
1803 3138 1843 3164 ac
1868 3124 2036 3175 domestici
2065 3124 2146 3166 libri
2167 3126 2397 3178 confirmant,

2360 3188 2409 3228 oy
