2616 3686
300 202 395 253 5¹0
557 176 2244 238 C.PL1N11CAE‘CILIIS'EC‘UNDI

300 271 362 313 ut
388 275 457 314 ex
482 257 673 314 itinere
699 252 950 312 defleelat
974 254 1046 310 ad·
1068 265 1122 310 te
1148 291 1163 317 ‚
1206 251 1240 306 s1
1266 253 1414 309 voles
1436 268 1450 292 ¹
1482 247 1718 307 vindieca
1745 249 1971 309 liberare
1998 293 2013 318 ,
2050 270 2189 326 quos
2211 259 2457 328 proxime,

308 330 448 387 inter
490 333 689 386 amicos
728 328 1086 383 manumifisti.
1119 326 1251 382 nihil
1290 325 1366 382 est
1406 325 1556 397 quod
1584 324 1848 389 vereariS,
1885 338 1904 361 ²
1930 345 1997 382 ne
2024 327 2083 381 sit
2111 329 2309 386 hoe'illi
2335 330 2454 390 mo.

309 404 539 468 lelium,
598 405 686 459 cui
719 401 911 458 orbem
952 416 1218 457 terrarum
1257 400 1546 455 circumire
1584 413 1695 452 non
1735 401 1836 452 erit
1872 399 2095 470 longum
2133 417 2250 457 mea
2287 406 2454 465 causa.

230 498 265 549 4
313 477 551 532 Proinde
589 478 806 532 nimiam
856 473 1005 530 istam
1044 474 1429 528 verecundiam
1472 488 1615 544 pone
1640 511 1656 536 ‚
1707 484 1872 543 teque
1914 472 2046 553 quid
2074 475 2199 529 velis
2222 478 2452 536 consule.

313 565 329 593 ³
353 549 434 607 Illi
460 564 568 607 tam
588 550 920 622 jucundum,
954 547 1110 619 quod
1131 562 1270 618 ege,
1305 561 1475 618 *quam
1497 544 1662 609 mihi,
1700 544 1853 617 quod
1879 559 1937 606 tu,
1953 545 2124 618 jubes.
2160 547 2310 606 Vale.

311 814 462 852 Maricis
484 810 676 850 conditum
690 838 700 850 ,
729 818 810 844 non
828 805 959 855 procul
981 816 1001 842 a
1021 804 1125 844 Pado
1141 832 1153 851 ,
1179 804 1309 844 distans
1330 817 1350 844 a

314 865 496 903 Placentia
520 861 580 900 sex
604 864 642 899 ὃς
663 857 781 897 XXX.
804 857 974 896 milliariis
996 855 1023 894 si
1047 856 1214 895 Straboni
1237 857 1352 897 credi-

315 927 409 952 mus.
438 915 551 952 Simili
573 910 755 950 vocabulo
778 907 1042 958 praeterfluens
1063 909 1205 954 amnis,
1235 920 1350 959 quem

316 965 508 1003 Verbanus
528 965 627 1002 lacus
647 968 823 1001 exonerat
845 989 856 1006 ‚
884 960 1026 998 Padurn
1047 959 1258 1008 ingreditur.
1314 961 1351 999 A

313 1016 434 1054 Plinio
467 1013 674 1053 dissentiens
709 1012 905 1061 Eutropius
937 1009 1132 1048 conditum
1163 1010 1278 1050 scribit
1304 1013 1348 1050 ab

316 1067 524 1106 Insubribus
572 1065 681 1103 Boiis.
736 1064 840 1100 Clara
875 1063 957 1099 sane
995 1063 1120 1100 civitas
1159 1063 1349 1111 multiplici

320 1117 467 1156 fortuni
482 1147 491 1163 ,
519 1128 617 1155 nunc
641 1123 786 1153 mutato
810 1115 964 1152 nomine
989 1112 1096 1161 Papia
1126 1113 1325 1162 appellatur
1340 1144 1351 1160 ‚

320 1170 382 1208 ubi
395 1172 567 1207 omnium
579 1167 779 1205 liberalium
793 1164 1057 1214 disciplinarum
1071 1163 1352 1204 celeberrimum

322 1219 571 1269 gymnasium.
601 1218 757 1255 CATAN.

290 1270 293 1273 ’
384 1283 398 1309 1
415 1276 418 1281 '
433 1270 593 1309 Vindicta
624 1269 774 1306 liberare.
795 1297 805 1313 ,
832 1281 915 1318 quos
934 1264 1132 1317 proxime.]
1161 1265 1262 1314 Jussu
1286 1269 1362 1316 ejus

323 1322 362 1358 in
394 1333 521 1360 veram
553 1321 757 1358 libertatem
792 1318 1020 1357 constituere.
1077 1318 1176 1356 Nam
1200 1319 1360 1358 vindieta

321 1371 464 1411 liberari
487 1372 657 1410 dicuntur
679 1372 770 1409 servi
792 1382 811 1408 a
831 1371 1030 1414 Praetore,
1057 1370 1117 1407 vel
1141 1381 1188 1407 eo
1211 1372 1274 1419 qui
1295 1383 1359 1419 par

322 1423 486 1461 Praetori
505 1424 561 1469 jus
582 1421 758 1466 habebat,
792 1434 812 1459 a
835 1419 994 1458 Vindice
1017 1420 1122 1458 servo
1145 1420 1206 1459 seu
1229 1422 1363 1460 Vindi-

324 1475 383 1510 cio
396 1501 406 1517 ‚
418 1475 483 1522 qui
496 1473 731 1511 Vitelliorum
746 1500 758 1517 ‚
773 1474 811 1510 ὃς
824 1472 1051 1521 Aquilorum
1065 1473 1361 1520 conjurationem

326 1524 486 1569 detexit,
513 1532 554 1562 ut
577 1525 736 1561 innuunt
767 1523 896 1561 Livius
919 1524 957 1561 δε
978 1523 1158 1561 Plutarch.
1197 1522 1317 1562 *Servi
1345 1536 1365 1562 a

327 1575 487 1613 dominis
524 1575 627 1623 saepe
659 1575 871 1612 manumitti
896 1573 1036 1618 solent,
1064 1574 1160 1612 adeo
1184 1581 1225 1612 ut
1247 1574 1307 1613 vel
1327 1578 1366 1614 in

326 1624 478 1664 transitu
499 1626 829 1671 manumittantur,
857 1625 973 1663 veluti
993 1637 1081 1663 cum
1103 1627 1252 1664 Praetor
1267 1655 1278 1672 ,
1304 1635 1366 1665 aut

329 1677 466 1725 praeses
494 1706 504 1722 ,
533 1684 595 1714 aut
645 1676 839 1726 proconsul
885 1676 923 1713 in
971 1677 1157 1715 balineum
1182 1706 1193 1723 ,
1229 1678 1290 1716 vel
1328 1678 1365 1716 in

327 1728 513 1766 theatrum
546 1735 617 1766 eat.
673 1727 763 1765 Inde
794 1728 906 1774 Caius
926 1727 962 1764 ff.
987 1727 1070 1766 XL.
1094 1728 1135 1765 de
1169 1729 1366 1780 manumis-

321 1776 481 1827 sionibus
496 1809 504 1825 ,
537 1784 620 1815 Non
645 1777 689 1825 est
706 1807 715 1822 ,
743 1779 885 1826 inquit,
913 1779 1055 1816 omnino
1079 1779 1194 1828 necesse
1213 1788 1273 1828 pro
1289 1781 1370 1818 Tri-

328 1828 457 1868 bunali
477 1829 744 1868 manumittere.
787 1829 916 1879 Itaque
940 1829 1208 1879 plerumquein
1220 1831 1370 1870 tranfitu

329 1880 423 1919 servi
456 1881 668 1919 manumitti
701 1880 816 1918 solent
838 1908 849 1925 ,
884 1892 971 1918 cum
1002 1890 1064 1919 aut
1100 1880 1281 1927 lavandi,
1309 1892 1371 1922 aut

331 1931 525 1979 gestandi,
565 1940 628 1968 aut
658 1930 833 1969 ludorum
866 1933 979 1979 gratia
1012 1931 1165 1982 prodeat
1196 1934 1370 1981 Praetor,

2239 686 2456 747 XV11.

1443 801 1630 850 libertate,
1657 805 1703 844 de
1734 819 1810 857 quo
1843 807 1978 852 illustris
2009 808 2204 850 Salmasius
2228 812 2469 856 eruditiffimis

1443 854 1732 894 Commentariis
1764 859 1810 896 de
1841 860 2027 900 usurarum
2061 863 2180 900 modo
2204 892 2214 908 ,
2253 863 2314 902 ubi
2347 865 2392 904 de
2413 866 2469 907 his

1440 903 1521 961 ipsis
1553 909 1839 948 manumittendi
1871 913 2059 958 generibus
2082 912 2244 963 disputat.
2304 917 2467 954 Vindiela

1441 954 1692 995 liberabantur
1706 985 1716 1002 ,
1744 960 1807 1006 qui
1829 961 1927 1009 apud
1947 964 2157 1002 Praetorem
2180 975 2240 1004 aut
2254 967 2363 1004 atium
2382 968 2466 1005 Ma·-

1440 1005 1628 1055 gistratum
1654 1009 1719 1056 <ur
1740 1008 1800 1047 hic
1812 1010 2353 1063 Proconsulern)liberabantur
2368 1020 2467 1067 virga

1441 1057 1517 1148 isive
1565 1059 1699 1147 festuca
1743 1060 1914 1110 imposita
1959 1065 1998 1102 in
2045 1075 2153 1114 caput
2189 1069 2292 1107 iervi.
2328 1068 2468 1109 Persius

1465 1117 1556 1160 atyr.
1626 1122 1650 1147 ε

1494 1211 1657 1250 vindicta
1676 1211 1858 1264 postquam
1880 1228 1976 1254 meus
1999 1229 2021 1252 a
2044 1225 2200 1266 praetore
2219 1219 2350 1270 recefflt.

1444 1319 1548 1354 Meus
1580 1315 1616 1354 id
1652 1315 1700 1353 est
1726 1343 1736 1360 ,
1761 1315 1850 1354 liber
1872 1330 1880 1354 z
1909 1329 1996 1356 nam
2030 1318 2151 1358 servus
2181 1332 2257 1359 non
2281 1324 2387 1370 suus,
2413 1324 2473 1366 sed

1439 1366 1582 1405 dommi
1613 1367 1674 1404 est.
1731 1368 1787 1405 Ae
1818 1368 1875 1405 illa
1897 1369 1967 1418 ipsa
1990 1371 2088 1418 virga
2109 1370 2184 1409 sive
2205 1372 2336 1412 festuca
2353 1404 2363 1421 ,
2391 1377 2476 1414 vin·-

1440 1417 1535 1454 dicta
1569 1418 1745 1468 appellata
1776 1430 1821 1456 ex
1856 1431 1902 1457 eo
1933 1420 1981 1459 est
2006 1449 2017 1466 ,
2045 1422 2148 1470 quod
2179 1422 2269 1464 servi
2305 1438 2368 1475 per
2391 1439 2475 1466 eam

1439 1469 1593 1508 libertati
1632 1469 1914 1508 vindicarentur.
1968 1473 2086 1510 Vetus
2124 1474 2334 1515 Scholiastes
2361 1478 2472 1519 Perfii

1440 1520 1485 1557 ad
1509 1521 1626 1558 modo
1650 1517 1801 1559 citatum
1822 1521 1973 1561 locuni:
2001 1524 2304 1573 VlNDlOE'A,
2332 1529 2475 1580 inquit,

1442 1571 1549 1620 virga
1574 1571 1618 1619 est
1634 1600 1644 1617 ‚
1671 1585 1743 1622 qua
1766 1585 1880 1610 manu
1901 1574 2068 1612 mittendi
2090 1589 2112 1611 a
2133 1586 2291 1624 praetore
2311 1579 2346 1616 in
2368 1582 2476 1630 capite

1438 1622 1634 1672 pulsantur
1657 1637 1666 1660 :
1695 1624 1766 1660 ideo
1802 1624 1898 1661 dicta
1923 1652 1932 1670 ‚
1960 1629 2052 1674 quod
2083 1641 2161 1664 eum
2187 1630 2348 1669 vindicet
2371 1631 2477 1671 liber-

1442 1674 1527 1713 tati.
1601 1674 1815 1712 Plutarchus
1862 1674 1906 1713 de
1957 1677 2031 1715 sera
2075 1680 2236 1718 numinis
2285 1683 2478 1723 vindleta:

1444 1723 1580 1773 κοίξφος
1603 1724 1730 1762 >lm-ror
1750 1726 1916 1776 appellat.
1971 1729 2140 1772 P‘mmioi
2160 1731 2197 1767 δὲ
2223 1728 2265 1774 ἒς
2301 1734 2348 1774 εἷς
2383 1734 2480 1772 ἔλευ-

1445 1779 1552 1822 θεριόιν
1570 1778 1792 1825 οἱφοιιξᾶἷντοιι
1815 1780 1948 1827 καὶξφος
1967 1782 2068 1827 αὐτῷ
2086 1778 2217 1820 λεπτὼ
2250 1782 2482 1825 ἑπιςάλλὸστ

1445 1829 1515 1868 τοῖς
1563 1827 1718 1872 σώμασι.
1774 1831 1927 1868 Romani
1950 1858 1961 1875 ,
1998 1845 2080 1880 quos
2116 1832 2237 1872 liberos
2283 1835 2483 1886 emittunt‚'

1443 1892 1562 1918 eorum
1597 1880 1727 1930 corpori
1759 1880 1944 1931 imponunt
1969 1891 2107 1921 tenuem
2127 1884 2313 1933 festucam.
2366 1889 2480 1939 Apud

1447 1930 1687 1969 Proconsules
1719 1938 1845 1970 autem
1878 1933 1916 1971 in
1947 1934 2037 1973 urbe
2060 1939 2272 1977 manumitti
2290 1939 2390 1978 haud
2413 1952 2481 1989 po-

333 1992 397 2020 aut
424 1982 627 2021 Proconsul
647 1982 836 2030 legatusve
861 1982 1032 2027 Caesaris.
1091 1979 1263 2034 Seq'uitur
1274 1986 1370 2033 Qos
1448 1987 1561 2020 terat:
1589 1990 1626 2020 at
1649 1990 1749 2021 extra
1771 1983 1901 2022 urbem
1924 1993 2078 2034 poterat.
2106 1987 2207 2026 Nam
2231 1988 2339 2029 simul
2355 1992 2478 2040 egreffi

333 2034 492 2083 proxime
522 2033 618 2071 inter
644 2032 774 2071 amicos
798 2031 1070 2084 manumtfisti.]
1104 2035 1218 2085 Cujus
1241 2048 1374 2075 manu-

337 2085 509 2122 mittendi
535 2084 655 2121 forma
679 2085 757 2121 talis
781 2084 847 2122 fuit
862 2113 872 2128 ,
900 2092 941 2122 ur
953 2086 1126 2124 dominus
1138 2095 1246 2136 caput
1257 2088 1348 2127 servi
1363 2117 1373 2133 ‚

337 2143 401 2171 aut
434 2134 530 2172 aliud
568 2134 781 2172 membrum
824 2143 953 2173 tenens
998 2136 1134 2174 diceret
1157 2165 1167 2181 ,
1217 2137 1376 2177 HUNC

340 2184 616 2224 HOMINEM
639 2185 884 2223 LIBERUM
907 2185 1028 2223 ESSE
1049 2187 1209 2226 VOLO
1237 2217 1247 2233 ,
1271 2190 1311 2226 ὃς
1330 2189 1378 2228 sle

340 2247 428 2274 eum
454 2249 474 2274 e
496 2247 609 2274 manu
633 2237 830 2275 emittebat.
886 2237 976 2274 Hoc
1007 2238 1161 2287 amplius
1179 2238 1278 2278 addit
1301 2240 1380 2290 Ap-

341 2288 469 2335 pianus
483 2316 492 2333 ‚
522 2286 783 2326 fuitsemorem
798 2289 977 2326 Romanis
999 2290 1035 2326 in
1060 2289 1250 2328 liberandis
1270 2290 1378 2331 servis

343 2336 469 2375 dextra
493 2337 734 2387 apprehensos
757 2338 802 2377 ad
825 2339 859 2377 se
881 2348 1110 2378 convertere.
1165 2341 1264 2379 Nam
1295 2357 1377 2388 ma·

345 2388 500 2437 numtffio
532 2389 580 2426 est
618 2389 718 2427 datio
751 2389 944 2434 libertatis,
973 2391 1012 2428 &
1037 2391 1216 2441 quamdiu
1237 2394 1318 2442 quis
1342 2396 1378 2432 in

346 2438 518 2478 servitute
550 2440 600 2478 est
626 2469 636 2485 ‚
675 2442 802 2479 manui
823 2443 861 2480 δε
885 2441 1054 2490 potestati
1078 2442 1280 2491 suppofitus
1306 2446 1377 2490 est,

349 2490 388 2528 &
411 2489 649 2530 manumissus
668 2490 838 2531 liberatur
860 2504 879 2529 a
901 2491 1045 2531 domini
1057 2494 1245 2541 potestate.
1274 2497 1378 2546 Lege

347 2541 448 2588 plura
470 2543 515 2580 de
538 2543 822 2582 manumissione
842 2545 878 2581 in
902 2543 1186 2583 Institutionibus
1207 2549 1315 2586 titulo
1335 2549 1381 2587 de

349 2592 522 2630 libertinis
545 2606 552 2629 :
592 2596 629 2632 ὃς
663 2594 745 2632 Lib.
767 2594 857 2632 VlI.
887 2594 1035 2633 Codicis
1057 2594 1102 2633 de
1123 2596 1287 2636 libertate
1310 2599 1383 2637 La-

350 2644 426 2680 tina
474 2644 648 2682 tollenda.
687 2644 741 2682 11>
757 2659 830 2683 EM.
871 2646 1033 2683 Vindirta
1056 2646 1205 2685 liberare
1229 2677 1238 2693 ‚
1277 2650 1377 2701 eya]

351 2693 641 2734 Manumittendi
700 2697 803 2734 modi
850 2704 920 2734 tres
968 2697 1136 2736 solennes
1184 2702 1349 2740 maxime
1370 2731 1380 2747 ,

354 2745 470 2791 census
485 2775 495 2790 ‚
524 2747 684 2783 vinctim
698 2773 710 2791 ,
736 2747 984 2793 testamentum
1000 2777 1009 2793 ,
1037 2761 1132 2799 quos
1148 2759 1254 2790 vetus
1267 2752 1382 2790 Scho-

355 2794 466 2833 liastes
489 2798 633 2837 Horatii
657 2798 702 2836 ad
723 2799 837 2847 Satyr.
860 2799 947 2836 VII.
971 2800 1052 2838 Lib.
1079 2801 1124 2838 ΙΙ.
1153 2800 1379 2842 Sermonum

358 2854 486 2892 notar,
514 2850 551 2886 δε
583 2849 663 2893 ,Κῖῑί
689 2858 891 2899 exponunt.
947 2851 1015 2888 His
1037 2853 1160 2901 itaque
1183 2854 1382 2894 rationibus

363 2895 467 2941 plena
503 2901 540 2935 ἃ
574 2899 658 2943 iulia
692 2901 831 2939 libertas
863 2903 1147 2951 acquirebatur:
1197 2915 1284 2943 nam
1318 2910 1380 2955 qui

363 2945 460 2999 apud
492 2949 628 2985 amicos
658 2960 801 2989 tantum
833 2955 1185 2993 manumittebantur
1211 2985 1220 2999 ,
1251 2968 1318 3003 pro
1341 2959 1381 2995 li-

363 2993 454 3030 beris
486 2997 633 3043 quidem
668 3002 839 3046 gerebant
872 3004 906 3040 se
930 3032 939 3047 ‚
979 3016 1046 3042 nec
1080 3006 1280 3045 serviebant
1305 3038 1314 3053 ‚
1344 3011 1383 3047 ὃς

366 3051 490 3082 tamen
521 3057 605 3084 vere
632 3049 728 3086 liberi
751 3062 828 3088 non
851 3061 974 3094 erant,
1002 3055 1059 3091 sed
1083 3057 1201 3103 potius
1220 3058 1257 3094 in
1278 3058 1382 3096 liber-

361 3102 446 3136 tat:.
499 3096 612 3136 Aliud
634 3099 732 3137 enim
756 3101 804 3139 est
824 3102 972 3141 liberum
995 3104 1054 3152 effe
1078 3132 1088 3150 ‚
1115 3107 1232 3155 aliud,
1259 3109 1319 3159 effe
1342 3110 1380 3149 in

1450 2027 1581 2071 urbem
1609 2031 1722 2072 effent
1742 2063 1752 2079 ‚
1785 2034 2078 2082 jurisdietionem
2099 2039 2313 2080 habebant:.
2330 2043 2391 2081 sed
2413 2054 2479 2082 vo-

1449 2083 1656 2124 luntariam.
1712 2085 1921 2125 Marcianus
1957 2087 2070 2133 JCtus
2100 2090 2145 2127 L.
2176 2103 2308 2132 omnes
2347 2094 2393 2133 11.
2431 2095 2481 2134 D.

1453 2133 1498 2173 de
1527 2135 1652 2174 officio
1682 2137 1891 2182 Proconsul.
1950 2144 2081 2178 Omnes
2117 2145 2338 2188 Proconsules
2353 2145 2474 2192 statim

1455 2199 1563 2235 quam
1588 2185 1710 2224 urbem
1730 2187 1982 2236 egreffifuerint
1998 2220 2008 2236 ,
2035 2191 2469 2243 habentjurisdifftionem:

1451 2238 1514 2286 sed
1545 2251 1614 2274 non
1648 2241 1899 2289 contentiosam
1926 2269 1934 2283 ‚
1958 2242 2022 2290 sed
2043 2242 2292 2284 voluntariam
2309 2277 2318 2293 ‚
2349 2260 2389 2287 ut
2411 2258 2474 2286 ecce

1458 2289 1674 2326 manumitti
1695 2291 1791 2339 apud
1807 2291 1988 2340 eospoffint
2002 2306 2079 2331 tam
2091 2294 2190 2334 liberi
2204 2325 2214 2342 ,
2242 2299 2452 2350 quamsit-‘m'
2465 2325 2478 2341 ,

1458 2350 1503 2376 (9³
1523 2341 1722 2388 adoptiones
1741 2340 1830 2389 fieri.
1884 2342 1957 2382 Ubi
1977 2343 2098 2390 liberi,
2128 2347 2262 2388 addicti
2281 2350 2360 2388 sunt
2380 2365 2389 2389 :
2416 2349 2477 2399 qui

1461 2389 1553 2429 servi
1588 2400 1628 2428 ut
1679 2403 1757 2429 non
1800 2392 1867 2431 fint
1889 2422 1899 2438 ,
1927 2394 2007 2433 sunt
2055 2405 2179 2436 tamen
2227 2401 2264 2438 in
2300 2401 2474 2439 servitute.

1459 2439 1590 2479 Paulus
1609 2443 1677 2489 JC.
1700 2443 1742 2481 L.
1766 2444 1888 2482 XVll.
1912 2446 1960 2483 D.
1984 2446 2029 2485 de
2052 2451 2274 2488 manumissis
2296 2451 2478 2490 vindicta:

1463 2494 1572 2542 Apud
1601 2494 1840 2544 Proconsulem
1866 2524 1876 2541 ,
1910 2495 2090 2546 postquam
2110 2500 2231 2538 urbem
2253 2502 2391 2552 egr-effus
2410 2501 2477 2548 est,

1459 2547 1716 2583 manumittere
1744 2546 1910 2594 poffimus.
1965 2549 2066 2588 Hinc
2098 2560 2226 2599 patet,
2265 2563 2327 2588 cur
2345 2551 2476 2588 Plinius

1455 2594 1522 2631 hac
1545 2596 1702 2643 Epistola
1725 2597 1846 2636 scribat
1869 2628 1880 2644 ‚
1920 2597 2098 2637 Fabatum
2123 2601 2374 2636 manumittere
2396 2600 2477 2636 vin-

1457 2644 1550 2684 dista
1582 2646 1682 2695 poli'e
1703 2676 1713 2692 ,
1751 2661 1845 2698 quos
1879 2652 1970 2688 inter
2003 2652 2139 2687 amicos
2161 2649 2324 2696 proxime
2345 2650 2477 2688 manui

1457 2697 1600 2735 miserat
1626 2728 1635 2743 ‚
1664 2698 1689 2735 fi
1723 2700 1911 2739 Calestrius
1945 2700 2054 2746 Tyro
2077 2726 2086 2741 ‚
2112 2696 2303 2734 proconsul
2326 2697 2477 2740 Baeticis

1458 2746 1581 2794 datus,
1614 2752 1844 2798 provinciam
1868 2751 2040 2799 petiturus
2062 2758 2105 2784 ex
2129 2746 2255 2783 itinere
2282 2746 2325 2784 ad
2360 2751 2477 2796 ipsum

1460 2797 1667 2839 deflexisset.
1705 2802 1912 2839 Euenum.
1962 2798 2070 2834 Conf-
2103 2795 2267 2834 Turneb·
2291 2799 2371 2836 adv.
2394 2802 2477 2842 Lib.

1459 2850 1547 2887 VH.
1570 2863 1646 2901 cap.
1667 2852 1769 2890 XXI.
1797 2851 1950 2888 Vni—:um

1507 2914 1528 2939 2
1561 2909 1610 2939 Ne
1629 2902 1675 2950 fit
1698 2905 1769 2940 hoc
1790 2901 1843 2938 illi
1865 2897 2052 2943 molestum.
2080 2893 2094 2943 J
2126 2895 2338 2938 Medic-eus:
2368 2916 2409 2941 ne
2421 2904 2476 2955 sit*¹

1459 2951 1513 2988 illi
1535 2952 1712 2998 molestum
1734 2951 1804 2987 hoc.

1511 3015 1528 3050 3
1565 3001 1625 3038 Illi
1655 3013 1732 3038 tam
1763 2999 1954 3035 iucundum
1987 2997 2057 3041 est,
2086 3001 2177 3047 quoii
2196 3002 2296 3051 ega]
2326 3005 2480 3049 Veteres

1462 3051 1582 3088 Coid.
1605 3062 1735 3087 omnes
1759 3077 1768 3092 ,
1808 3049 1914 3085 eiiam
1944 3049 2055 3086 Aldus
2081 3054 2117 3088 ἃ
2141 3051 2325 3100 Gryphius
2346 3056 2391 3103 est
2413 3055 2499 3096 err-⁰

1459 3101 1617 3150 pellunt,
1644 3108 1684 3138 ut
1705 3099 1805 3148 supra
1827 3099 1936 3149 Epist.
1961 3102 2007 3139 V.
2021 3109 2162 3141 επακ-,ηε
2172 3103 2368 3154 saepiriime
2379 3108 2475 3156 apud

2389 3157 2470 3196 No-
