2616 3686
809 178 1816 239 H.STEPHANI

229 327 420 389 mulam,
454 334 503 374 ut
527 326 591 373 ita
621 324 791 386 loquar,
830 319 896 365 ita
919 319 1029 365 enim
1051 315 1270 363 clauditur
1300 313 1507 375 quaedam
1529 311 1730 374 epistola:
1765 313 1923 362 Multa
1954 315 2183 365 beneficia
2215 316 2264 367 in
2297 319 2417 369 mul-

229 409 305 444 tos
330 391 594 443 contulisti:
632 388 774 436 ausnn
804 382 1090 432 contendere
1110 417 1122 438 ‚
1159 380 1338 426 nullum
1370 391 1418 426 te
1451 379 1615 426 melius
1639 415 1653 437 ,
1703 393 1850 442 aeque
1884 379 2004 427 bene
2038 382 2119 430 vix
2152 399 2297 432 unum
2333 399 2414 434 aut

230 461 429 509 alterum
458 453 711 505 collocaffe.
784 449 911 512 ¹Quin
934 448 1064 492 etiam
1087 446 1133 490 in
1164 459 1208 490 co
1231 480 1245 503 ,
1280 443 1393 504 quod
1417 442 1584 506 epistola
1614 444 1775 490 decima
1793 442 1982 504 ftptima
2013 445 2114 491 libri
2145 452 2328 509 quarti,
2362 451 2415 512 se

229 524 445 571 admoneri
467 519 659 582 quidem,
684 514 769 577 sed
794 529 874 559 non
899 514 1040 573 rogari
1063 511 1164 558 vult
1186 509 1215 554 ὰ
1249 509 1373 556 Gallo
1393 544 1406 566 ,
1432 507 1513 570 seu
1550 509 1775 555 Antonino
1809 506 2039 573 (ambigua
2072 512 2180 556 enim
2212 514 2268 574 est
2299 517 2417 563 illius

227 589 418 650 epistolae
445 581 695 646 inscriptio)
733 583 971 627 Ciceronem
997 586 1076 625 aut
1101 575 1323 639 quemdam
1342 575 1477 621 alium
1509 589 1561 619 ex
1588 574 1672 632 iis,
1707 587 1883 635 quorum
1912 572 2102 634 epistolae
2133 577 2416 628 Ciceronianis

218 654 327 718 sunt
365 651 547 714 instrtae
578 687 591 708 ,
637 648 859 694 imitatur.
930 645 994 691 Et
1038 643 1259 690 admones
1304 638 1512 703 (inquit)
1548 637 1600 686 &
1635 655 1769 702 rogas
1794 676 1808 698 ,
1856 651 1908 686 ut
1941 639 2183 702 suscipiam
2217 644 2414 695 absentis

231 719 443 766 Corelliae
477 713 675 764 caussam
697 724 860 760 contra
883 711 934 757 C.
975 707 1233 756 Caecilium
1256 705 1492 753 consulem
1517 704 1822 767 defignatum.
1861 702 2004 769 Quod
2031 705 2277 765 admones,
2315 726 2415 773 gra-

228 783 316 830 tias
350 798 462 847 ago:
501 780 626 844 quod
656 793 787 841 rogas
815 813 827 835 ‚
875 789 1059 838 queror.
1127 770 1391 819 Admoneri
1431 769 1558 819 enim
1597 769 1782 827 debeo,
1827 780 1882 815 ut
1914 767 2086 818 sciam:
2133 773 2285 835 rogari
2320 789 2417 824 non

227 848 379 896 debeo
403 885 415 906 ‚
461 860 514 894 ut
547 844 715 892 faciam
741 879 754 901 ‚
805 841 931 904 quod
968 838 1084 886 mihi
1117 852 1213 885 non
1246 836 1402 884 facere
1442 834 1751 897 turpissimum
1794 831 1874 880 est.
1946 833 2076 898 Qae
2117 846 2208 882 tam
2249 837 2419 902 honesta

229 912 286 965 &
314 911 492 973 officiosa
526 910 587 955 ad
613 910 861 968 petitionem
902 904 1098 968 responsio
1134 900 1398 965 obftrvanda
1427 899 1500 962 est.
1549 900 1800 964 'Qaedam
1838 913 1940 944 vero
1974 898 2032 959 est
2064 900 2179 961 epist.
2198 904 2329 950 fibro
2364 922 2418 955 V1

227 982 273 1026 in
294 994 376 1040 qua
401 977 497 1022 vult
520 974 712 1021 Tacitum
734 974 839 1019 alios
859 985 1005 1033 rogare
1023 1002 1040 1028 ,
1063 967 1113 1030 se
1133 977 1278 1014 autem
1296 980 1465 1028 precum
1485 964 1574 1023 ejus
1607 965 1844 1026 ministrum
1864 1001 1876 1022 ‚
1924 964 2161 1023 adjutorem
2193 967 2249 1019 &³
2274 973 2420 1030 parti.

228 1045 356 1105 cipem
375 1040 475 1101 fore
494 1040 612 1087 dicit.
681 1038 834 1101 ¹Qtum
854 1046 999 1084 autem
1031 1034 1085 1086 ὅς’
1117 1034 1177 1080 ibi
1209 1049 1290 1079 non
1318 1035 1456 1078 minus
1484 1029 1708 1093 officiostzm
1744 1029 1827 1094 (ut
1844 1029 1944 1088 jam
1973 1030 2135 1076 locatus
2161 1031 2296 1097 stim)
2321 1039 2420 1098 five

227 1105 504 1168 obfi’quiosam
536 1104 764 1150 habeamus
799 1103 1092 1166 responfionem
1118 1137 1131 1160 ‚
1176 1097 1375 1160 adferam
1398 1106 1538 1143 totum
1567 1097 1729 1156 Iocum,
1764 1096 1839 1140 vel
1857 1096 2001 1154 potius
2031 1105 2168 1142 totam
2196 1099 2423 1158 epistolam,

227 1167 461 1234 Postquam
486 1172 619 1233 igitur
646 1170 796 1216 dixit:
833 1167 1142 1216 Commendas
1166 1164 1281 1212 mihi
1315 1163 1491 1227 Julium
1524 1162 1766 1209 Nasonem
1794 1161 2109 1208 candidatum.
2179 1163 2421 1216 Nasonem

226 1239 378 1287 mihi?
417 1237 529 1300 quid
551 1236 584 1283 fi
613 1234 877 1296 meipsum?
913 1232 1014 1280 fero
1048 1245 1232 1289 tamen,
1270 1227 1321 1277 &
1343 1228 1550 1292 ignosco.
1607 1226 1839 1274 Eumdem
1870 1225 1997 1272 enim
2030 1229 2421 1280 commendassem

229 1303 345 1361 tibi,
384 1302 415 1349 fi
455 1315 503 1349 te
536 1301 719 1348 Romae
752 1310 966 1346 morante
999 1297 1094 1358 ipse
1132 1293 1387 1344 abfuiffem.
1457 1294 1620 1341 Habet
1654 1292 1745 1339 hoc
1778 1290 2023 1338 solicitudo
2049 1329 2060 1348 ,
2109 1293 2232 1355 quod
2263 1299 2421 1346 omnia

225 1366 478 1416 necessaria
510 1379 659 1429 putat.
729 1363 962 1425 Postquam
986 1361 1089 1406 haec
1109 1360 1221 1406 dixit
1240 1396 1253 1418 ,
1290 1361 1489 1419 inquam,
1525 1357 1695 1402 tandem
1722 1356 1791 1401 his
1813 1355 1954 1401 verbis
1964 1355 2099 1416 finem
2129 1356 2316 1419 epistolae
2341 1364 2424 1408 im-

218 1435 358 1495 ponit.
396 1455 398 1457 ·
433 1432 511 1478 Tu
538 1444 721 1487 tamen,
760 1430 927 1476 censeo
947 1465 960 1485 ‚
999 1428 1111 1474 alios
1146 1439 1318 1488 roges:
1366 1438 1454 1486 ego
1487 1437 1682 1483 precum
1713 1434 1896 1468 tuarum
1929 1421 2140 1470 minister
2161 1461 2173 1481 ‚
2212 1426 2421 1488 adjutor,

219 1499 462 1562 particeps
495 1512 588 1543 ero.
660 1495 900 1541 Enimvero
940 1491 1197 1539 omittendus
1226 1488 1298 1535 hic
1322 1503 1401 1534 non
1435 1485 1490 1548 est
1515 1486 1569 1539 &²
1594 1488 1707 1534 alius
1725 1486 1898 1547 quidam
1920 1487 2022 1532 lilri
2051 1490 2148 1534 noni
2178 1490 2318 1550 locus,
2353 1494 2428 1538 ube⁴

227 1565 536 1625 deprecatorem
569 1561 660 1622 agit
686 1559 801 1620 apud
827 1559 1107 1607 Sabinianum
1130 1569 1209 1616 pro
1239 1555 1328 1614 ejus
1353 1554 1516 1626 liberto.
1588 1553 1742 1616 „Quum
1775 1554 1884 1598 enini
1915 1552 2083 1612 dixiffi’t
2107 1587 2123 1612 ‚
2174 1571 2266 1600 eum
2295 1558 2357 1602 ad
2374 1557 2426 1617 sse

228 1629 414 1690 venffl,
450 1627 781 1687 advolutumque
798 1625 974 1685 pedibus
990 1623 1088 1683 suis
1114 1620 1312 1686 haefiffe‚
1338 1618 1538 1678 flevffl,
1575 1619 1757 1663 multum
1794 1617 2000 1678 rogavisti
2022 1655 2034 1675 ,
2082 1622 2264 1665 multum
2295 1624 2427 1669 etiam

228 1693 435 1755 tacuiffi’:
473 1693 517 1737 in
527 1690 728 1751 summa,
755 1690 902 1751 feciffe
935 1689 1061 1747 fidem
1090 1686 1364 1748 poenitentiae
1390 1701 1405 1730 .·
1451 1683 1505 1734 ὃ
1536 1697 1665 1745 quum
1693 1683 1784 1728 alia
1823 1682 2029 1743 quaedam
2063 1684 2277 1745 adjeciſjet
2302 1720 2317 1746 ‚
2359 1689 2427 1734 ita

221 1760 330 1822 finit
364 1756 574 1820 epistolam
598 1772 612 1799 .·
649 1758 836 1804 Vereor
860 1771 919 1802 ne
950 1754 1112 1802 videar
1141 1767 1237 1799 non
1267 1766 1455 1814 rogare,
1493 1748 1569 1796 sed
1603 1763 1772 1811 cogere
1796 1784 1809 1805 ,
1850 1748 1882 1794 fi
1919 1747 2133 1807 precibus
2165 1752 2264 1813 ejus
2298 1767 2424 1802 meas

227 1827 446 1890 junxero.
514 1825 715 1887 Jungam
747 1834 928 1878 tamen,
967 1831 1100 1866 tanto
1124 1816 1305 1879 plenius
1339 1814 1390 1863 δε
1413 1813 1623 1871 effufius‚
1663 1825 1838 1875 quanto
1861 1811 2006 1873 ipsum
2032 1813 2180 1861 acrius
2201 1815 2426 1866 severius-

232 1907 323 1954 que
360 1888 565 1950 corripui
599 1906 609 1936 :
671 1885 877 1934 districte
918 1884 1120 1931 minatus
1153 1919 1165 1941 ‚
1214 1894 1455 1944 nunquam
1493 1893 1569 1926 me
1613 1876 1775 1940 postea
1810 1889 2096 1940 rogaturum.
2167 1880 2279 1927 Hoc
2321 1883 2424 1942 illi,

235 1970 376 2020 quem
410 1953 573 2001 terreri
616 1953 896 2014 oportebat:
947 1949 1033 1997 tibi
1074 1962 1168 1994 non
1204 1947 1345 1994 idem.
1394 1945 1528 1992 Nam
1560 1941 1746 1990 fortasse
1778 1942 1950 1990 iterum
1988 1946 2163 2006 rogabo
2188 1981 2200 2003 ,
2252 1945 2426 1995 iterum

234 2021 514 2083 impetrabo.
585 2018 656 2064 Sit
678 2016 819 2063 modo
842 2015 934 2062 tale
955 2053 967 2072 ,
1007 2027 1057 2061 ut
1082 2029 1247 2075 rogare
1276 2026 1380 2068 me,
1420 2008 1471 2056 δε
1506 2023 1554 2056 te
1596 2021 1647 2054 ut
1679 2007 1909 2069 praestare
1945 2008 2128 2055 deceat.
2199 2011 2428 2077 „Quamvis

229 2099 352 2147 porro
388 2099 516 2130 unum
542 2082 762 2144 cujusdam
799 2079 1165 2127 commendatitiae
1197 2078 1338 2123 Plinii
1373 2073 1566 2136 epistolae
1596 2074 1729 2119 locum
1764 2073 1987 2119 attulerim
2012 2105 2026 2130 ‚
2073 2076 2117 2118 in
2148 2089 2226 2134 quo
2261 2079 2428 2124 Cicero-

235 2153 368 2198 niana
397 2149 582 2212 quadam
611 2147 808 2211 formula
839 2145 958 2207 usum
992 2146 1069 2206 eſje
1105 2144 1226 2189 illum
1259 2143 1386 2199 dixi,
1420 2139 1530 2202 suas
1563 2149 1705 2186 tamen
1746 2140 1903 2200 alioqui
1935 2137 2086 2184 habere
2107 2172 2123 2197 ‚
2171 2139 2226 2189 {9³
2266 2144 2431 2202 quidem

236 2219 372 2280 magis
404 2217 582 2274 varias,
618 2227 743 2275 quam
780 2213 1044 2269 Ciceronem,
1082 2219 1219 2255 tacere
1250 2209 1354 2254 nole.
1424 2206 1591 2251 Eadem
1623 2207 1730 2251 enim
1767 2204 1796 2248 a
1832 2204 2024 2250 Cicerone
2060 2204 2164 2250 libro
2197 2206 2268 2251 illo
2301 2210 2430 2258 ΧΙΠ,

238 2284 314 2343 qui
340 2280 693 2329 commendatitiis
715 2279 865 2339 plenus
893 2276 950 2339 est
979 2275 1150 2338 epistolis
1170 2283 1313 2334 totus,
1349 2273 1498 2321 multis
1516 2273 1560 2318 in
1589 2271 1714 2329 locis,
1751 2270 1804 2322 ἐξ
1825 2270 1991 2333 quidem
2017 2270 2158 2316 verbis
2177 2272 2332 2320 alicubi
2354 2276 2434 2334 iis÷

238 2349 332 2394 clem
354 2354 617 2408 repetuntur.

306 2415 499 2473 Longum
531 2412 628 2472 effi’t
653 2448 665 2469 ‚
700 2413 818 2472 sicut
848 2410 1036 2471 exempla
1067 2409 1181 2455 illius
1212 2408 1375 2470 generis
1406 2405 1674 2467 epistolarum
1700 2403 1877 2462 adtuli,
1909 2405 1975 2464 sic
2007 2406 2138 2451 etiam
2177 2405 2432 2467 reliquorum

245 2477 444 2539 afferre:
480 2477 535 2529 ὅ
559 2478 751 2523 letiorem
773 2514 785 2534 ‚
824 2477 853 2521 ὰ
885 2491 948 2522 me
972 2475 1287 2536 praemonitum
1312 2509 1325 2531 ‚
1372 2472 1613 2533 diligentius
1644 2470 1876 2530 artificium
1910 2470 1956 2514 in
1985 2471 2071 2517 illis
2112 2470 2433 2532 observaturum

234 2543 372 2604 spero.
441 2543 594 2608 ,Quam
626 2543 673 2588 ob
708 2557 796 2586 rem
827 2542 876 2586 de
908 2541 1165 2588 narratoriis
1194 2548 1366 2584 tantum
1397 2538 1563 2599 aliquid
1581 2536 1769 2582 addam:
1804 2535 2007 2580 nimirum
2027 2572 2040 2593 ‚
2086 2537 2132 2579 in
2161 2536 2248 2580 illis
2276 2550 2431 2597 quoque

238 2607 488 2668 scriptorem
522 2608 632 2654 hunc
664 2608 858 2652 excellere
877 2639 893 2664 ,
939 2606 986 2651 ob
1015 2606 1314 2651 brevitatem:
1358 2617 1486 2663 quam
1516 2602 1626 2648 nihil
1657 2602 1953 2646 Ciceronianae
1985 2599 2126 2646 debere
2149 2636 2162 2657 ,
2213 2602 2434 2662 potiusque

251 2672 360 2718 hanc
390 2675 452 2719 illi
486 2676 622 2734 austm
650 2669 885 2730 affirmare.
952 2672 1122 2732 Loquor
1161 2679 1306 2715 autem
1339 2667 1388 2711 de
1433 2669 1513 2714 tali
1551 2668 1768 2712 brevitate
1801 2703 1814 2724 ‚
1859 2665 1995 2725 qualis
2026 2663 2083 2725 est
2124 2663 2212 2710 haec
2244 2665 2432 2726 epistolae

253 2739 426 2798 quintae
455 2739 552 2783 libri
575 2739 721 2798 primi.
790 2735 1171 2799 Evigilaveram:
1209 2732 1399 2782 nuntius
1436 2732 1462 2779 a
1501 2731 1746 2795 Spurinna.
1815 2730 1977 2777 Venio
2009 2730 2065 2776 ad
2100 2743 2159 2776 te.
2230 2732 2330 2779 Imo
2373 2749 2432 2781 eo

257 2802 314 2848 ad
347 2815 408 2848 te.
480 2804 667 2850 Coimus
698 2803 746 2850 in
780 2802 1014 2863 porticum
1050 2800 1234 2848 Liviae.
1304 2798 1463 2865 Quum
1498 2799 1610 2845 alter
1647 2797 1703 2844 ad
1740 2798 1933 2844 alterum
1969 2795 2264 2842 tenderemus
2285 2833 2297 2854 ‚
2336 2795 2431 2844 &a

258 2866 345 2914 Sed
371 2867 511 2911 eadem
539 2880 659 2926 opera
683 2869 873 2911 letiorem
903 2866 1096 2923 monebo,
1132 2866 1320 2912 crebrum
1348 2863 1424 2923 effi·
1459 2862 1575 2924 apud
1604 2877 1697 2909 eum
1721 2862 1920 2923 figurae,
1949 2875 2053 2919 quae
2081 2859 2228 2920 ellipsts
2250 2861 2434 2921 adpella-

260 2941 365 2987 tur‚
403 2932 549 2989 usum:
587 2932 694 2992 quod
727 2933 802 2989 nist
835 2932 1188 2990 animadvertat,
1236 2930 1436 2992 quosdam
1469 2931 1571 2975 locos
1611 2929 1820 2974 immerito
1860 2925 1998 2972 mendi
2018 2922 2226 2984 sstfpeitos
2262 2926 2436 2974 habeat.

263 2997 516 3054 Exemplum
535 2995 821 3056 suppeditabit
854 2996 923 3039 hic
959 2997 1061 3043 Lib.
1100 2998 1159 3043 II.
1197 2996 1340 3056 Epist.
1379 2994 1479 3041 XX.
1518 3010 1562 3040 n.
1603 3008 1643 3040 2.
1679 2995 1822 3050 locus,
1859 2989 2063 3038 Primum
2098 2989 2436 3051 impudentiam

264 3060 496 3119 hominis,
536 3061 613 3123 qui
647 3059 832 3107 venerit
867 3061 923 3108 ad
955 3074 1137 3122 aegram.
1206 3061 1298 3109 Hic
1331 3060 1440 3108 enim
1468 3074 1549 3106 non
1583 3057 1813 3119 dcssderare
1838 3095 1851 3117 ‚
1890 3054 1974 3117 fid
1988 3052 2223 3117 fichaudire
2259 3057 2437 3104 verbum

2354 3123 2434 3171 ali-
