2616 3686
0 1929 6 2163 K

4 2167 10 2311 i

538 181 885 234 LrnER
953 180 1998 248 x..E1³.1s‘1-01.A1X.&x.
2192 217 2290 266 71,

157 266 436 347 dignitati,
475 259 544 317 ad
570 276 732 334 quam
767 276 854 314 me
883 257 1136 326 provexit
1157 257 1494 342 indulgentia
1521 272 1609 315 tua
1641 299 1658 324 ,
1703 265 1788 318 vel
1813 280 2157 336 auguratum,
2199 275 2284 329 vel

155 360 171 385 ι
199 340 632 416 septemviratum
660 377 674 398 ‚
729 333 855 406 quia
878 336 895 360 ²
916 344 1107 386 vacant
1132 370 1149 394 ‚
1189 331 1425 403 athcere
1457 333 1690 404 digneris
1715 379 1729 399 ,
1779 351 1838 392 ut
1858 339 1977 407 jure
1997 341 2283 400 sacerdotii

156 417 363 494 precari
387 414 519 470 deos
544 428 645 486 pro
669 422 725 464 te
748 407 965 482 publice
990 404 1184 479 poffim
1210 448 1225 470 ,
1278 424 1418 481 quos
1452 425 1597 465 nunc
1622 427 1820 483 precor
1842 414 2040 486 pietate
2061 418 2279 487 privata.

441 561 539 619 IX.
617 557 750 617 XV.
824 558 892 616 C.
974 556 1413 616 Pennus
1490 556 1994 633 TRAJANO.

386 710 711 769 Gratulatur
753 702 1057 785 Imperatori
1094 705 1151 762 ob
1181 705 1461 764 vidoriam
1493 707 1553 765 de
1584 709 1800 783 hostibus
1825 722 2053 788 partam.

159 871 177 902 ⁸
363 860 588 918 lfior'iae
609 873 761 924 tuae,
802 861 1008 932 optime
1035 856 1169 930 Imp.
1206 858 1471 914 maximae
1494 898 1511 924 ,
1547 860 1963 934 pulcherrimae,
2001 861 2290 936 ⁴antiquis-

363 936 553 1001 fimae,
594 937 648 990 δε
675 950 772 991 tuo
795 938 1017 991 nomine
1040 973 1057 998 ‚
1113 935 1166 988 δι
1196 932 1447 1005 Reipubl.
1470 937 1710 1007 gratulor
1738 956 1750 992 :
1803 938 2044 1011 deosque
2069 940 2294 993 immor-

162 1015 292 1068 tales
316 1029 511 1083 precor
543 1054 556 1075 ,
605 1024 667 1066 ut
692 1027 880 1066 omnes
905 1010 1264 1081 cogitationes
1290 1023 1404 1069 tuas
1430 1023 1541 1065 tam
1566 1012 1732 1067 laetus
1760 1011 2008 1085 sequatur
2040 1025 2295 1078 eventuS,

158 1102 221 1143 nt
241 1086 527 1144 virtutibus
548 1087 707 1142 tantis
733 1086 901 1159 gloria
924 1085 1138 1158 imperii
1164 1082 1217 1139 &
1249 1095 1512 1148 novetur,
1563 1087 1618 1141 δε
1643 1094 1657 1123 ⁵
1682 1100 1958 1160 augeatur.

421 1235 497 1293 X.
567 1233 784 1293 XXVI.
861 1235 931 1293 C.
1006 1234 1451 1290 Pmmus
1531 1234 2043 1308 TRAJANO.

932 1361 1022 1416 De
1047 1360 1286 1416 adventu
1311 1360 1532 1417 Servilii.

389 1491 669 1547 Certiorem
685 1486 823 1560 facit
836 1484 1115 1562 Trajanum
1135 1485 1194 1542 de
1219 1484 1442 1540 Servilii
1464 1486 1697 1541 adventu
1721 1487 2088 1544 Nicomediam.
2123 1563 2156 1600 C

2122 1583 2300 1618 cerm-

154 1636 322 1677 honore.
349 1637 461 1687 Supra
485 1637 592 1688 Epist.
613 1636 684 1677 111.
714 1644 806 1675 extr.
833 1647 873 1676 at
892 1647 960 1674 non
977 1635 1018 1675 in
1039 1649 1092 1674 me
1111 1647 1194 1676 tan·
1265 1634 1443 1685 gnationis
1466 1637 1756 1689 Septemviratum
1774 1634 1876 1677 fuiffe
1895 1647 2048 1687 arguunt
2068 1667 2079 1684 ‚
2106 1637 2207 1687 quod
2225 1650 2293 1676 nec

162 1699 246 1727 tum
260 1717 271 1734 ,
297 1703 421 1728 verum
445 1701 487 1729 (9¹
507 1691 546 1727 in
571 1691 680 1727 amico
704 1688 844 1737 gloriari
858 1688 998 1739 judiciis
1027 1690 1095 1726 tuis
1120 1689 1194 1737 pos-
1270 1689 1342 1736 ipse
1364 1688 1558 1727 Gutherius
1579 1689 1753 1728 inficiatur
1775 1718 1785 1735 ‚
1814 1691 1852 1727 ὃς
1874 1701 1919 1726 ex
1936 1690 2166 1739 inscriptione
2188 1690 2302 1727 veteri

161 1738 245 1787 Jtm.
282 1739 364 1787 Lib.
385 1741 451 1778 [V.
486 1739 594 1789 Epist.
625 1740 727 1777 VlIl.
771 1751 807 1776 n.
829 1750 860 1776 t.
896 1738 986 1789 quod
1008 1739 1198 1787 gravtffimi
1268 1738 1437 1776 ostendit.
1486 1740 1558 1776 Pro
1583 1752 1632 1778 eo
1653 1749 1778 1780 tamen
1799 1740 1910 1778 rursu<
1935 1741 1982 1777 est
2008 1769 2018 1785 ‚
2046 1740 2148 1790 quod
2170 1739 2300 1778 Piinius

163 1789 328 1838 principis
341 1790 517 1840 judicium
539 1794 577 1829 in
597 1790 784 1829 minoribus
801 1790 907 1827 etiam
929 1790 1024 1826 rebus
1044 1791 1197 1840 consequi
1266 1789 1416 1837 allegato
1437 1789 1554 1827 modo
1574 1790 1659 1828 loco
1681 1794 1729 1830 ait
1751 1820 1761 1836 ‚
1786 1794 1866 1839 jam
1900 1802 2059 1828 neutrum
2085 1819 2095 1835 ,
2128 1791 2202 1828 hoc
2225 1790 2273 1828 est
2287 1817 2299 1835 .

165 1838 353 1889 puichrum
374 1841 428 1891 est.
457 1841 552 1890 Epist
575 1842 660 1880 XV.
687 1854 724 1879 n.
739 1853 770 1886 ς.
794 1840 846 1877 ita
868 1852 925 1877 nos
944 1840 1094 1877 virtutes
1103 1851 1196 1884 tuae,
1269 1850 1390 1889 neque
1410 1839 1610 1889 Consularis
1631 1854 1752 1891 neque
1777 1841 1967 1889 Septemvir
1988 1870 1998 1885 ,
2035 1844 2116 1890 quia
2146 1842 2297 1879 damna-

162 1891 228 1928 Δια
243 1891 376 1939 judicia
394 1891 549 1938 principis
570 1892 731 1942 augurari
748 1891 887 1928 volunt.
922 1890 978 1929 Sic
1000 1890 1132 1936 judicia
1152 1891 1198 1929 de
1268 1898 1338 1927 tus.
1377 1889 1416 1926 ld
1437 1893 1533 1928 enim
1555 1893 1743 1931 manifeste
1765 1894 1880 1940 arguit
1901 1893 2190 1941 Septemviratum
2209 1892 2300 1929 arni-

174 1939 318 1978 honore
338 1941 459 1978 oblato
491 1943 577 1981 dixit
599 1944 722 1982 Livius
750 1942 829 1979 Lib.
844 1940 909 1979 111.
945 1951 1022 1989 cap.
1044 1941 1108 1978 LI.
1128 1953 1197 1979 nec
1269 1939 1345 1978 sisse
1368 1940 1584 1985 damnatos·‚
1613 1954 1697 1981 cum
1720 1953 1912 1991 auguratus
1937 1954 2012 1980 non
2033 1943 2097 1981 nisi
2118 1954 2200 1979 curn
2224 1943 2298 1980 vita

173 1991 298 2028 minus
319 1992 467 2030 venuste
495 1994 571 2031 Cic.
613 1995 690 2032 Lib.
714 1993 759 2030 X.
797 1990 899 2030 Fam.
927 1992 1034 2040 Epist.
1054 1991 1082 2030 Ι.
1109 2002 1198 2030 extr.
1267 1991 1505 2030 adimeretur:
1534 1994 1579 2030 de
1600 2005 1677 2042 quo
1702 1995 1837 2032 Noster
1864 1993 1943 2030 Lib.
1964 1993 2030 2031 tv.
2059 1994 2169 2043 Epist.
2192 1993 2300 2032 Vnt.

173 2042 345 2091 quidquid
362 2043 398 2080 in
416 2055 492 2081 eum
511 2043 629 2091 judicii
648 2044 805 2093 officiique
833 2043 1011 2081 contuleris
1031 2069 1042 2085 ‚
1078 2042 1116 2079 id
1143 2044 1195 2080 ita
1269 2042 1396 2092 Itaque
1415 2042 1688 2092 Septemviratus
1711 2044 1948 2083 sacerdotium
1971 2072 1982 2088 ,
2009 2044 2072 2082 etsi
2091 2044 2237 2082 inferius
2257 2044 2301 2082 il-

175 2104 232 2128 me
251 2092 392 2141 accipere
414 2121 425 2138 ,
444 2134 448 2135 ⁷
467 2105 508 2132 ut
534 2096 571 2132 in
598 2108 651 2132 me
679 2095 787 2143 ipsum
814 2102 848 2130 u
872 2101 990 2142 putem
1013 2093 1197 2142 contulisse.
1266 2093 1325 2131 lud
1357 2094 1569 2143 quibusdam
1598 2097 1670 2135 ariis
1692 2123 1703 2141 ,
1739 2107 1892 2144 magnae
1922 2103 2045 2134 tamen
2080 2095 2298 2134 auctoritatis

174 2141 347 2189 Ejusdem
368 2143 416 2181 est
445 2145 523 2183 Lib.
542 2146 642 2184 XIII.
668 2145 774 2194 Epist.
795 2143 936 2181 XLVI.
963 2156 1042 2181 n.r.
1063 2143 1197 2191 judzcio
1267 2144 1348 2183 fuit.
1389 2142 1528 2183 Bucfl
1544 2158 1652 2186 NER.
1701 2146 1799 2185 Vide
1828 2146 1872 2184 ad
1912 2146 1992 2183 Lib.
2016 2146 2060 2184 11.
2095 2146 2205 2195 Epist.
2231 2146 2298 2185 ΧΙ.

174 2194 305 2231 ornari.
332 2193 437 2231 Adde
456 2195 556 2244 supra
585 2197 664 2234 Lib.
686 2197 771 2234 VH.
798 2193 903 2244 Epist.
921 2196 1002 2233 XX.
1029 2204 1120 2232 extr.
1268 2206 1305 2234 n.
1330 2208 1387 2234 η.

228 2254 261 2280 1.
297 2246 624 2297 Septemviratum.]
664 2245 932 2295 Septemviratus
961 2245 1193 2284 Sacerdotalis
1320 2258 1355 2286 2.
1383 2247 1554 2297 Vacant.]
1585 2246 1674 2285 Sunt
1694 2245 1767 2285 fine
1789 2247 1944 2287 domino
1959 2276 1969 2289 ‚
1990 2248 2088 2286 unde
2108 2260 2185 2286 non
2203 2247 2299 2296 inju-

173 2289 325 2343 dignitas
345 2322 358 2339 ‚
392 2306 464 2345 qua
497 2296 734 2345 defringentes
764 2295 966 2344 Septem-viri
1001 2296 1194 2345 Epulonum
1270 2296 1319 2333 ria
1338 2300 1493 2337 nuncin
1511 2299 1599 2336 urbe
1624 2298 1788 2335 dicuntur
1810 2312 1938 2337 vacare
1955 2299 2171 2342 sacerdotia,
2199 2309 2302 2336 mor-

154 2342 379 2383 ”dicebantur
393 2374 403 2389 ‚
431 2345 532 2395 quod
553 2346 597 2384 ad
619 2357 681 2383 eos
700 2346 827 2395 epuiae
845 2346 1015 2384 ludorum
1038 2348 1195 2395 publico·
1268 2354 1336 2383 tuo
1358 2349 1560 2390 sacerdote,
1587 2347 1744 2386 necdum
1764 2348 1822 2388 alii
1837 2350 1975 2387 collata.
2002 2349 2156 2386 vacabat
2176 2357 2301 2387 autem

173 2401 256 2433 rum
279 2397 458 2445 pertinent
482 2423 493 2440 ‚
527 2396 601 2434 five
622 2396 754 2446 epulare
784 2395 980 2444 sacrificium
1012 2396 1173 2434 ludorum
1187 2425 1197 2442 ,
1267 2397 1473 2445 Auguratus
1492 2410 1555 2448 per
1574 2399 1716 2438 obitum
1738 2398 1819 2444 Julii
1838 2400 2012 2438 Frontini.
2038 2401 2070 2437 C
2086 2414 2107 2436 A
2123 2413 2144 2436 τ
2161 2413 2180 2436 Α
2197 2413 2234 2438 N.

177 2451 218 2481 ut
242 2446 377 2485 Cicero
393 2448 551 2496 loquitur
578 2448 659 2486 Lib.
678 2449 743 2485 ΠΙ.
768 2430 814 2484 de
832 2446 990 2484 Oratore
1013 2473 1025 2491 ,
1065 2448 1123 2485 ubi
1144 2447 1200 2485 in·
1328 2459 1365 2497 3.
1391 2446 1591 2499 Victoriae]
1621 2449 1804 2489 Parthicae
1827 2477 1838 2494 ,
1863 2462 1909 2488 an
1933 2452 2045 2498 magis
2065 2462 2131 2499 pro
2152 2450 2299 2489 devicto

170 2493 394 2535 stitutionem
416 2510 545 2536 eorum
568 2500 729 2547 exponit.
780 2497 878 2536 Inter
898 2503 1117 2536 summorum
1137 2498 1198 2535 col-
1271 2498 1447 2538 Decibalo
1466 2501 1653 2539 Dacorum
1674 2511 1757 2549 rege
1771 2529 1782 2546 ‚
1809 2502 1910 2552 cujus
1938 2502 2018 2540 Lib.
2037 2501 2142 2540 VIII.
2169 2503 2302 2539 memi-

174 2545 333 2596 legiorum
347 2549 562 2598 sacerdotes,
589 2556 628 2588 ut
653 2554 760 2586 vocat
780 2548 994 2591 Suetonius,
1020 2548 1201 2586 Casaubo-
1273 2549 1326 2586 nit
1347 2577 1359 2595 ‚
1395 2550 1530 2600 signate
1558 2553 1818 2600 imperatorem
1851 2553 2056 2603 Trajanum
2087 2553 2300 2601 appellavit,

171 2605 246 2637 nus
261 2600 367 2638 refert
388 2599 432 2638 ad
450 2600 573 2639 locum
593 2612 682 2639 eum
706 2598 965 2647 Suetonii0qui
981 2598 1017 2636 iu
1039 2598 1204 2646 Augusto
1273 2600 1375 2648 quod
1410 2603 1438 2641 is
1475 2614 1562 2640 curn
1599 2603 1758 2642 exercitu
1793 2602 2028 2654 expeditione
2054 2604 2146 2640 faeta
2174 2610 2301 2642 contra

180 2646 228 2684 est
252 2660 328 2698 cap.
346 2650 389 2688 C.
417 2650 517 2700 quod
539 2660 645 2700 negat
665 2649 860 2689 Gutherius
888 2649 932 2688 de
951 2649 1034 2696 lure
1055 2648 1205 2687 Pontifi-
1274 2649 1422 2696 Dacos,
1447 2653 1638 2693 victoriam
1660 2653 1843 2693 retulerit?
1870 2656 1889 2693 1
1903 2667 1927 2691 ι)
1944 2668 1962 2693 ε
1976 2667 2019 2692 κ.

183 2696 240 2734 cio
268 2700 348 2738 Lib.
370 2699 397 2738 1.
421 2713 499 2750 cap.
521 2704 587 2740 111.
626 2703 664 2739 δε
695 2712 759 2739 eos
789 2702 909 2749 itaque
941 2698 1019 2737 Lib·
1046 2698 1096 2737 11·
1116 2710 1188 2748 cap
1325 2714 1363 2748 4.
1391 2703 1687 2755 Antiquiffimae]
1720 2704 1987 2743 Memorandae
2009 2732 2020 2748 ‚
2056 2703 2157 2743 simili
2184 2704 2306 2754 impe-

182 2743 283 2786 xm.
308 2751 398 2795 inter
426 2752 603 2793 ministros
633 2750 852 2790 Pontificum
881 2757 1082 2799 computa-t.
1134 2749 1204 2788 Sed
1276 2759 1435 2791 ratorum
1459 2757 1692 2801 antiquorum
1716 2783 1726 2800 ‚
1754 2756 1859 2804 super
1877 2767 1947 2804 qua
1968 2766 2013 2793 ex
2039 2755 2174 2794 invidia
2194 2765 2302 2796 antea

184 2792 215 2836 fi
231 2795 263 2853 sq
279 2800 323 2837 ita
341 2801 485 2842 haberet
503 2814 558 2842 res
582 2832 593 2848 ,
616 2815 713 2852 ,quae
735 2803 884 2851 dignitas
904 2800 988 2840 esset
1011 2802 1099 2839 imus
1120 2812 1201 2838 mu·
1278 2810 1386 2850 gente
1417 2804 1469 2843 bis
1505 2805 1574 2844 affl
1610 2805 1710 2844 fuere
1729 2806 1912 2854 triumphi.
1939 2805 1991 2843 In
2006 2817 2028 2843 E
2044 2818 2084 2844 M.
2136 2805 2231 2844 Vide
2256 2807 2304 2846 ad

184 2854 279 2883 nens
296 2849 316 2888 Ρ
349 2862 410 2889 cur
440 2863 578 2902 peteret
612 2856 740 2893 Plinius
771 2863 880 2891 arone
901 2864 985 2890 cum
1013 2853 1203 2900 Auguratu
1283 2852 1362 2891 Lib.
1388 2854 1438 2891 11.
1464 2855 1574 2905 Epist.
1599 2855 1662 2893 IX.
1689 2867 1727 2894 n.
1751 2868 1788 2902 4.
1820 2856 1865 2894 ad
1900 2855 2009 2905 Epist.
2026 2857 2091 2896 XI.
2127 2858 2237 2896 n.18.
2260 2860 2301 2897 &

187 2904 354 2943 aequaret
370 2903 465 2950 quafi
485 2906 505 2944 ?
543 2905 620 2942 Cur
648 2905 755 2953 Epist.
772 2905 838 2947 XI.
865 2905 945 2942 Lib.
965 2901 1014 2941 ΙΙ.
1039 2902 1172 2940 diceret
1194 2915 1202 2939 ε
1280 2902 1360 2940 Lib.
1381 2904 1430 2944 V.
1456 2905 1566 2955 Epist.
1584 2907 1615 2944 1.
1641 2918 1675 2943 n.
1704 2917 1758 2944 ri.

188 2944 448 3001 Obversabatur
471 2981 480 2997 ‚
527 2965 659 3003 praeter
689 2955 753 2997 illa
772 2983 782 3000 ‚
832 2968 916 3005 quae
947 2953 1051 2997 dixi,
1089 2955 1203 2998 causae
1332 2966 1364 3002 ς.
1396 2956 1616 3006 Augentum]
1646 2956 1746 2994 Huic
1771 2964 1863 2994 voto
1893 2966 2042 2996 eventus
2071 2970 2221 3010 quoque
2248 2966 2308 2998 re·v

184 2994 368 3041 dtfficultas
382 3002 515 3047 3stabat
539 3007 635 3043 modo
650 3005 983 3057 Consularis,modo
1002 3003 1204 3053 Septemvir
1272 3003 1433 3051 spondit:
1463 3009 1548 3055 quia
1566 3007 1628 3045 sub
1645 3007 1810 3056 Trajano
1827 3009 2019 3058 imperium
2044 3010 2157 3048 Rom.
2183 3010 2307 3050 anens-

189 3045 383 3101 Epulonum
405 3077 417 3097 ‚
443 3054 520 3103 jam
542 3067 713 3098 neutrum.
753 3059 860 3108 Quae
877 3056 958 3097 sane
980 3066 1134 3104 megnae
1155 3056 1208 3093 di-
1236 3056 1243 3120 ἱ
1274 3054 1406 3100 fimum
1438 3057 1506 3101 fuit
1527 3086 1542 3106 ‚
1584 3059 1623 3097 ὃ(
1643 3057 1740 3148 (1υὲίὶ
1771 3060 1798 3095 ἐν
1819 3061 1911 3112 ἀκμῇ
1933 3088 1945 3106 ,
1979 3062 2025 3100 ita
2054 3070 2094 3104 ut
2126 3062 2303 3148 ejui'affp

1736 3120 1795 3161 YY
1809 3121 1835 3159 Y
2163 3120 2253 3161 patu
2278 3120 2303 3147 ⁰
