2616 3686
272 238 372 294 740
522 210 2207 273 C.PL1N11CAECIL118ECUND1

280 300 297 325 ¹
322 321 393 358 ex
428 299 542 372 ipso
570 297 797 356 trafiatu
831 299 996 370 magis
1026 314 1089 351 ac
1123 296 1286 366 tnagis
1321 292 1673 350 necessarium
1707 293 1964 365 intelligo.
2043 294 2259 351 Multae
2281 297 2425 355 enim

287 377 550 450 pecuniae
572 375 728 429 variis
745 391 816 428 ex
835 373 1000 428 caulis
1020 390 1048 426 a
1074 370 1294 443 privatis
1317 369 1658 425 detinentur:
1681 384 1960 440 praeterea
1986 371 2251 443 quaedam
2270 375 2428 429 mini-

291 469 380 506 me
406 451 658 523 legitimis
685 450 984 521 sumptibus
1004 458 1314 518 erogantur.
1353 444 1517 499 Haec
1540 444 1670 507 tibi,
1713 443 1977 508 Domine,
2019 448 2068 500 in
2090 448 2204 519 ipso
2231 448 2431 519 ingres-

244 527 351 583 4su
377 544 503 582 meo
529 523 725 597 scripfi.
801 522 1016 596 Quinto
1047 521 1267 575 decimo
1296 519 1415 574 Cal.
1437 518 1638 573 Ofiob.
1667 519 1909 574 Domine
1931 557 1948 582 ‚
1993 524 2323 592 provinciam
2350 525 2431 579 in-

292 602 430 658 travi
455 641 471 665 ‚
511 618 673 674 quam
699 602 753 655 in
780 616 848 652 eo
876 597 1140 669 obsequio
1165 632 1179 656 ‚
1219 595 1275 648 in
1299 612 1360 649 ea
1388 612 1518 666 erga
1547 608 1603 649 te
1632 594 1740 650 fide
1767 638 1781 657 ,
1823 611 1983 666 quam
2009 597 2078 650 de
2104 614 2303 668 genere
2332 600 2430 654 hu.

290 695 452 733 mano
485 676 732 738 mereriS,
771 674 969 726 inveni.
1046 670 1296 741 Dispice,
1338 671 1616 734 Domine,
1657 688 1724 724 an
1746 668 2096 726 necess‘arium
2124 688 2278 743 putes
2306 676 2433 728 mit-

292 767 408 807 tere
450 752 554 806 huc
594 757 612 780 ²
650 749 957 804 mensorem
988 765 999 800 z
1055 746 1312 799 videntur
1352 747 1498 801 enirn
1526 764 1637 799 non
1667 746 1971 800 mediocres
1995 749 2255 818 pecuniae
2281 748 2430 820 polse

290 827 537 882 revocari
571 844 599 879 a
638 822 979 878 curatoribus
1023 837 1252 892 operum
1281 859 1297 883 ,
1350 819 1385 874 s1
1425 820 1704 874 mensurae
1737 820 1968 874 fideliter
2009 827 2024 854 ³
2058 838 2315 894 aguntur:
2359 828 2432 880 ita

292 916 441 957 certe
463 901 736 976 prospicio
766 917 834 954 ex
861 899 1070 953 ratione
1094 894 1431 950 Prusensium
1452 935 1468 960 ,
1505 901 1525 930 ⁴
1543 913 1708 969 quam
1735 912 1861 950 cum
1890 894 2140 953 Maximo
2170 897 2358 954 undio,

2213 1065 2433 1124 XXIX.

1386 1213 1490 1263 quod
1523 1213 1572 1252 est
1588 1211 1663 1252 fine
1688 1212 1861 1258 metatu,
1887 1212 1960 1251 hoc
1982 1212 2032 1252 est
2055 1242 2066 1259 ‚
2091 1214 2187 1253 nulla
2208 1221 2429 1265 praeceden.

1388 1274 1426 1304 te
1459 1265 1685 1303 transtatione.
1741 1265 1796 1302 Sic
1828 1264 1928 1303 idern
1961 1265 2094 1303 Plinius
2120 1270 2314 1308 vastatum
2338 1275 2429 1314 dixit

1397 1316 1507 1366 Epist.
1526 1315 1688 1353 XCVII.
1713 1315 1806 1354 infra
1833 1343 1843 1360 ,
1868 1316 2023 1365 loquens
2045 1316 2090 1354 de
2113 1324 2324 1365 cognitione
2346 1336 2433 1363 cau.

1391 1368 1447 1406 sae
1464 1367 1630 1406 adversus
1651 1366 1869 1405 Christianos
1887 1367 1932 1404 ad
1952 1368 1986 1405 se
2004 1367 2152 1406 delatos.
2183 1372 2241 1411 ubi
2261 1376 2368 1412 etiam
2389 1377 2429 1416 in
2602 1369 2616 1430 ἷ-

1388 1420 1541 1467 vulgatis
1562 1419 1654 1457 libris
1673 1419 1767 1457 male
1785 1418 1915 1466 legitur
1937 1445 1948 1462 ,
1985 1418 2051 1468 ipso
2069 1423 2186 1457 trafflu
2210 1439 2223 1460 .·
2260 1436 2344 1463 cuin
2368 1438 2432 1466 ve·
2602 1426 2616 1475 li

1392 1481 1473 1507 rum
1497 1469 1538 1508 fit
1559 1469 1757 1513 Ίναέῖαιὶο,
1785 1469 1886 1518 quod
1907 1468 2016 1507 edidit
2040 1470 2176 1515 fsldus.
2205 1475 2240 1511 ὃ(
2274 1475 2429 1516 Schure-
2604 1468 2616 1511 {³

1389 1524 1458 1560 rius
1482 1533 1490 1557 t
1530 1532 1642 1570 quarn
1671 1522 1885 1558 varietatem
1916 1520 2081 1557 lectionis
2112 1522 2223 1561 etiam
2251 1526 2299 1564 ibi
2321 1529 2431 1566 Cata·
2604 1505 2616 1573 ‚i

289 1226 378 1264 dum
400 1224 562 1273 loquitur
588 1219 743 1271 Epistola
763 1218 960 1269 sequente,
989 1216 1077 1256 ficut
1099 1217 1138 1255 ὅτ
1159 1215 1260 1260 alibi,
1289 1222 1329 1254 ut

290 1277 400 1326 Epist.
426 1276 506 1313 CX.
544 1274 600 1312 Sic
633 1274 669 1310 &
695 1272 908 1320 Papinianus
925 1270 1107 1308 summam
1131 1267 1331 1318 reipublicae

290 1325 523 1366 commiffam
545 1322 616 1363 effe
639 1324 723 1361 dicit
743 1323 777 1360 ei
792 1350 801 1366 ‚
829 1322 891 1371 qui
911 1332 1035 1359 curam
1066 1320 1156 1367 gerit
1177 1320 1329 1357 munici-

286 1380 348 1429 pii.
380 1379 470 1426 Leg.
501 1375 603 1414 XIV.
642 1374 856 1423 municipes.
891 1371 930 1410 ff.
969 1371 1014 1410 ad
1058 1371 1330 1419 municipalem:

286 1431 323 1468 R
342 1442 357 1467 1
372 1442 394 1466 τ
410 1441 432 1466 τ
445 1441 468 1466 F.
482 1441 502 1464 tt
519 1441 534 1463 s
548 1439 572 1463 H
586 1439 611 1463 u
627 1440 656 1464 s.

343 1492 374 1518 t.
405 1484 461 1518 Ex
483 1479 547 1527 ipso
570 1475 725 1526 traam]
767 1475 913 1512 Traffus
944 1473 995 1510 est
1023 1483 1131 1510 mora
1156 1471 1232 1509 five
1254 1472 1328 1520 spa-

286 1531 386 1569 cium
410 1529 598 1580 quoddam
621 1527 796 1574 temporis
811 1554 821 1570 ‚
848 1533 888 1562 ut
910 1536 994 1562 cum
1021 1524 1201 1572 Ulpianus
1223 1524 1271 1561 ait
1289 1525 1326 1561 in

287 1583 380 1631 Leg.
403 1581 492 1619 VII.
515 1578 705 1616 Fulcinius.
737 1577 770 1618 §.
793 1576 828 1613 8.
869 1575 1037 1614 Latitare.
1059 1575 1097 1613 ff.
1120 1576 1265 1622 Quibus
1285 1586 1330 1612 ex

288 1633 400 1671 caufis
418 1633 456 1671 in
480 1627 619 1681 poffeff.
639 1638 749 1666 eatur.
776 1627 920 1665 latitare
939 1624 1010 1664 effe
1029 1637 1113 1664 cum
1136 1625 1251 1664 traciu
1267 1625 1330 1663 ali-

287 1695 367 1734 quo
386 1684 496 1722 latere
512 1712 520 1724 ,
543 1679 865 1731 quemadmodum
888 1679 1051 1722 faflitare
1062 1679 1110 1716 est
1122 1677 1332 1727 frequenter

287 1737 418 1774 facere.
471 1734 527 1772 Sic
548 1734 681 1770 Cicero
706 1731 785 1768 Lib.
806 1731 853 1766 II.
879 1729 926 1766 de
947 1729 1125 1767 Oratore:
1155 1727 1333 1778 haefitaeio

290 1787 488 1837 traetusque
509 1783 692 1822 verborum
706 1782 788 1819 :ubi
810 1778 980 1829 fignificat
1000 1781 1133 1818 lentam
1146 1778 1331 1830 quandam

290 1839 329 1876 &
348 1849 452 1875 mora
476 1832 683 1884 interpofita
703 1832 835 1870 finam
847 1831 1206 1879 pronunciationem.
1235 1832 1329 1868 Item

289 1887 424 1928 eodem
463 1887 555 1924 libro
579 1899 588 1925 z
625 1884 741 1922 tractu
780 1883 945 1920 orationis
972 1882 1042 1921 levi
1069 1893 1110 1922 ω·
1146 1882 1331 1933 aequabili.

288 1940 389 1979 Alias
426 1940 575 1975 Tmolus
611 1936 797 1984 usurpatur
835 1935 943 1972 etiam
984 1944 1051 1981 pro
1085 1935 1235 1982 regione
1271 1934 1332 1971 seu
1361 1945 1365 1974 2

287 1991 390 2041 plaga
412 1990 554 2038 aliqua,
580 1987 656 2025 five
676 1985 883 2026 territorio,
910 1983 984 2021 five
1004 1983 1158 2022 distrietu
1194 1992 1232 2022 ut
1242 1995 1328 2022 curn

287 2044 336 2081 ait
360 2042 492 2079 Cicero
512 2051 579 2087 pro
601 2038 746 2076 Plancio
768 2049 777 2074 :
819 2046 911 2074 totus
931 2035 990 2073 ille
1008 2034 1139 2073 mustus
1159 2036 1332 2074 celeberri-

290 2107 377 2132 mus,
405 2090 453 2130 fic
475 2090 663 2138 Virgilius:
694 2087 827 2126 traous
849 2087 926 2124 coeli
948 2096 1124 2136 corruptus
1145 2114 1155 2131 ,
1183 2099 1251 2136 pro
1273 2098 1329 2125 re-

289 2145 401 2193 gione
437 2142 525 2180 aeris
560 2140 707 2178 infesta.
747 2140 831 2178 Lib.
858 2138 926 2175 III.
964 2137 1116 2176 Aeneid.
1153 2139 1191 2175 ὃ(
1229 2137 1329 2175 idem

290 2196 377 2233 Lib.
403 2194 471 2231 IV.
509 2194 643 2229 trafius
677 2190 797 2227 maris.
845 2189 901 2226 Sic
937 2187 1113 2226 Horatius
1149 2189 1231 2227 Lib.
1264 2188 1330 2226 lv.

294 2245 379 2283 Oda
396 2247 444 2284 II.
474 2243 631 2281 Nubium
654 2244 799 2279 tracias.
826 2241 865 2276 &
886 2239 963 2277 Cic.
993 2240 1070 2276 Lib.
1092 2241 1138 2278 II.
1173 2239 1219 2278 cle
1237 2238 1327 2277 divi·

288 2298 439 2335 natione
464 2308 473 2332 z
504 2299 623 2330 Lunae
649 2295 796 2329 trab‘z'us.
847 2290 904 2327 Sic
925 2293 1070 2327 Tmolus
1096 2290 1251 2339 temporis
1274 2289 1327 2328 di·

1390 1583 1502 1612 naeus
1546 1572 1722 1615 notavit,
1771 1570 1830 1608 sed
1875 1570 1946 1618 ipse
1995 1570 2214 1611 deteriorem
2261 1577 2431 1626 sequitur·

1388 1624 1530 1661 IDEM.
1569 1623 1659 1661 Non
1678 1623 1773 1659 male
1793 1621 1968 1659 divinavit
1998 1622 2266 1665 Riuershufius.
2296 1627 2379 1668 Lib.
2402 1631 2430 1670 1.

1390 1674 1500 1724 Epist.
1520 1673 1626 1713 Vm.
1661 1685 1698 1711 n.
1730 1672 1767 1709 8.
1803 1678 1869 1710 Per
1904 1673 1964 1710 boc
1998 1674 2093 1711 enim
2129 1676 2428 1728 adsequebamur,

1384 1729 1539 1777 primum
1573 1735 1614 1763 ut
1655 1723 1797 1771 honestis
1834 1724 2089 1773 cogitationibus
2125 1726 2392 1768 immoraremur
2415 1761 2428 1778 ,

1388 1778 1510 1816 deinde
1536 1787 1576 1814 ut
1600 1775 1899 1825 pulchritudinem
1930 1774 2076 1813 illarum
2109 1776 2254 1828 longiore
2275 1783 2427 1821 tractatu

1382 1829 1649 1878 pervidet-emus.
1672 1828 1721 1865 ibi
1740 1829 1848 1864 etiarn
1871 1830 2011 1876 aliquot
2030 1827 2156 1868 Codd.
2185 1830 2330 1880 longiore
2352 1844 2431 1871 tra.

1388 1883 1469 1924 eiu,
1496 1877 1557 1917 sed
1580 1889 1785 1928 perperam.
1815 1877 1874 1916 adi
1894 1886 2036 1915 notam.
2074 1879 2264 1919 Praeterea
2291 1883 2428 1932 signate

1385 1930 1431 1968 de
1454 1931 1649 1969 rationibus
1677 1928 1904 1986 excutiendis
1930 1928 2061 1967 dicitur
2093 1934 2267 1970 trassatus
2292 1963 2303 1980 ‚
2330 1947 2428 1984 quo.

1385 1981 1504 2020 modo
1525 1983 1679 2019 tractare
1700 1993 1847 2018 ratzones
1868 2008 1878 2024 ,
1918 1983 2074 2018 trae‘tm
2093 1983 2276 2023 ratiocinia
2298 2013 2309 2030 ‚
2334 1986 2425 2026 item

1383 2037 1601 2071 tractatores.
1640 2031 1745 2080 Lege
1775 2033 1835 2077 Jo.
1867 2032 1988 2070 savar.
2015 2031 2060 2069 ad
2096 2032 2234 2074 Sidonii
2260 2036 2342 2076 Lib.
2357 2037 2430 2077 IV.

1385 2084 1493 2171 {pist
1529 2084 1597 2122 XI.
1642 2093 1722 2132 pag.
1764 2094 1855 2132 253.
1892 2082 2023 2132 Itaque
2068 2086 2224 2123 trab't‘atu
2272 2089 2425 2137 reposui.

1431 2146 1580 2172 oure.

1436 2197 1471 2223 2.
1502 2181 1734 2234 Mensorem]
1765 2183 1844 2230 Qui
1863 2184 2032 2223 metiatur
2053 2187 2323 2236 operapublica.
2350 2188 2431 2230 Va*

1384 2239 1502 2284 getius
1525 2237 1642 2285 quiin
1664 2233 1779 2272 castris
1802 2234 1847 2270 ad
1872 2235 2078 2283 podismum
2104 2237 2353 2279 demetiuntur
2369 2241 2424 2277 Ιο-

1384 2298 1425 2324 ca
1440 2316 1450 2332 ,
1479 2290 1516 2324 in
1539 2286 1666 2336 quibus
1684 2287 1839 2323 tentoria
1859 2286 1986 2326 milites
2011 2287 2125 2336 figunt
2149 2316 2160 2331 ‚
2197 2292 2255 2329 vel
2274 2289 2421 2339 hospitia

289 2351 382 2387 citur
402 2348 438 2385 in
455 2345 533 2393 Leg
569 2343 762 2382 sedetiam.
778 2342 823 2379 D.
836 2340 881 2379 de
893 2350 1073 2389 procurat.
1088 2343 1225 2379 itemin
1239 2341 1330 2389 Leg.
1359 2350 1363 2386 ς
1382 2339 1419 2375 in
1455 2338 1653 2376 civitatibus
1690 2336 1865 2385 praestant
1887 2365 1895 2380 ‚
1933 2338 1969 2376 hi
2007 2341 2174 2388 mensores
2194 2342 2420 2390 appellantur.

289 2401 431 2437 Mutus.
449 2396 589 2434 XLIII.
621 2395 655 2435 §.
675 2395 736 2432 ult.
758 2392 843 2431 eod.
872 2394 924 2430 tit.
950 2393 988 2428 ὅ(
1009 2393 1046 2430 in
1067 2403 1139 2441 reg.
1157 2392 1249 2438 Juris
1268 2394 1329 2430 tri.

1387 2389 1452 2426 An
1471 2391 1592 2438 potius
1615 2390 1747 2433 mensor
1765 2387 1823 2425 hic
1843 2389 1955 2437 accipi
1977 2389 2087 2429 debet
2109 2403 2175 2439 pro
2187 2403 2256 2434 eo,
2274 2392 2335 2439 qui
2352 2401 2419 2427 cu-

286 2451 438 2489 riffixna:
473 2448 581 2502 Qod
600 2446 642 2483 ab
660 2445 758 2483 initio
779 2444 942 2491 vitiosum
955 2442 998 2485 esi
1014 2471 1024 2487 ‚
1052 2456 1118 2480 non
1135 2443 1237 2491 potest
1259 2451 1328 2481 tra·
1384 2450 1462 2477 ram
1485 2438 1800 2478 remetiendorum
1823 2439 2049 2487 publicorum
2074 2453 2226 2490 operum
2247 2440 2420 2487 habebat,

293 2501 353 2541 &u
371 2503 548 2549 temporis
569 2497 811 2547 convalescere.
839 2494 895 2533 Sic
920 2495 1067 2533 Lucret.
1093 2495 1175 2534 Lib.
1197 2494 1225 2534 1.

340 2602 401 2647 Est
420 2602 524 2650 igitur
545 2610 676 2637 natura
699 2597 782 2639 loci,
803 2598 1027 2647 sauciumque
1046 2596 1237 2645 profundi,

341 2654 448 2704 Quod
467 2664 572 2702 neque
592 2650 688 2687 clara
713 2650 767 2691 suo
785 2657 977 2697 percurrere
997 2648 1148 2695 flumina
1170 2647 1270 2697 cursu

343 2711 507 2755 Perpetuo
522 2702 640 2754 poffl'nt
663 2701 743 2738 aevi
766 2699 922 2737 labentia
939 2699 1067 2737 trastu.

290 2808 361 2847 Sed
393 2815 545 2855 utraque
581 2803 793 2853 significatio
826 2802 870 2842 ab
901 2803 974 2840 hoc
1001 2801 1086 2838 loco
1117 2800 1257 2849 prorsus
1285 2800 1333 2839 est

290 2860 416 2897 aliena.
471 2858 599 2905 Itaque
624 2855 693 2904 ipsa
717 2854 856 2892 ratione
875 2853 1045 2891 suadente
1077 2851 1262 2894 adducor,
1291 2860 1331 2890 ut

288 2919 415 2957 putem
445 2907 640 2956 legendum
676 2908 847 2942 Traczatu
871 2922 882 2942 .-
922 2904 1021 2954 quafi
1054 2901 1145 2941 dicat
1177 2904 1330 2949 Plinius,

290 2959 380 2997 dum
413 2959 526 2994 meio
551 2987 560 3001 ‚
596 2958 744 2994 excutio
773 2958 810 2993 ὃς
842 2958 1016 2993 examino
1049 2957 1216 2993 rationes.
1274 2954 1332 2993 Sic

289 3009 397 3048 etiam
420 3009 455 3044 in
481 3010 557 3048 lure
577 3009 752 3044 trablatus
774 3019 840 3054 pro
872 3007 1080 3045 manatione
1111 3006 1215 3053 saepe
1234 3004 1330 3043 usur—

288 3058 411 3111 patur:
428 3066 465 3094 ut
478 3069 559 3094 cnm
576 3058 703 3094 dicitur
717 3085 725 3097 ‚
738 3061 895 3095 trablatu
909 3058 1026 3095 habito
1040 3086 1048 3096 .
1066 3061 1152 3104 Leg.
1172 3055 1328 3093 XXXII.

289 3119 388 3154 Nam
409 3121 485 3146 cum
505 3110 676 3146 transsatu.
709 3106 748 3144 ff.
771 3119 836 3156 pro
856 3109 970 3147 socio.
996 3108 1055 3145 ubi
1076 3107 1277 3156 opponitur
1296 3105 1328 3143 ei

1387 2492 1425 2528 ὃ(
1446 2491 1660 2529 calculatore
1679 2491 1922 2539 impensarum
1935 2519 1946 2536 ,
1973 2503 2014 2530 ac
2034 2492 2147 2530 litium
2171 2490 2421 2536 aestimatore.

1389 2554 1473 2580 cum
1499 2542 1658 2580 demetiri
1673 2540 1887 2590 fit·aequare
1906 2543 1944 2579 &
1974 2542 2158 2581 aestimare
2177 2539 2201 2578 θ’
2231 2542 2293 2577 (ΞΑ
2310 2555 2330 2577 τ
2345 2554 2367 2579 Α
2383 2554 2423 2582 ιι.

1444 2605 1477 2644 3.
1515 2592 1737 2644 Agantur.]
1774 2591 1888 2630 Aldus
1910 2621 1920 2637 ‚
1962 2593 2161 2630 Catanaeus
2184 2619 2194 2634 ,
2235 2590 2420 2641 Gryphius

1390 2657 1573 2694 aguntur,
1613 2646 1650 2682 ὃ(
1680 2642 1727 2681 sic
1755 2643 1867 2681 solere
1902 2643 2072 2681 Nostrum
2108 2642 2206 2689 supra
2234 2642 2422 2690 aliquoties

1390 2696 1560 2734 vidimus.
1592 2694 1697 2732 Adde
1719 2695 1828 2732 etiam
1849 2694 1938 2732 infra
1966 2693 2010 2731 ad
2026 2691 2126 2740 Epist.
2142 2692 2304 2730 XXXIX
2335 2706 2370 2731 n.
2385 2706 2422 2733 2.

1444 2764 1478 2793 4.
1505 2748 1637 2804 Quam
1664 2757 1748 2783 cum
1789 2745 1958 2782 Maximo
1998 2741 2144 2791 traam]
2183 2742 2238 2781 Sic
2271 2744 2345 2783 libri
2375 2757 2420 2783 o-

1391 2810 1496 2836 mnes
1519 2827 1529 2842 ,
1567 2799 1607 2836 δ(
1646 2795 1843 2842 intelligunt
1880 2793 1990 2842 vulgo
2019 2793 2222 2832 Maximum
2248 2794 2418 2835 libertum

1390 2849 1541 2898 Traiani
1562 2851 1600 2886 δε
1617 2847 1886 2896 procuratorem
1901 2870 1912 2886 ‚
1928 2843 1983 2886 vde
2006 2853 2083 2890 quo
2106 2843 2212 2892 Epist.
2231 2845 2353 2882 XVII.
2382 2849 2424 2886 ὅτ,

1391 2899 1668 2938 XXXVII.'At
1689 2895 1894 2934 Perizonius
1921 2893 1968 2928 V.
1995 2892 2039 2930 C.
2067 2896 2217 2943 margini
2237 2896 2424 2947 adscripse-

1389 2959 1462 2989 rat:
1491 2963 1599 3001 quam
1618 2959 1701 2986 cum
1724 2945 1883 2983 maxime
1907 2945 2016 2980 tracto
2036 2957 2044 2981 :
2074 2944 2184 2995 idque
2208 2949 2313 2986 unice
2335 2961 2418 2997 pro-

1388 3003 1437 3039 bo
1459 3028 1470 3045 ‚
1509 3003 1546 3037 &
1579 3007 1655 3036 tota
1686 2995 1829 3044 epistola
1856 2994 2007 3041 probare
2039 2995 2147 3040 jubet.
2178 2998 2276 3037 Plura
2300 2999 2346 3038 de
2362 3001 2423 3038 illa.

1386 3051 1547 3088 dizstione
1568 3049 1614 3086 ad
1645 3045 1808 3101 Lib’,V¹·
1848 3045 1944 3092 Epist
1973 3045 2111 3086 XXXI.
2145 3060 2183 3090 n.
2203 3061 2261 3100 ις.
2289 3053 2326 3089 &
2345 3051 2420 3090 hoc

1384 3100 1460 3150 ipso
1479 3097 1682 3144 libroiinfra
1710 3095 1818 3145 hpist.
1842 3095 1984 3136 LVIII.
2008 3107 2045 3136 n.
2069 3108 2101 3137 1.

2319 3162 2352 3190 1.
2377 3154 2424 3187 Ut
