2616 3686
579 175 922 233 LIBER
986 173 1029 224 Ῑ.
1095 171 1662 224 EPISTOLA
1727 173 1902 225 XXII.

190 284 202 399 ,Ι
266 320 481 386 ΧΧῙΙ.
554 318 1127 378 C.PL1N1US
1202 310 1217 331 ¹

2203 171 2265 240 83

1303 310 1760 369 Carinlo
1833 313 2231 368 Snvnno

1061 439 1240 495 Suo
1314 441 1368 496 S.

193 591 397 646 Reddit
422 585 598 655 causas
623 581 816 638 Catilio
834 581 930 649 fito
953 589 1064 632 tam
1088 577 1327 643 diutinae
1356 577 1411 630 in
1434 575 1562 629 urbe
1582 594 1783 640 morae,
1821 576 1961 648 quod
1975 577 2133 631 Titus
2156 577 2269 633 tA'-

270 664 446 734 rtstom
486 664 506 728 (
519 654 670 726 cujus
685 653 946 724 peritiam
954 651 1116 724 juris
1140 652 1221 703 ita
1243 648 1458 710 laudat,
1496 661 1555 701 ut
1580 649 1906 714 admiretur)
1921 651 2090 723 gravi
2120 649 2268 703 vale-

268 736 449 790 tudine
463 738 822 800 premeretur,
862 724 1001 795 quod
1011 721 1073 788 st
1099 725 1261 777 ‘Deus
1299 722 1400 792 (fic
1439 721 1625 774 medici
1649 721 1952 792 spondebam
1986 723 2269 793 t)meli0ra

257 805 548 870 annuiffet,
572 801 635 868 se
643 798 832 870 statim
859 793 1248 851 Laurentinum
1264 799 1414 865 suum
1450 791 1526 844 ad
1552 794 1717 846 ocium
1755 795 2037 849 literarum
2058 794 2270 866 petitu-

265 894 382 932 rum
392 915 408 940 ‚
437 871 646 945 stribit.

337 1013 396 1068 Iu
430 1010 536 1080 jam
572 1010 627 1064 in
661 1007 796 1063 urbe
830 1006 1027 1062 haereo
1056 1043 1074 1068 ,
1126 1004 1182 1058 δε
1220 1002 1444 1076 quidem
1482 1017 1498 1035 ²
1522 1003 1796 1059 attonitus,
1873 1003 2158 1084 Perturbat
2184 1019 2271 1057 me

189 1015 496 1154 Dlonga
520 1082 573 1135 δε
601 1082 847 1151 pertinax
873 1077 1124 1132 valetudo
1152 1088 1165 1114 ³
1188 1077 1307 1130 Titi
1333 1074 1623 1138 Aristonis,
1660 1093 1826 1148 quem
1865 1076 2194 1146 singulariter
2216 1075 2273 1130 δε

190 1160 356 1215 miror
395 1158 448 1209 &
485 1154 667 1224 diligo.

742 1152 886 1206 Nihil
922 1150 995 1204 est
1034 1150 1180 1204 enim
1219 1149 1306 1202 illo
1344 1152 1553 1218 gravius
1580 1187 1595 1211 ‚
1633 1148 1853 1204 sanctius
1883 1187 1898 1211 ,
1936 1148 2175 1211 doctius,
2214 1161 2274 1201 ut

189 1230 321 1287 mihi
344 1245 454 1283 non
482 1244 614 1280 unus
640 1225 807 1278 homo
833 1222 923 1276 sed
949 1224 1131 1276 literae
1158 1220 1295 1288 ipsae
1320 1220 1614 1292 omnesque
1640 1219 1810 1274 bonae
1839 1233 1976 1275 artes
2020 1223 2072 1274 in
2111 1232 2130 1257 ⁴
2167 1236 2275 1274 uno

196 1302 419 1357 homine
444 1300 706 1354 summum
740 1295 1035 1366 periculum
1076 1292 1224 1346 adire
1261 1292 1557 1347 videantur.

1633 1292 1813 1364 Quam
1855 1294 2056 1364 peritus
2092 1291 2178 1346 ille
2216 1292 2271 1346 &

183 1379 207 1405 ⁴
241 1373 428 1444 privati
462 1370 589 1439 juris
626 1369 679 1422 &
715 1367 957 1438 publici?
1009 1378 1269 1437 quantum
1297 1360 1314 1382 ⁶
1337 1381 1546 1426 rerum,
1585 1378 1847 1434 quantum
1871 1366 2275 1436 exemplorum,

185 1458 454 1516 quantum
475 1441 490 1468 ⁷
515 1440 841 1512 antiquitatis
867 1451 1014 1493 tenet
1042 1439 1059 1489 ἓ
1099 1435 1115 1459 ⁸
1141 1436 1271 1490 nihil
1297 1434 1398 1498 est,
1437 1435 1587 1507 quod
1603 1436 1807 1490 discere
1823 1438 1978 1502 veliS,
2021 1436 2170 1508 quod
2186 1439 2272 1491 ille

2176 1510 2279 1564 do-

194 1652 286 1691 circa
310 1648 465 1689 emenda
488 1647 664 1694 mancipia
685 1645 783 1684 utilia
805 1644 949 1693 collegit
985 1644 1153 1683 Casellius
1186 1645 1208 1682 l.
1244 1643 1378 1683 sonitus
1401 1645 1604 1682 tonitruum
1629 1644 1715 1682 dant
1734 1643 1932 1694 stuporem.
1962 1645 2028 1682 CA
2045 1658 2068 1683 τ
2082 1659 2105 1683 A
2119 1658 2156 1683 N.

190 1714 222 1739 c.
257 1705 313 1739 cui
346 1704 470 1746 iungas
504 1697 704 1734 Casaubon.
737 1695 782 1734 ad
817 1697 964 1733 Sueton.
997 1695 1092 1743 Aug.
1132 1706 1207 1744 cap.

199 1752 338 1790 Lxlx.
368 1752 521 1787 (JORTE.

249 1816 262 1840 1
294 1801 423 1838 Catilio
448 1796 607 1845 severa]
639 1796 712 1834 Hic
733 1807 753 1833 a
776 1795 940 1844 Trajano
955 1795 1114 1840 Consul,
1143 1797 1210 1834 ite-

192 1861 275 1888 rum
299 1852 342 1888 ab
366 1850 528 1887 Adi-nuo
549 1856 685 1884 creatus
709 1875 719 1891 ‚
770 1846 852 1884 dein
875 1847 997 1895 Syriae
1029 1846 1209 1895 praepost-

195 1908 251 1937 tus
266 1929 275 1944 ,
304 1912 393 1937 mox
416 1898 617 1948 praefectus
639 1898 730 1935 urbis
752 1897 812 1934 sub
834 1896 966 1935 eodem
982 1925 993 1940 ‚
1020 1907 1106 1934 cum
1130 1898 1210 1934 An-

190 1952 309 1988 tonini
341 1951 391 1988 Pii
427 1950 661 1996 adoptionem
703 1946 834 1984 saetam
859 1945 1048 1992 doluisset,
1076 1959 1210 1996 repro-

193 1999 265 2036 dita
290 2011 365 2049 quo
387 1999 446 2036 sibi
471 1997 663 2046 imperinm
690 2005 937 2046 praepararet,
967 2007 1118 2047 accepto
1131 1998 1208 2035 suc-

195 2048 332 2087 ceil‘oie
353 2048 521 2097 dignitate
545 2049 698 2096 privatus
721 2047 768 2084 est
793 2061 800 2084 :
829 2050 923 2097 prius
946 2056 1071 2086 tamen
1093 2051 1209 2098 gravi·

195 2107 249 2136 tcr
279 2100 322 2137 ab
355 2099 576 2147 Imperatore
608 2098 823 2146 objurgatus.
877 2098 958 2136 Fuit
991 2108 1114 2137 autem
1138 2105 1212 2136 Ca-

1301 1707 1318 1744 3
1350 1695 1418 1732 Titi
1440 1693 1651 1742 Aristonis]
1683 1695 1798 1742 Cujus
1822 1695 1941 1733 officia
1963 1703 2061 1742 grata
2084 1705 2185 1734 erant
2207 1698 2271 1736 Sc-

1249 1745 1383 1783 cundo.
1445 1743 1642 1790 Aristonem
1686 1745 1928 1791 JConsultum
1972 1745 2075 1784 fuiffe
2119 1748 2273 1797 Trajani

1248 1795 1472 1845 temporibus
1487 1824 1497 1840 ,
1526 1797 1565 1832 &
1590 1796 1665 1844 ejus
1687 1794 1838 1833 consilio
1864 1797 2132 1845 Imperatorem
2165 1800 2271 1837 usum

1247 1845 1392 1884 testatur
1402 1847 1517 1895 Papin
1541 1848 1580 1883 δε
1604 1846 1690 1895 Ulp.
1714 1848 1777 1897 qui
1800 1847 1903 1896 saepe
1924 1849 2014 1885 illius
2038 1851 2272 1889 mentionem

1251 1896 1345 1934 facit.
1397 1897 1479 1935 Fuit
1515 1898 1553 1934 ὅς
1588 1896 1733 1934 Salvius
1767 1898 1886 1944 Aristo
1908 1910 2022 1948 quem
2046 1900 2190 1945 Juliano
2217 1911 2274 1938 re-

1248 1946 1414 1997 scripsisse
1439 1948 1599 1994 Julianus
1616 1975 1626 1990 ,
1654 1949 1762 1985 titulo
1792 1950 1832 1986 de
1857 1951 1992 1997 Legatis
2006 1949 2124 1988 refert.
2154 1951 2269 1988 IDEM.

1297 2011 1320 2044 4
1351 2004 1421 2034 Uno
1445 1997 1621 2046 homine.]
1651 1999 1805 2037 Perinde
1827 2011 1870 2037 ac
1893 1998 1919 2036 st
1942 2000 2077 2039 diceret
2102 2030 2112 2046 ‚
2140 2014 2272 2039 omnes

1248 2048 1366 2086 bonae
1390 2056 1480 2087 artes
1503 2049 1747 2098 periclitantur
1768 2059 1978 2098 aegrotante
1991 2049 2162 2094 Aristone
2176 2081 2185 2096 ,
2209 2053 2272 2102 qui·

1248 2096 1274 2134 st
1294 2099 1491 2145 interierit,
1519 2099 1688 2137 videntur
1721 2102 1812 2139 mihi
1845 2112 1931 2139 cum
1964 2101 2025 2138 illo
2060 2104 2270 2141 moriturae.

197 2149 293 2186 tilius
317 2158 496 2187 maternus
519 2158 673 2197 proavus
695 2148 878 2187 Antonini
890 2149 1119 2199 Philosophi,
1147 2153 1210 2200 qui
1252 2148 1365 2186 IDEM-

195 2199 317 2246 postea
341 2200 553 2249 imper-avim
584 2197 657 2236 Etsi
691 2199 796 2237 sciam
828 2200 926 2249 apud
957 2202 1209 2249 Spanianum,

194 2250 383 2287 casalium
416 2250 548 2294 scribi,
598 2251 637 2287 &

1300 2213 1316 2249 ς
1347 2201 1451 2245 Juris
1479 2200 1604 2250 publici
1633 2211 1677 2240 (9·
1701 2203 1881 2253 privati.]
1923 2202 2120 2251 Utriusque
2144 2201 2271 2241 defini-

668 2251 777 2298 paulo
811 2250 889 2298 post
913 2250 1099 2288 Attilium.
1153 2252 1212 2289 Ac
1247 2251 1391 2288 tionem
1423 2259 1507 2299 pete
1541 2264 1585 2289 ex
1618 2251 1818 2298 Justiniano
1841 2281 1852 2298 ‚
1891 2250 1992 2301 Cajo
2023 2254 2088 2299 JC.
2124 2255 2162 2290 ὃς
2185 2254 2271 2302 Ulp.

188 2298 306 2343 thus
330 2300 577 2343 Florentium,
606 2301 644 2336 &
665 2299 787 2348 postea
810 2299 1021 2346 justinianus
1042 2302 1080 2338 in
1104 2301 1212 2339 Instit.
1253 2300 1366 2337 IDEM.
1395 2302 1557 2339 Riccard.
1581 2305 1618 2340 &
1653 2302 1850 2340 Lindcnbr.

1903 2307 2026 2352 Quam
2053 2304 2187 2351 peritus
2216 2304 2273 2341 ille

195 2350 431 2397 proliderunt
456 2350 591 2387 Statilio
615 2355 737 2386 Severo
759 2351 887 2388 divum
922 2352 1126 2389 Adrianum
1159 2363 1215 2389 re-
1255 2352 1294 2387 &
1316 2352 1474 2398 privatus
1495 2352 1552 2388 ille
1574 2363 1617 2389 cy
1633 2353 1769 2400 privati
1791 2354 1875 2390 iuris
1905 2369 1930 2391 e.
1960 2363 1994 2404 p.
2029 2354 2129 2391 cuius
2161 2354 2273 2404 lapsus

197 2399 372 2447 scripsisse.
402 2401 554 2437 cmm.
584 2399 715 2436 Eidem
739 2401 868 2437 Catilio
881 2407 1002 2437 Severo
1015 2401 1212 2449 Epistolam
1257 2399 1372 2435 cauffa
1393 2401 1469 2438 satis
1493 2401 1680 2438 manifesta
1705 2402 1764 2439 est.

195 2447 284 2486 ΧΗ.
310 2451 388 2487 Lib.
415 2450 482 2487 111.
505 2450 694 2487 inscri‘mnt
716 2449 864 2497 quidam
890 2450 1007 2487 Codd.
1049 2451 1101 2486 At
1121 2450 1235 2505 hanel
1304 2449 1327 2484 6
1355 2449 1522 2498 Rerum]
1555 2453 1724 2499 Quarum
1748 2453 2042 2494 observationem
2067 2453 2274 2504 quadrupli-

195 2499 239 2535 C.
258 2500 450 2537 ATILIO
476 2500 579 2537 SUO
606 2497 733 2536 misiffc
746 2500 926 2544 Plinium,
953 2499 1119 2538 adfirmat
1133 2501 1235 2540 Me·¹
1257 2511 1339 2536 cem
1365 2498 1434 2538 effe
1455 2501 1612 2538 tradunt.
1664 2503 1727 2539 An
1762 2507 1876 2553 magis
1906 2505 2160 2550 historiarum,
2187 2517 2274 2544 cum

195 2547 336 2587 diceus:
366 2547 465 2598 quasi
489 2551 525 2586 in
547 2551 689 2597 reliquis
722 2550 812 2586 libris
837 2550 934 2589 idem
961 2553 1090 2589 vitium
1137 2550 1235 2589 ino—l
1256 2549 1379 2598 paffim
1405 2562 1471 2598 pro
1492 2550 1641 2591 historiis
1664 2563 1716 2590 res
1741 2565 1933 2603 ponantur.
1961 2557 2114 2593 CA'rAN.

193 2598 343 2643 levent,
373 2599 474 2647 quod
509 2600 547 2637 in
582 2600 674 2638 libris
709 2599 821 2637 Tullii
857 2602 938 2638 Lib.
974 2602 998 2638 Ι.
1035 2602 1080 2640 ad
1116 2601 1216 2640 Fam.

1234 2595 1237 2673 l
1307 2611 1324 2645 7
1358 2601 1638 2652 Antiquitatis]
1680 2605 1884 2645 Severitatis
1915 2609 2096 2657 antiquae.
2135 2607 2195 2644 An
2216 2618 2274 2645 rc-

196 2648 303 2698 Epist.
338 2650 444 2687 Vlll.
478 2661 510 2686 n.
554 2663 582 2686 1.
614 2649 674 2686 ubi
708 2661 751 2686 ex
786 2655 841 2687 M.
867 2651 1034 2689 Plaetorio
1059 2651 1217 2690 fecerant
1236 2675 1238 2707 ι
1258 2661 1337 2705 rum
1364 2652 1402 2687 8<
1426 2653 1621 2690 verborum
1646 2663 1814 2692 veterum
1826 2667 1957 2705 gnarus
1972 2658 2159 2706 velpotius
2172 2657 2276 2707 quod

198 2700 455 2748 Emplatorium
471 2729 481 2745 ,
509 2701 560 2737 uti
584 2703 621 2738 ὃς
647 2705 694 2736 A.
717 2700 850 2745 Gellio,
880 2702 1077 2750 Agellium;
1109 2715 1154 2739 ex
1180 2708 1217 2739 T.
1236 2709 1312 2748 ’μω
1334 2701 1416 2738 XII.
1440 2702 1649 2741 tabularum
1673 2707 1814 2754 optime
1838 2718 1944 2746 norat
1968 2737 1980 2753 ,
2021 2719 2106 2745 cum
2130 2707 2166 2746 id
2189 2706 2276 2748 effet

200 2752 325 2799 Ampio
340 2779 350 2794 ,
379 2752 571 2800 Tampium.

625 2751 685 2788 Ne
709 2760 834 2789 tamen
863 2754 1010 2800 optimis
1032 2754 1215 2790 membta-
1258 2753 1449 2800 antiquum
1467 2755 1536 2804 jus.
1566 2754 1680 2792 IDEM.

185 2801 254 2836 ‘nis
274 2801 331 2838 hic
352 2801 522 2839 accedam
538 2830 548 2845 ,
576 2810 749 2849 perpetua
774 2813 899 2839 earum
923 2803 1148 2840 consuetudo
1164 2803 1216 2840 fa-

205 2850 275 2892 cit,
299 2863 368 2899 qua
391 2852 518 2890 scilicet
540 2852 620 2889 alibi
642 2852 885 2889 Praenomina
908 2852 983 2891 fere
1007 2854 1192 2902 negligunt
1207 2882 1217 2898 ,
1261 2853 1402 2891 Videtur
1427 2856 1603 2894 Caecilius

1310 2804 1330 2838 8
1363 2803 1460 2840 Nihil
1489 2803 1573 2854 est.]
1615 2806 1722 2844 Nulla
1757 2807 1935 2857 disciplina
1968 2809 2028 2847 est.
2081 2809 2156 2847 Hic
2188 2810 2280 2850 mihi

1628 2886 1638 2901 ‚
1678 2857 1767 2895 dum
1799 2859 1920 2897 laudat
1952 2858 2187 2904 Aristonem,
2216 2861 2279 2898 de-

211 2898 248 2934 &
282 2903 403 2937 Caium
440 2914 517 2939 non
554 2913 616 2951 per
653 2908 693 2938 C.
733 2902 791 2940 scd
830 2908 872 2940 G.
921 2914 1047 2941 notate
1094 2905 1218 2942 solent.
1259 2916 1295 2940 m
1316 2905 1455 2943 ›nstv-are
1478 2906 1577 2944 illum
1603 2907 1787 2946 summum
1801 2920 2011 2956 oratorem,
2039 2923 2152 2960 quem
2176 2911 2278 2950 Cras-

213 2946 402 2987 CORTE.

1260 2954 1312 2991 sus
1345 2957 1438 3003 apud
1474 2957 1528 2993 Μ.
1565 2957 1614 2994 Τ.
1648 2961 1821 3007 quaerit:
1860 2963 1965 3000 omni
1985 2961 2093 3000 laude
2115 2964 2278 2999 cumula-

260 3007 278 3031 2
309 3001 525 3052 amonitae]
579 3002 715 3041 Mentis
750 3005 864 3053 inops.
914 3004 1012 3041 Nam
1046 3009 1219 3044 attonitu:
1241 3015 1365 3049 mim,
1392 3009 1454 3055 qui
1477 3019 1618 3045 naturas
1643 3010 1681 3047 &
1712 3010 1913 3048 hominum
1950 3024 2071 3049 mores
2105 3012 2211 3056 sciat,
2239 3014 2278 3050 δε

210 3056 351 3094 proprie
370 3049 398 3086 is
422 3050 546 3089 dicitur
570 3080 580 3097 ,
608 3054 667 3092 cui
700 3053 794 3092 casus
827 3056 936 3094 vicini
968 3056 1154 3102 fulminis,
1185 3058 1223 3094 ὃ(
1240 3056 1439 3119 rhutenus,
1465 3059 1693 3108 antiquitates
1717 3088 1727 3106 ‚
1766 3062 1871 3112 Reip.
1904 3060 2250 3104 administrationem
2267 3089 2278 3104 ‚

1563 3109 1643 3146 Lz
2216 3110 2278 3160 def
