2616 3686
295 197 393 264 840
535 194 595 242 C.
661 189 1053 241 PL1N11
1121 187 1634 238 CAEc.1L·11
1704 187 2254 246 SECUNDI*

295 293 457 351 atque
480 276 643 330 etiarn
669 290 699 327 e
723 272 884 346 plebe
906 289 1018 326 non
1052 272 1312 342 exiguum
1337 287 1629 325 numerum
1659 276 1674 299 ¹
1702 288 1935 338 vocare,
1975 275 2242 351 binosque
2273 279 2439 339 dena-

302 355 413 408 rios
445 351 534 406 vel
570 348 806 421 singulos
839 351 968 402 dare
994 385 1009 410 ‚
1049 346 1202 418 quod
1247 363 1311 400 an
1345 352 1363 376 ²
1401 345 1821 411 celebrandum,
1863 349 1918 403 δε
1957 366 2221 424 quatenus
2241 371 2437 427 putes,

223 450 253 483 2
299 444 440 500 rogo
471 425 682 481 scribas,
734 424 846 494 lpse
869 420 1201 484 enim,s1cut
1239 420 1503 482 arbitror,
1547 422 1600 484 [³
1637 438 1748 475 non
1791 423 2243 500 imprudenter,]
2288 449 2440 504 prae.

301 503 489 560 sertim
511 518 578 556 ex
602 500 906 555 solennibus
933 494 1129 557 causis,
1172 501 1193 530 ⁴
1226 492 1644 547 concedendum
1678 494 1799 564 Jussi
1840 500 2212 558 invitationes:
2254 507 2323 561 ita
2352 525 2443 563 ve.

303 594 458 641 reor,
498 594 565 630 ne
592 577 658 637 ii,
699 576 791 644 qui
821 573 964 626 mille
992 569 1270 631 homines,
1315 568 1593 621 interdum
1634 572 1795 623 etiam
1836 575 2018 644 plures
2049 593 2279 644 vocant,
2323 599 2444 637 mo·-

305 651 438 708 dum
463 650 766 710 excedere,
807 652 821 680 ⁵
846 647 900 700 &
929 649 982 700 in
1007 643 1243 715 speciem
1269 642 1587 698 diamoeries
1612 643 1856 701 incidere
1884 648 2183 707 videantur.
2372 656 2375 657 ’

2188 726 2444 789 CXVIII.
2482 733 2490 735 ’

295 873 449 926 statutam
466 871 621 924 gentium
642 870 832 910 dedicavit.
860 869 965 909 Idem
988 868 1034 911 de
1056 866 1337 909 Melchisedeco:
1406 864 1431 905 fi
1474 864 1562 916 quid
1589 865 1715 907 video.
1777 868 1920 908 Veram
1950 873 2049 911 enim
2081 873 2290 925 scripturam
2331 888 2453 930 puto,

305 926 457 976 quijam
480 935 563 961 tunc
580 924 615 960 in
642 934 714 974 typo
733 921 864 967 Christi
875 932 1002 972 pamm
1032 935 1075 963 <9-
1096 923 1224 960 vinum
1244 919 1342 957 obtu—
1371 914 1375 966 ἦ
1406 917 1656 975 concedendurn
1665 920 1730 975 jus
1750 919 1986 961 invitationis.
2013 924 2069 962 Sc
2085 937 2109 962 n
2122 938 2144 964 ε
2157 939 2176 964 F
2191 939 2211 964 F
2226 941 2294 969 ER.
2340 932 2450 979 Quae

304 978 370 1020 lit,
400 987 442 1015 ω’
474 974 670 1022 mysterium
704 972 942 1019 christianum
970 973 1006 1010 in
1042 971 1238 1012 Salvatoris
1253 972 1343 1021 san·
1373 971 1375 990 ⁴
1408 969 1476 1007 sint
1491 969 1571 1009 illae
1589 968 1786 1016 editiones,
1813 972 1851 1009 in
1875 973 2002 1022 quibus
2035 976 2239 1017 Schefferus
2269 983 2454 1021 conceden-

303 1027 407 1076 ἕψω
437 1037 480 1065 Θ.
509 1034 637 1075 corpore
669 1025 857 1063 dedicavit.
921 1023 978 1060 Sic
1004 1027 1045 1064 Ρ,
1071 1022 1344 1073 Chrysologus,
1410 1020 1498 1077 tium
1517 1020 1596 1077 iussi
1615 1020 1847 1066 invitationi,
1875 1023 1977 1072 quod
2004 1035 2088 1073 prae
2117 1028 2152 1065 se
2180 1029 2273 1076 fert,
2299 1033 2454 1072 invene·

307 1077 533 1126 stephanum
576 1084 846 1125 protomartyra
868 1102 878 1119 ,
926 1076 1142 1125 martyrium
1181 1070 1347 1122 dedicaffe
1413 1078 1480 1114 nt,
1506 1069 1626 1109 dicere
1647 1082 1724 1109 non
1744 1069 1900 1120 poffum.
1937 1074 1997 1112 Est
2020 1083 2165 1120 tamen,
2193 1082 2306 1119 fatear
2326 1085 2424 1122 enim
2440 1112 2454 1129 ,

308 1128 357 1166 ait
398 1129 576 1166 Sermone
619 1127 758 1164 Clnlli.
797 1127 967 1162 311an
985 1138 1058 1163 fin.
1103 1124 1287 1173 Gryphius
1325 1133 1346 1159 a
1414 1122 1592 1170 posterior
1610 1121 1807 1167 Catanaei,
1836 1135 1931 1174 quae
1948 1126 1996 1163 ita
2014 1127 2107 1175 legit.
2149 1127 2218 1168 Sed
2250 1131 2295 1170 de
2314 1145 2357 1172 ea
2371 1134 2451 1183 jam

302 1177 408 1229 plebe,
463 1179 534 1216 Sed
556 1178 635 1227 quis
659 1176 734 1215 ita?
762 1177 865 1214 Plebs
885 1178 942 1214 hic
965 1176 1038 1222 est,
1065 1187 1179 1226 quam
1202 1173 1347 1212 Auctor
1416 1172 1608 1221 aliquoties
1634 1174 1847 1212 sententiam
1868 1176 2025 1214 nostram
2058 1178 2227 1225 tulimus,
2255 1183 2358 1232 quod
2379 1185 2456 1231 eius

311 1229 421 1278 Epist.
448 1229 548 1266 Cxl.
576 1229 761 1281 Eccleflam
779 1226 889 1273 dicit,
916 1238 1009 1276 quae
1040 1231 1079 1277 τῇ
1105 1228 1204 1275 βὸλῇ
1230 1236 1348 1274 oppo-
1418 1223 1515 1261 nulla
1531 1223 1636 1273 plane
1653 1224 1695 1262 fit
1713 1225 1916 1265 auctoritas.
1973 1229 2101 1268 Tanto
2121 1232 2243 1270 minus
2267 1236 2346 1284 quis
2367 1236 2457 1281 erit,

313 1282 420 1319 nitur.
1418 1286 1532 1324 quem
1567 1283 1718 1334 moveat
1756 1275 1970 1322 Hackiana,
1997 1290 2090 1329 quae
2127 1293 2175 1320 ne
2205 1283 2276 1322 hoc
2302 1285 2454 1336 quidem

371 1345 401 1369 ι.
432 1331 583 1381 Vocare]
614 1328 817 1374 Vocare‚ad
840 1339 996 1365 coenam
1018 1338 1151 1365 vocare
1174 1326 1235 1366 est.
1249 1326 1347 1364 Nam
1420 1326 1508 1364 loco
1534 1353 1547 1371 ,
1580 1335 1621 1364 ut
1649 1328 1915 1367 vitiofiffimum
1949 1330 2124 1380 quodque
2158 1334 2248 1372 illius
2277 1337 2458 1376 Editionis

312 1382 406 1422 infra
425 1383 560 1420 scribit:
591 1381 854 1420 eoncedendum
868 1381 949 1430 juffl
976 1380 1225 1423 invitationes,
1262 1387 1350 1427 quas
1420 1387 1626 1426 numquam
1647 1389 1726 1416 non
1747 1380 1977 1428 propagavit,
2004 1383 2048 1419 ab
2075 1383 2130 1420 illa
2162 1384 2320 1426 discedit.
2370 1387 2459 1427 Me-

314 1432 480 1472 Catullus
503 1433 692 1471 vocationes
713 1431 917 1481 appellavit.
1418 1427 1484 1466 lius
1503 1428 1586 1465 sane
1609 1437 1776 1467 veterum
1802 1431 1930 1480 pariter
1950 1443 1991 1469 ac
2004 1434 2193 1482 juniorum
2210 1438 2287 1475 fere
2310 1449 2457 1486 omneS.

311 1478 313 1481 ·
1420 1486 1461 1516 ut
1482 1479 1594 1516 etiam
1615 1479 1769 1518 Doctiff.
1798 1479 1999 1520 Schefferus
2028 1484 2099 1531 jam
2132 1486 2354 1534 observavit,
2382 1503 2459 1527 con-

668 1543 708 1570 at
731 1532 795 1570 mei
809 1531 944 1579 stadales
1421 1529 1732 1586 cedendum-julii
1770 1532 2012 1572 invitationes.
2076 1535 2159 1574 Nec
2191 1538 2376 1579 inufitatus
2409 1542 2459 1580 est

442 1584 622 1637 Qarunt
649 1585 685 1621 in
713 1584 831 1621 triviis
857 1581 1060 1621 vocationes.
1425 1580 1561 1618 Nostro
1599 1580 1701 1619 hacce
1729 1582 1906 1631 loquendi
1938 1584 2081 1623 modus.
2121 1586 2229 1637 Epist.
2263 1590 2384 1630 LX11.
2421 1603 2461 1631 n.

1423 1629 1705 1670 distribuendum
1726 1632 1816 1671 inter
1841 1634 2031 1673 decuriones
2057 1640 2264 1685 pecuniam.
2288 1642 2348 1681 ubi
2373 1651 2460 1681 ante

317 1689 374 1729 11>
389 1700 467 1728 EM.
518 1686 595 1734 Qui
613 1686 815 1724 invitabant
833 1683 878 1722 ad
895 1694 1049 1721 coenam
1064 1709 1074 1727 ,
1102 1694 1278 1720 vocatores
1299 1680 1354 1719 di-
1424 1694 1493 1720 nos
1512 1682 1547 1720 in
1571 1682 1720 1730 vulgatis
1751 1684 1931 1724 exciderat
1956 1686 2011 1724 illa
2044 1691 2241 1737 elegantia,
2270 1703 2382 1742 quam
2411 1704 2459 1732 ex

314 1742 492 1779 cebantur
509 1764 520 1782 ,
546 1745 586 1774 ut
617 1747 664 1774 ex
691 1737 812 1773 multis
843 1734 967 1773 videre
1000 1734 1048 1771 est
1079 1735 1174 1782 apud
1198 1734 1354 1771 Plinium
1427 1732 1662 1772 vetustiffimis
1685 1734 1855 1774 Secundo
1887 1735 2116 1776 reddidimus.
2140 1740 2188 1778 ibi
2213 1742 2320 1787 vide,
2349 1743 2388 1782 ὅ(
2413 1743 2460 1782 ad

318 1793 510 1842 Majorem
541 1787 633 1825 Hist.
662 1788 746 1825 Nat.
774 1786 854 1825 Lib.
881 1786 1039 1824 XXXV.
1064 1795 1142 1833 cap.
1172 1785 1216 1821 X.
1246 1785 1358 1821 Sene·
1427 1783 1538 1833 Epist.
1564 1782 1703 1823 CXIV.
1731 1783 1832 1825 Voff.
1861 1786 1943 1825 MS.
1969 1789 2006 1826 &
2037 1790 2153 1838 prima
2189 1792 2257 1833 Ed.
2282 1793 2368 1832 nihil
2393 1805 2462 1833 nos

320 1854 405 1882 cam
431 1841 494 1879 ΙΙΙ.
525 1838 641 1876 deira
664 1849 744 1887 cap.
773 1836 967 1875 XXXVlI.
993 1835 1252 1885 Tranquillum
1273 1834 1356 1872 Cal·
1428 1842 1615 1879 moratur,
1643 1835 1794 1885 quando
1816 1837 2004 1877 exhibent:
2034 1843 2281 1882 concedendum
2294 1845 2371 1896 iuffi
2391 1845 2461 1884 im·

317 1893 378 1942 lig.
405 1903 483 1941 cap.
509 1889 683 1927 XXXIX.
710 1889 757 1926 Et
781 1889 962 1925 convivae
984 1887 1124 1929 vocati,
1156 1886 1256 1924 idem
1276 1884 1360 1923 Cal·
1430 1885 1676 1931 mutationes,
1712 1898 1822 1937 quarn
1856 1889 2021 1928 ultimam
2055 1903 2203 1930 vocem·
2220 1905 2331 1943 quam
2362 1895 2464 1936 facile

315 1943 377 1993 lig.
413 1954 490 1993 cap.
517 1939 694 1978 XXXVI.
730 1940 808 1978 Tit.
842 1950 918 1987 cap.
948 1938 1012 1974 Vl.
1041 1937 1174 1975 Noster
1201 1936 1280 1974 Lib.
1307 1936 1360 1973 V.
1431 1938 1508 1975 rudi
1527 1936 1669 1976 librario
1691 1950 1736 1976 ex
1755 1939 1980 1978 invitationes
2008 1944 2253 1984 transformari
2282 1947 2462 1994 potuerit,

324 1994 437 2044 Epist.
469 1991 573 2031 XVI.
610 2002 648 2029 n.
682 1992 720 2030 6.
754 1991 901 2029 Graecis
929 1995 1258 2026 KEKAHMENffl.
1310 1986 1361 2028 D.
1430 1988 1607 2037 quilibet,
1630 1989 1694 2039 qui
1713 1990 1799 2029 illud
1816 2001 1930 2039 genus
1948 1992 2142 2032 hominum
2167 1998 2337 2042 noverit,
2361 1997 2464 2037 facile

323 2046 446 2084 Lucas
476 2054 553 2091 cap.
590 2042 695 2080 XIV.
732 2053 872 2079 comm.
902 2051 934 2086 7.
962 2039 1060 2089 seqq⁶
1086 2041 1124 2077 &
1149 2039 1197 2076 D.
1223 2038 1361 2077 Paullus
1431 2040 1613 2088 agnoscet.
1658 2041 1761 2080 Tota
1783 2043 1883 2080 enim
1901 2042 2058 2092 Epistola
2075 2044 2120 2084 de
2141 2048 2397 2088 vocationibus
2417 2048 2463 2088 ad

326 2108 361 2137 1.
386 2095 432 2133 ad
451 2095 593 2132 Corint.
621 2093 667 2130 X.
694 2104 834 2129 comm.
861 2103 921 2136 27.
950 2092 1055 2127 Lon
1072 2101 1164 2127 Gor.
1180 2101 1270 2127 rus.
1432 2101 1587 2129 coenam
1609 2118 1619 2133 ,
1657 2090 1730 2129 hoc
1758 2092 1806 2130 est
1827 2119 1838 2137 ‚
1878 2092 1924 2131 de
1950 2095 2223 2136 invitationibus
2248 2101 2331 2146 agit.
2382 2099 2465 2139 Nec

376 2158 412 2184 2.
441 2142 700 2183 Celebrandum
726 2143 741 2194 ]
778 2142 864 2179 Ulla
905 2141 1108 2178 celebritate
1147 2141 1186 2177 ὅ(
1226 2151 1360 2188 pompa
1432 2150 1556 2178 tamen
1576 2151 1700 2188 nego,
1725 2142 1774 2180 ita
1790 2154 1947 2181 omnem
1965 2144 2208 2188 difficultatem
2236 2147 2308 2188 effe
2326 2149 2464 2200 supera-

327 2195 526 2246 agendum.
550 2193 728 2232 celebrare
750 2194 798 2231 est
817 2193 1011 2230 solenniter
1041 2201 1219 2239 peragere.
1247 2192 1286 2228 &
1303 2202 1362 2228 ce·
1435 2199 1525 2229 tam.
1577 2190 1668 2229 Sane
1688 2192 1779 2232 haec
1797 2193 1908 2232 lectio
1929 2206 2006 2233 non
2027 2196 2120 2237 bene
2139 2199 2283 2238 videtur
2303 2212 2386 2240 cum
2410 2212 2464 2239 re-

327 2248 461 2287 lebrata
481 2257 548 2296 pro
567 2245 725 2282 solennia
747 2246 785 2282 ὃ(
805 2243 890 2291 iusta
904 2270 914 2285 ,
941 2242 1058 2292 posuit
1079 2242 1189 2280 Mart.
1216 2239 1281 2279 IX.
1307 2246 1362 2277 In-
1433 2242 1538 2292 liquis
1554 2241 1760 2282 cohaerere.
1814 2245 1855 2282 ln
1874 2253 2015 2284 tantum
2039 2259 2150 2298 ergo,
2177 2259 2355 2300 quantum
2374 2251 2464 2290 adti-

320 2297 456 2350 scripfit
489 2297 622 2335 tumulo
646 2295 776 2345 septem
806 2295 981 2332 celebrata
1011 2294 1169 2331 virorum
1196 2297 1235 2329 Se
1255 2290 1366 2341 feciffe
1435 2302 1496 2332 net
1519 2291 1673 2331 Doctiff.
1700 2294 1872 2333 Schefferi
1893 2299 2136 2338 mutationem
2165 2301 2315 2353 vovjuffi
2330 2304 2366 2340 in
2378 2303 2460 2352 jm,

327 2350 425 2387 Cloe'.
453 2347 523 2386 Οι-
539 2359 646 2385 τΑΝ.
675 2346 807 2383 Noster
836 2345 937 2393 supra
959 2345 1069 2392 Epist.
1098 2342 1201 2381 Clll·
1227 2342 1364 2386 Diem,
1436 2355 1513 2382 non
1533 2344 1726 2393 improbo,
1756 2357 1841 2383 cum
1864 2359 1909 2384 ex
1936 2351 2152 2397 repetitione
2183 2355 2306 2391 tertiae
2334 2351 2465 2389 vocalis

328 2399 367 2440 in
389 2412 489 2451 quem
510 2397 623 2437 tutela
639 2398 770 2445 generis
790 2395 939 2432 humani
959 2395 1149 2443 seliciffima
1171 2391 1366 2443 fitcceffione
1437 2395 1464 2433 I.
1489 2407 1534 2433 ex
1566 2395 1814 2442 invitationes,
1840 2399 1946 2447 quale
1964 2402 2107 2449 saepius
2137 2401 2462 2452 deprehendimus,

333 2453 510 2502 translata
550 2448 593 2493 est
614 2475 626 2492 ,
663 2447 782 2485 debita
808 2447 962 2496 religione
1001 2445 1270 2484 celebravimus.
1297 2445 1364 2482 alii.
1435 2446 1539 2484 facile
1561 2446 1657 2495 gigni
1678 2449 1837 2496 potuerit
1847 2449 1946 2498 juffi',
1974 2451 2092 2490 modo
2112 2462 2230 2493 cetera
2259 2454 2351 2491 bene
2371 2462 2460 2489 con-

334 2501 426 2540 Huc
453 2510 579 2539 tamen
611 2500 648 2536 in
676 2499 797 2547 primis
825 2497 910 2535 facit
927 2497 1119 2535 Suetonius
1138 2495 1262 2544 Callig.
1289 2506 1366 2544 cap.
1434 2498 1610 2535 venirent.
1638 2497 1748 2543 Erat,
1774 2509 1859 2537 cum
1882 2501 2101 2548 conjicerem
2122 2503 2181 2552 effe
2197 2514 2262 2553 pro
2273 2501 2369 2552 juffi,
2395 2500 2456 2540 sed

332 2552 463 2590 XLV.
489 2559 578 2589 extr.
604 2548 839 2599 intempestiva
859 2549 1028 2586 convivia
1049 2547 1176 2586 circum
1206 2557 1248 2585 ω·
1271 2545 1365 2584 thea-
1437 2548 1632 2587 violentior
1650 2549 1769 2597 paullo
1789 2550 1880 2588 haec
1901 2551 2044 2590 videtur
2068 2555 2187 2592 leeiio.
2237 2553 2387 2601 Optime
2407 2553 2459 2589 sa-

337 2615 399 2644 tra
421 2612 465 2643 eo·
481 2614 634 2639 amoenos
643 2600 777 2649 seceſjus
797 2598 1030 2638 celebrarent.
1437 2611 1484 2637 ne
1506 2627 1516 2644 ,
1543 2599 1566 2636 si
1585 2606 1683 2636 tanta
1704 2600 1782 2649 ejtts
1804 2600 2016 2641 auctoritas.
2042 2600 2256 2652 expediviffe
2276 2613 2351 2639 rem
2373 2612 2460 2639 cen-

395 2665 430 2704 3.
459 2659 541 2691 Non
557 2651 791 2698 imprudenter
812 2649 827 2699 ]
858 2650 993 2687 Frustra
1012 2651 1074 2688 has
1098 2649 1183 2688 duas
1200 2658 1311 2686 voces
1330 2647 1367 2685 in
1435 2650 1496 2687 seo
1530 2649 1715 2692 Iuntinam
1731 2676 1743 2694 ‚
1769 2661 1864 2700 quae
1894 2653 2143 2691 concedendum
2169 2651 2248 2702 ipfis
2274 2651 2459 2690 invitatio-

337 2705 424 2744 MS.
451 2706 488 2742 ὅ(
506 2702 684 2741 veteribus
705 2700 930 2739 Editionibus
948 2701 1186 2751 quaesiveris,
1208 2700 1342 2748 primus
1357 2726 1366 2743 ,
1438 2713 1494 2739 nes
1518 2700 1685 2750 praefert.
1711 2703 1739 2738 L
1751 2714 1776 2738 o
1790 2714 1812 2738 Ν
1828 2713 1853 2739 G
1868 2713 1893 2739 o
1906 2715 1926 2740 ι
1940 2715 1952 2739 r
1966 2716 1988 2740 υ
2001 2716 2031 2739 s.

340 2754 446 2806 quod
469 2764 541 2803 ego
560 2761 791 2801 compertum
822 2751 962 2796 habeo,
989 2750 1127 2790 intrusit
1161 2750 1370 2799 Gryphius‚
1490 2764 1525 2799 ς.
1554 2756 1603 2789 Et
1628 2753 1666 2789 in
1686 2751 1865 2801 speciem]
1903 2751 2067 2791 Eandem
2107 2752 2332 2792 locutionem
2368 2751 2460 2790 libro

343 2817 452 2855 quem
488 2806 708 2843 recentiores
737 2813 867 2840 omnes
894 2803 1003 2842 secuti
1031 2802 1122 2841 sunt.
1184 2800 1365 2851 Equidem
1439 2802 1560 2850 primo
1601 2801 1644 2838 ad
1685 2802 1914 2839 Saturninum
1955 2802 2153 2850 usurpavit,
2180 2817 2221 2841 ne
2249 2818 2378 2854 quam,
2403 2803 2459 2840 in·

343 2857 489 2900 nescio,
516 2855 612 2893 unde
638 2853 699 2892 iste
723 2855 902 2901 acceperit
919 2882 930 2899 ‚
967 2852 1149 2903 ideoque,
1179 2861 1217 2891 ut
1246 2852 1368 2889 mitius
1403 2861 1405 2888 ἢ
1439 2853 1590 2900 quiens,
1617 2852 1653 2889 in
1668 2850 1822 2899 speciem
1842 2850 2038 2889 ambitionis
2062 2851 2285 2893 inciderem:
2311 2855 2374 2894 hic
2396 2864 2462 2892 ve-

347 2905 537 2948 elicerem,
563 2905 665 2944 uncis
683 2904 827 2950 inclusi,
855 2903 985 2948 νοθείας
1003 2914 1103 2943 nota.
1138 2904 1246 2943 Salvo
1268 2903 1367 2941 enim
1438 2914 1481 2940 ro
1508 2904 1545 2941 in
1574 2902 1753 2949 speciem,
1783 2902 1821 2938 &
1853 2901 1997 2940 reliqua.
2026 2902 2273 2956 Diamoeries.]
2305 2905 2460 2945 Divisio·

347 2954 448 2993 sensu
468 2954 583 2993 abeffe
603 2955 759 3005 possunt.
1438 2954 1513 2996 nis,
1540 2951 1706 2990 faetionis
1728 2964 1737 2987 :
1773 2949 1840 3006 nisi
1866 2948 1979 2994 fallor
2001 2978 2012 2994 ,
2047 2952 2163 2999 inquit
2198 2957 2460 2997 Tertullianus,

399 3016 435 3052 4.
461 3006 722 3043 eoncedendum
739 3005 825 3054 juffi
842 3006 1080 3055 invitationi.]
1117 3005 1222 3044 Aliae
1245 3003 1372 3043 editio·
1432 3003 1724 3052 prohibendarum
1737 3001 1932 3046 factionum
1951 3005 2049 3051 causa
2081 3005 2122 3042 de
2145 3008 2368 3055 providentia
2383 3016 2460 3048 eon-

346 3066 413 3096 nes
432 3055 677 3095 concedendum
692 3056 774 3105 juffi
792 3057 1049 3102 invitationes‚·
1076 3064 1248 3096 neutmm
1259 3055 1374 3099 recte,
1430 3052 1504 3099 stat
1523 3049 1849 3103 modestiapuflkffi
1877 3063 1963 3104 quae
1982 3052 2121 3095 illicitas
2145 3058 2311 3104 faotiones
2336 3060 2457 3138 tima,
