2616 3686
927 169 1772 219 EX'CERPTA.

201 303 316 330 .......·
321 315 387 327 --
414 294 479 334 ult.
503 288 690 341 accufitret)
709 289 757 328 ita
779 285 827 327 A.
1345 280 1383 319 P.
1409 279 1495 327 468.
1522 281 1546 320 1.
1575 292 1596 318 2
1637 281 1810 329 cogitares)
1838 283 1883 321 ita
1904 284 1952 321 A.
1971 283 2010 322 B.
2033 287 2061 335 J.
2175 323 2179 327 ,

200 348 248 391 P.
277 347 369 399 448.
403 348 439 387 1.·
459 357 495 386 1.
523 332 636 388 κατά
668 336 902 386 κεφάλαια)
957 332 1180 382 κεφάλαιον
1210 331 1264 373 A.
1344 330 1382 369 Ρ.
1407 331 1546 389 459.·1.
1579 341 1611 387 3.
1638 343 1734 378 cujus
1759 333 1796 372 in
1817 331 1898 384 fimi
1934 336 1971 380 st
2010 329 2085 373 ciem
2124 337 2274 373 niaxime
2304 345 2430 383 portua

200 420 428 433 ...---
454 408 489 444 4.
513 394 752 443 indicabatur)
778 394 829 437 ita
849 389 935 440 A.J.
1396 387 1512 431 Hujus
1526 378 1720 438 finistrum)
1754 382 1849 420 delet
1876 381 1916 421 B.
1949 383 2026 421 sed:
2056 387 2148 435 cujus
2179 386 2213 422 in
2234 386 2313 436 finis
2342 389 2431 432 ysaie.

365 471 426 479 „-
455 451 490 487 6⁸
515 446 648 494 recessit)
676 441 799 492 req-cffit
819 443 868 481 A·
1397 444 1473 469 cum
1494 444 1648 487 maxmqo
1661 440 1779 486 portus
1802 431 1902 481 hujus
1914 432 2092 483 stnistrum
2112 436 2159 472 A.
2185 436 2280 481 cujus
2299 430 2341 472 in
2360 443 2432 480 lma

236 522 386 538 ,,,-,,.,,
414 498 476 536 ult,
502 496 807 545 intercideratque)
832 489 1070 539 incideratque
1081 486 1172 539 A.J.
1387 483 1673 533 figura‚maxtmi
1690 491 1819 531 portus.
1868 485 1981 532 Hujus
2006 484 2183 534 sinistrum
2207 486 2238 536 J.

122 575 127 581 ,
196 551 241 593 R
266 562 353 600 449·
378 552 401 589 1·
427 558 464 588 ,δ’
486 546 696 599 perrogavit)
713 542 912 595 prorogavit
933 541 981 578 A,
1345 533 1385 571 P.
1413 546 1500 581 470.
1524 534 1548 572 1.
1575 545 1608 570 2.
1633 536 1834 583 tutumque)
1867 535 2067 585 circumque
2081 537 2122 573 A.

199 624 315 636 --
342 600 478 649 penult.
504 598 636 646 Neque
659 607 756 634 emm
776 597 870 637 tam)
899 603 1012 643 quam
1034 602 1114 630 non
1143 600 1219 629 tam
1239 591 1270 641 J.
1367 626 1370 627 γ
1509 607 1572 640 —7
1603 583 1915 640 53construuntur.
1942 584 2208 634 Emmentiam)
2242 584 2436 635 construun-

206 652 249 690 P.
269 661 356 697 450.
377 652 400 688 l.
431 662 463 688 1.
491 647 638 695 Triario)
666 651 817 698 Trajano
846 643 939 732 13.ss1.
1399 646 1458 673 tur
1479 642 1678 677 emmenua
1693 637 1743 673 A.

201 703 245 740 P.
272 713 359 749 451.
381 701 407 741 1.
432 711 463 739 ι,
489 698 662 747 ingenium
683 725 694 742 ‚
729 700 785 743 ut)
813 695 891 734 omi
921 704 945 732 o
966 692 1009 733 esi
1028 692 1077 730 A.
1098 691 1140 730 B.
1160 693 1194 742 J.
1347 707 1457 719 ---—
1602 685 1666 722 u1t.
1693 686 1907 735 canumque)
1936 693 2145 736 tantumque
2164 684 2210 723 A.

203 752 245 790 Ρ.
272 763 357 800 452.
381 750 405 789 l.
430 749 466 787 6.
490 748 753 796 judicaturum)
779 746 1020 784 indicaturum
1050 743 1100 781 A.
1372 770 1375 774 .
1499 775 1501 777 ,
1649 736 1881 786 adjiciuntur)
1908 736 2118 787 adjicientur
2146 738 2194 774 A.
2213 735 2252 773 Β.
2274 736 2307 785 J.

206 821 387 833 —-—-
413 800 476 840 ult.
495 798 664 849 peregiffe)
689 800 737 837 ita
757 797 806 837 A.
826 797 868 835 B.
896 797 928 847 J.
1349 787 1389 825 P.
1415 796 1509 836 473.
1530 786 1551 824 Ι.
1582 797 1614 835 3.
1642 790 1758 836 Num)
1786 787 1833 825 ita
1859 790 1898 824 Β.
1941 816 1947 822 .

204 853 245 891 Ρ.
270 861 358 900 453.
380 851 405 890 l.
433 863 468 898 ς.
492 848 746 902 quadraginta)
773 848 821 886 ita
845 846 893 884 A.
913 845 953 883 B.
966 845 996 895 J.
1352 859 1536 869 ——-———
1566 850 1600 885 ς.
1631 839 1759 893 Actia)
1786 836 1894 875 Attia
1953 865 1962 874 .

204 901 245 942 Ρ.
263 911 354 949 454.
379 901 404 940 1.
430 900 466 938 8.
493 902 599 940 etiam
618 899 778 949 disertus)
801 896 945 936 disertus
964 895 1074 934 etiam
1094 893 1143 932 A.
1352 885 1391 926 P.
1417 898 1503 935 474.
1528 887 1550 925 1.
1581 898 1616 925 2.
1643 887 1862 944 colliguntur)
1891 887 2151 935 conscribuntur
2172 887 2217 924 A.
2234 886 2273 923 B.
2295 887 2327 935 J.

363 975 432 981 —
448 963 507 990 11.
530 951 670 1002 tibique)
691 949 752 988 tibi
779 947 918 999 quidem
942 947 990 984 A.
1013 945 1051 983 Β.
1070 945 1103 994 J.
1353 958 1538 969 -——
1569 949 1604 988 3.
1630 939 1941 985 circumstantium)
1963 937 2216 987 praestantium
2244 936 2339 974 ΑΒ.
2359 935 2390 985 J.

207 996 249 1040 P·
272 1001 359 1051 456.
383 1003 408 1041 l.
437 1014 470 1041 1.
493 1002 649 1040 Scribam
664 1010 804 1044 tamen,
830 997 1005 1048 vel,quod
1026 995 1151 1038 malo,
1177 1001 1300 1030 coram
1353 1009 1468 1020 ———
1585 1011 1601 1018 -
1626 986 1844 1036 latiffimum)
1872 988 2143 1038 laudaziffimum
2164 988 2203 1026 B.
2232 989 2262 1038 J.

222 1052 433 1104 ,indicabo)
460 1053 614 1095 Scribam
641 1062 756 1092 tamen
789 1049 846 1088 vel
875 1048 964 1099 quod
996 1045 1146 1087 sentiam
1178 1054 1302 1081 coram
1356 1061 1538 1073 -—--—-
1565 1041 1600 1079 6.
1626 1040 1716 1089 quod
1736 1039 1883 1087 difficile)
1913 1040 2045 1078 omiflo
2066 1052 2142 1078 erat
2164 1041 2206 1076 A.
2227 1038 2268 1076 B.
2289 1037 2321 1089 J.

254 1103 414 1142 indicabo
439 1104 471 1154 J.
498 1104 653 1143 Scribam
685 1112 802 1141 tamen
820 1099 891 1146 vel,
921 1097 1010 1150 quod
1032 1096 1147 1142 malo,
1168 1093 1303 1133 indica·
1354 1091 1395 1130 P.
1419 1101 1508 1140 475.
1533 1092 1556 1130 l.
1586 1101 1622 1140 3.
1649 1090 1738 1140 quod
1764 1103 1830 1127 non
1850 1090 1960 1140 casus)
1987 1092 2035 1129 ita
2048 1091 2132 1128 AB
2155 1091 2186 1140 J.

224 1184 225 1187 ,
263 1152 306 1192 bo
323 1153 366 1194 B.
721 1191 725 1195 ⁴
1355 1157 1557 1170 —·—-·——-
1584 1156 1620 1188 4.
1646 1141 1844 1184 Suberinus)
1869 1141 1919 1179 ita
1941 1142 1988 1179 A.
2005 1141 2044 1178 B.
2056 1142 2086 1192 J

208 1219 405 1234 ———·
434 1212 469 1250 3.
485 1201 650 1252 suadere)
676 1199 775 1239 debeo
793 1198 843 1238 A.
1356 1214 1556 1225 -—-—-
1586 1205 1619 1240 ς.
1637 1191 1710 1241 sui)
1741 1193 1788 1229 ita
1803 1190 1842 1229 B.
1860 1191 1920 1230 sed
1931 1192 2006 1242 suis
2034 1194 2070 1229 A
2101 1192 2161 1238 fui
2183 1191 2218 1242 J.

433 1263 468 1299 7.
495 1253 677 1299 cernerem')
704 1260 850 1290 cerneret
876 1250 924 1287 A.
942 1251 974 1300 J.
1356 1243 1395 1282 P.
1422 1243 1508 1290 476.
1533 1244 1556 1282 l.
1583 1253 1619 1290 4.
1646 1241 1938 1292 centumvirale)
1984 1241 2275 1281 centumuiralem
2310 1240 2359 1277 A.
2404 1239 2446 1278 B.

417 1304 482 1345 ult.
500 1304 570 1343 alio
586 1303 710 1353 magis)
736 1300 870 1340 omiffo
889 1301 987 1338 modo
1018 1298 1057 1336 Β.
1079 1301 1112 1350 J.
1408 1295 1441 1345 J.
1763 1292 1769 1305 ⁸
2201 1334 2207 1342 1

211 1354 255 1396 P.
279 1366 367 1409 457.
393 1357 418 1395 1.
443 1366 480 1403 9.
499 1357 616 1405 parte)
641 1363 756 1404 partes
776 1353 823 1392 A.
852 1350 893 1389 B.
917 1352 952 1402 J.
1358 1366 1543 1376 ————-
1571 1344 1606 1382 8.
1630 1344 1863 1394 praecipuam)
1893 1345 2067 1383 omittunt
2087 1343 2135 1382 A.
2154 1342 2194 1381 B.
2226 1343 2258 1393 J.

210 1405 257 1449 P.
281 1407 373 1459 458.
396 1408 423 1447 l.
446 1417 482 1446 2.
506 1416 578 1457 qua
598 1405 841 1448 urbanarum,
867 1412 939 1452 qua
959 1400 1164 1448 rusticarum
1191 1398 1239 1436 ita
1258 1396 1308 1439 A.
1358 1395 1397 1433 P.
1422 1393 1509 1443 477.
1535 1396 1560 1434 l.
1594 1409 1627 1445 ς.
1653 1404 1713 1434 aut
1732 1399 1825 1446 opus)
1853 1403 1927 1433 ate
1949 1406 2026 1445 opus
2048 1395 2083 1431 Β.
2108 1395 2137 1442 J.

231 1491 237 1496 ·
263 1458 308 1495 Β·
336 1458 369 1506 J·
1589 1467 1602 1474 ·
1630 1457 1694 1484 aut
1695 1446 1927 1495 spectaculum
1938 1457 2042 1497 atque
2053 1445 2110 1482 hoc
2122 1440 2446 1495 potffmum,qieo:ly

439 1516 475 1553 4.
498 1505 567 1555 ita)
589 1506 652 1557 ista
667 1507 713 1544 A.
1412 1497 1587 1535 omittunt
1607 1497 1654 1534 A.
1676 1495 1714 1534 B.
1724 1497 1755 1541 J.

217 1558 260 1597 Ρ.
283 1568 368 1608 459.
390 1558 416 1596 1.
443 1568 477 1595 2.
499 1559 683 1606 praecipere
703 1556 862 1604 solitum)
886 1553 1068 1604 praecipere
1093 1551 1225 1588 solebat
1251 1551 1284 1600 J.
1476 1568 1560 1575 ---
1587 1547 1622 1584 6.
1638 1547 1777 1596 funeri)
1802 1547 1945 1590 funebre
1965 1545 2011 1583 A.
2028 1545 2067 1582 Β,
2084 1545 2116 1592 J.

441 1607 476 1644 6.
503 1608 657 1653 referret)
688 1608 736 1643 ita
763 1607 810 1643 A.
1375 1617 1617 1628 —-—--—
1643 1597 1831 1645 rogabaris.
1860 1595 2029 1647 rogaberis
2042 1596 2089 1633 A.

222 1673 335 1684 —
463 1667 502 1703 9.
524 1655 561 1692 id
579 1655 652 1700 est,
677 1656 776 1692 suam
799 1651 967 1691 cauffam.
1019 1651 1101 1688 Hos
1123 1650 1312 1693 terminos,
1365 1669 1562 1677 —--—-
1591 1658 1631 1693 7.,
1651 1647 1787 1695 egregie)
1819 1648 1866 1685 ita
1897 1651 1941 1686 A.
1961 1645 2042 1691 B.J.

273 1708 356 1755 quia
387 1717 449 1744 me
471 1704 695 1748 consuluisti,
721 1704 886 1752 dignitati
914 1715 955 1739 ac
982 1702 1205 1738 verecundiae
1234 1712 1313 1737 inae
1364 1697 1402 1733 P.
1431 1707 1520 1745 479.
1545 1698 1568 1734 1.
1593 1708 1627 1734 2.
1655 1696 1811 1743 Gemino)
1836 1698 1884 1733 ita
1906 1697 1946 1735 B.
1973 1697 2128 1741 Geinimio
2153 1696 2196 1733 A.
2215 1698 2246 1746 J.

268 1758 402 1807 statuo)
430 1755 527 1795 idem
547 1754 711 1803 dignitati
729 1765 769 1790 ac
791 1753 1016 1791 verecundiae
1036 1763 1115 1789 tuae
1128 1751 1244 1798 statuo
1265 1752 1313 1787 A.
1363 1747 1402 1786 P.
1428 1747 1516 1793 480.
1539 1747 1562 1784 l.
1591 1758 1626 1784 2..
1651 1747 1753 1792 detis)
1779 1747 1887 1796 dtfint
1911 1749 1954 1783 A.
1976 1748 2058 1783 dent
2080 1746 2106 1783 Β
2150 1747 2179 1795 ].

276 1806 316 1844 Β.
341 1808 373 1856 J.
1484 1818 1610 1833 ——-
1640 1797 1825 1847 sciatisque
1849 1798 1874 1836 fi
1896 1797 2070 1845 dederint)
2099 1797 2283 1845 sciatisque
2307 1792 2331 1831 fi
2353 1795 2452 1832 dede-

224 1859 268 1898 P.
291 1858 377 1904 460.
405 1857 429 1895 1.
458 1866 489 1895 1-
514 1855 578 1894 sed
609 1866 654 1894 v·
686 1853 795 1898 illud,
821 1854 910 1904 quod
940 1854 1001 1891 vel
1029 1852 1226 1895 Pollionis,
1254 1851 1313 1888 vel
1417 1848 1495 1886 ritis
1515 1847 1560 1885 A.

281 1915 468 1953 tamquam
490 1904 662 1944 Pollionis
677 1905 796 1955 accepi,
823 1902 1027 1952 veriffimum
1055 1903 1226 1951 experior)
1253 1902 1317 1938 Sed
1367 1897 1405 1937 P.
1430 1899 1517 1945 481.
1549 1899 1570 1937 l.
1598 1909 1635 1935 2.
1661 1897 1910 1948 adstringerer,
1937 1910 2020 1936 cum
2043 1909 2104 1935 nte
2127 1896 2190 1933 hac
2210 1894 2338 1946 epitola
2359 1892 2456 1944 qufi

277 1966 320 1995 (9¹
340 1955 429 1994 illud
447 1955 615 1995 Poliionis
635 1956 723 2004 quoa
744 1955 851 2005 accepi
871 1953 1078 2003 verifflmum
1111 1953 1257 2002 experior
1281 1953 1313 2003 J.
1412 1951 1548 1998 pignore
1567 1949 1825 1996 obligavisiem.
1854 1950 1961 2000 Vale.)
1988 1949 2213 1998 ailfiringerer
2243 1946 2307 1983 hac
2323 1947 2453 1994 epistola

226 2005 268 2045 P.
295 2006 365 2053 461
405 2010 428 2047 l.
459 2017 490 2043 1.
517 2005 688 2054 Maffam)
713 2006 760 2042 ita
783 2007 829 2043 A.
846 2007 880 2056 J.
1413 1999 1512 2050 quasi
1526 2000 1668 2049 pignore.
1698 1999 1784 2037 Vale
1813 2000 1862 2039 A.

227 2069 453 2087 —·-—-—
479 2067 516 2094 2.
539 2056 676 2153 i1s3lem)
703 2055 792 2143 {giem
807 2057 857 2094 A.
1361 2050 1401 2088 P.
1427 2052 1514 2098 482.
1537 2051 1558 2091 1.
1584 2062 1620 2101 3.
1650 2063 1818 2101 quousque
1862 2050 2016 2101 regnabis
2035 2058 2050 2101 )
2104 2049 2279 2087 omittunt
2322 2046 2372 2083 A.
2413 2044 2452 2082 B.

227 2124 450 2143 -·-——-.-
505 2133 514 2144 .
539 2118 576 2145 ut
620 2118 678 2143 nec
700 2132 713 2143 .
740 2133 748 2144 .
1434 2129 1443 2139 .

227 2180 450 2193 ...---,
476 2117 538 2195 {0-
565 2158 790 2205 impetratum
818 2156 894 2206 est)
929 2157 1150 2206 impetratum
1180 2154 1311 2194 omiffo
1362 2151 1401 2195 Ρ.
1426 2149 1514 2202 483.
1538 2151 1562 2191 1.
1595 2163 1626 2189 1.
1651 2152 1690 2190 ob
1712 2152 1787 2200 hoc)
1815 2153 1861 2190 ita
1886 2153 1930 2190 A.
1947 2152 1984 2188 B.
2012 2153 2044 2202 J.

278 2210 379 2261 aefiA
1366 2224 1548 2234 --·-——
1575 2204 1711 2251 penult.
1736 2202 2048 2253 hendecasyllabo.)
2065 2204 2113 2240 ita
2124 2201 2174 2238 A.

392 2279 454 2288 --
481 2267 521 2295 ut
541 2269 583 2295 ea
606 2258 809 2308 potissimum
826 2256 961 2302 iubear,
987 2269 1080 2306 quae
1094 2270 1155 2295 me
1169 2257 1310 2308 deceat)
1363 2252 1402 2291 P·
1430 2253 1515 2300 484.
1542 2252 1564 2290 l·
1596 2266 1626 2290 Ι.
1643 2254 1778 2300 fatcor)
1799 2255 1913 2303 patior
1934 2254 1980 2291 A.

279 2312 415 2350 utinam
432 2307 635 2357 potiffimum
645 2309 844 2358 jubeatque
869 2311 953 2345 Ane
973 2308 1103 2346 doceat
1124 2309 1174 2344 A.
1521 2325 1552 2332 --
1580 2305 1613 2344 6.
1642 2314 1682 2343 ω’
1720 2305 1839 2353 heroo)
1876 2316 1918 2343 ω’
1957 2302 2050 2341 heroe
2091 2301 2142 2338 A.
2184 2311 2226 2339 cf
2264 2297 2367 2335 habeo
2411 2296 2455 2343 Β,

228 2375 456 2398 '--÷—--—.
475 2360 539 2398 ult.
553 2359 696 2408 jubear)
719 2361 767 2397 ita
792 2360 824 2409 J.
1415 2354 1551 2401 thbeoJ.

230 2413 270 2452 P.
296 2413 381 2460 462.
404 2411 430 2450 l.
460 2420 493 2448 1.
519 2410 650 2447 Fabato
670 2409 756 2459 suo)
808 2409 935 2447 Fabato
965 2408 1161 2448 Prosocero
1180 2409 1242 2458 suo
1265 2408 1314 2447 A.
1363 2406 1406 2444 P.
1433 2406 1519 2452 485.
1542 2405 1564 2442 l.
1593 2417 1625 2442 1.
1650 2405 1877 2451 dormiturus)
1903 2404 2155 2441 dormitaturus
2174 2401 2221 2438 A.

279 2463 321 2502 B.
346 2463 378 2512 J.
1586 2456 1649 2493 ult.
1676 2456 1775 2502 dare)
1802 2455 1894 2491 dane
1916 2457 1961 2491 A.
1976 2453 2056 2501 B.J.

229 2528 465 2546 ...μ-ω*
491 2523 527 2558 ς.
551 2519 708 2554 vexata5
737 2509 878 2558 tamen)
904 2518 1062 2551 vexata;
1093 2507 1141 2545 est
1169 2518 1317 2554 tamen,
1367 2507 1408 2543 P.
1435 2504 1521 2551 486.
1548 2507 1569 2543 l.
1601 2519 1632 2551 5.
1657 2505 1770 2543 mala]
1798 2504 1888 2542 maie
1917 2505 1967 2542 A.

282 2561 331 2600 A.
353 2560 395 2600 B.
416 2562 449 2609 J.
1368 2555 1409 2594 P.
1432 2555 1520 2602 487.
1545 2556 1567 2593 1.
1596 2566 1629 2604 3.
1651 2555 1864 2605 facilitate)
1918 2556 1966 2593 ita
2012 2553 2053 2592 B.
2098 2552 2133 2600 J.
2183 2550 2244 2590 scd
2280 2550 2456 2598 facultate

230 2612 272 2654 P.
299 2616 385 2661 463.
411 2612 436 2649 1.
465 2620 499 2658 3.
529 2608 622 2646 nobis
642 2609 705 2654 ibi)
732 2608 895 2658 novifibi
916 2609 963 2649 A.
1426 2607 1476 2644 A.

394 2680 456 2689 ——
473 2660 512 2697 6.
538 2660 646 2708 longe)
673 2658 796 2698 delent
817 2661 913 2698 AB.
932 2661 964 2709 J.
1569 2680 1636 2686 —-
1664 2656 1859 2705 corruptus)
1888 2664 2057 2705 correptus
2084 2652 2123 2691 B.

231 2715 274 2755 P.
299 2713 386 2761 464.
408 2710 431 2749 l.
463 2721 496 2747 1.
520 2709 678 2757 Arillon)
704 2710 751 2747 ita
778 2711 825 2748 A.
848 2709 986 2760 Ariflor
1006 2709 1045 2748 B.
1063 2711 1095 2761 J.
1373 2728 1555 2740 ——-
1581 2707 1644 2746 ult.
1666 2707 1816 2757 gloriose)
1844 2708 1889 2745 ita
1909 2707 1955 2743 A.
1975 2708 2004 2755 J.

235 2788 348 2799 .--
473 2771 510 2797 2.
534 2760 671 2797 innoxie
686 2761 870 2810 popularis)
896 2763 943 2798 ita
963 2761 1007 2797 A.
1028 2761 1067 2798 B.
1089 2763 1117 2809 J.
1373 2758 1412 2795 P.
1439 2757 1524 2803 488.
1547 2758 1570 2796 1.
1598 2766 1766 2805 antepen.
1790 2759 1892 2808 vigil)
1921 2756 2056 2805 vigilem
2078 2755 2121 2792 A.
2151 2753 2190 2791 Β.
2209 2752 2241 2800 J.

236 2837 390 2854 ---
532 2822 574 2850 <5
603 2810 841 2850 diffimiuimis
868 2811 1036 2850 diffimilis
1063 2812 1143 2862 del.)
1171 2820 1213 2850 θ’
1233 2810 1324 2849 ἀὶῐῖῑ-
1372 2808 1416 2846 P.
1441 2808 1528 2858 489.
1547 2809 1584 2845 1..
1610 2809 1748 2857 penult.
1772 2808 1859 2859 dico)
1886 2810 1931 2847 ita
1951 2809 1998 2845 A.
2023 2807 2050 2844 Β
2082 2807 2113 2856 J.

285 2865 486 2907 minimum
510 2862 575 2899 del.
600 2861 647 2900 A.
1376 2859 1417 2897 P.
1443 2871 1527 2907 490.
1553 2860 1577 2898 l.
1608 2871 1639 2897 1.
1667 2863 1836 2907 Magnus)
1872 2859 1917 2897 ita
1944 2859 1987 2895 A.
2007 2857 2035 2894 B
2067 2857 2098 2902 J.

238 2935 460 2951 ...-—--—-
477 2926 513 2959 4.
542 2911 697 2962 Galitta)
724 2912 862 2951 Gallica
886 2912 929 2950 A.
948 2914 980 2964 J.
1377 2929 1578 2940 -——-‘-
1608 2909 1642 2947 8.
1662 2909 1874 2958 provinciae)
1897 2919 1997 2959 prout
2011 2918 2092 2944 ante
2112 2906 2202 2956 AJ.

241 2964 515 3001 .....--6.
538 2963 685 3012 excussis)
713 2963 846 3012 excuffit
874 2965 921 3002 A.
1380 2962 1419 3000 P.
1444 2972 1530 3008 491.
1555 2961 1578 3000 1.
1607 2972 1639 3009 3.
1667 2965 1820 3008 Magnus
1844 2961 1895 2998 A.
1913 2960 1951 2997 B.
1968 2959 2000 3006 J.

243 3016 284 3056 P.
307 3018 394 3062 466.
421 3018 444 3056 l·
473 3026 507 3062 7.
533 3014 743 3065 omitterent)
773 3016 818 3052 ita
851 3016 897 3052 A.
1383 3030 1564 3042 ———
1594 3013 1629 3048 6.
1655 3011 1777 3059 repeto)
1806 3020 1925 3061 repetet
1943 3024 1995 3048 me
2019 3009 2062 3046 A.
2092 3018 2204 3057 reputo
2224 3019 2276 3044 tre
2298 3004 2332 3041 Β,
2358 3006 2390 3052 J.

246 3066 287 3104 P.
311 3069 437 3115 467.1.
472 3078 502 3104 1.
531 3069 568 3101 A
616 3067 708 3112 arte)
736 3070 865 3115 Aperte
898 3066 941 3103 A.
1383 3063 1422 3100 Ρ.
1448 3063 1580 3109 4921.
1620 3074 1652 3099 1-.
1691 3061 1904 3112 submano)
1959 3067 2092 3099 surano
2139 3059 2187 3096 A.
2230 3058 2262 3104 J.
2313 3062 2470 3092 Sumam

396 3141 426 3153 .-
456 3118 521 3157 ult.
546 3127 586 3153 ca
603 3115 740 3165 amnia)
768 3115 1014 3166 calumpniaA
1435 3111 1478 3151 B.

1569 3161 1800 3187 *nattam*
2324 3147 2477 3204 ’Ἐξ-193,
