2616 3686
576 198 622 251 1.
659 178 754 248 I'B
790 168 915 244 ER
989 191 1065 242 11.
1131 193 1176 243 E
1210 194 1372 246 prs
1406 195 1456 244 T
1494 197 1621 247 οι
1658 199 1702 246 A
1767 198 1914 250 xm.

207 299 462 368 quantum
499 285 654 356 potui
695 297 788 365 per
828 289 1053 359 aeta-tem
1090 316 1106 340 ,
1145 276 1440 361 avidiffifne
1475 277 1681 360 contuli
1715 279 1824 359 ,βε
1861 296 2031 346 nuper
2068 280 2132 335 ab
2171 291 2311 355 opti-

708 367 866 407 trium
921 349 1212 403 liberorum
1266 365 1432 418 e1Jus
1471 362 1771 414 1mpetraV1.
1810 351 1957 415 quod
2000 368 2303 424 quanquam

207 382 297 422 mo
345 361 592 430 Principe
639 356 656 381 ·¹

207 443 224 463 ³
311 449 400 487 ree
425 431 477 484 δε
507 445 631 484 cum
660 424 853 482 dilectu
877 422 1056 484 daret,
1096 421 1225 475 mihi
1253 432 1430 475 tamen
1450 460 1464 482 ‚
1506 426 1520 454 ³
1547 419 1998 489 tanquamlicerer
2020 460 2036 484 ,
2073 425 2305 480 indulsit,

202 451 357 562 I-Eaec
373 495 912 557 beneficiameatueri
931 495 1074 548 nullo
1092 493 1487 551 modomelius,
1528 507 1689 563 quam
1705 504 1762 544 ut
1790 507 2039 560 augeam,
2078 495 2302 562 pofl'um,

201 577 506 651 praesertim
528 588 649 626 cum
673 567 779 639 ipse
804 566 887 619 illa
914 579 1020 619 tarn
1051 567 1625 636 grateinterpretetur,
1667 561 1870 617 utdum
1884 565 2062 634 priora
2077 567 2300 634 accipit,

203 649 491 720 posteriora
515 655 790 697 mereatur.
832 637 1016 691 Habes
1044 639 1236 708 quaIiS,
1272 636 1431 708 quam
1456 636 1710 706 probatus
1750 636 2002 704 carusque
2035 635 2094 689 fit
2134 637 2301 693 nobis.
2356 658 2413 691 ιο

206 724 383 794 Quem
399 732 530 786 rogo
557 729 654 783 pro
680 709 932 781 ingeni0,
970 727 1069 780 pro
1094 709 1308 764 fortuna
1335 723 1426 762 tua
1451 725 1698 762 exornes.
1723 707 1962 775 inprimis
1988 724 2102 761 ama
2126 708 2300 764 homi-

204 809 342 849 nem.
390 791 407 816 ⁴
445 788 589 840 Nam
614 784 737 838 licet
763 781 959 835 tribuas
983 783 1031 835 ei
1058 795 1313 852 quantum
1340 779 1717 850 amplissimum
1746 794 1924 850 potes,
1963 781 2090 834 nihil
2121 793 2300 837 tamen

205 862 418 932 amplius
456 871 609 929 potes
631 854 861 908 amicitia
888 867 976 907 tua
1003 871 1016 908 :
1056 855 1204 923 eujus
1239 851 1342 906 effe
1375 869 1500 906 eum
1539 856 1551 882 ⁵
1589 852 1753 923 usque
1782 850 1845 903 ad
1875 851 2117 906 intimam
2151 851 2304 908 fami-

192 935 472 989 liaritatem
509 943 757 999 capacem
785 963 803 989 ‚
853 943 964 996 quo
1001 927 1168 995 magis
1204 925 1358 979 scires
1383 963 1398 987 ‚
1437 923 1671 978 breviter
1711 922 1804 976 tibi
1843 921 2008 978 studia
2038 963 2052 987 ‚
2092 942 2300 991 mores,

200 1019 414 1061 omnem
436 1001 671 1074 denique
695 1000 858 1053 vitam
884 1000 992 1070 ejus
1023 997 1267 1070 expressi.
1343 996 1715 1053 Extenderem
1754 1011 1938 1066 preces
1969 1035 1985 1059 ,
2024 996 2117 1051 nisi
2156 999 2210 1051 &
2237 1012 2292 1053 tu

166 1225 171 1230 '
194 1223 298 1253 Ceus:
328 1211 498 1264 Equidem
519 1211 658 1250 iuvenis
675 1211 800 1249 iuveni
821 1239 832 1254 ,
860 1222 1036 1261 quantum
1060 1220 1123 1262 per
1154 1224 1212 1249 ae-

195 1274 306 1302 tatem
321 1291 332 1308 ‚
358 1262 549 1311 avidissime
572 1262 727 1307 contuli,
756 1262 905 1299 exclulis
929 1264 1078 1301 vocibus
1084 1262 1208 1307 statim

195 1315 234 1353 &
250 1313 356 1364 potui.
408 1314 498 1351 Mea
520 1313 692 1352 sententia
717 1310 753 1346 τὶ
770 1311 898 1358 statim
922 1313 1020 1350 recte
1034 1315 1212 1362 expungi-

193 1373 275 1409 tur,
298 1365 395 1414 potus·
417 1374 541 1402 autem
562 1365 656 1401 bene
679 1362 844 1400 servatur.
900 1363 981 1400 Lib.
1006 1363 1073 1401 III.
1104 1363 1210 1413 Epist.

195 1415 260 1452 XI.
284 1426 316 1451 n.
342 1428 372 1463 ς.
399 1417 593 1463 Qantum
617 1414 757 1451 licitum
781 1412 828 1450 est
845 1421 906 1462 per
928 1425 1092 1452 aetatem.
1130 1415 1210 1452 Lib.

194 1466 223 1503 Ι.
247 1463 353 1512 Epist.
377 1465 482 1501 XIV.
501 1477 536 1501 n.
560 1477 591 1514 3.
644 1463 716 1510 Qci
736 1476 790 1499 me
810 1474 852 1498 ut
876 1464 1015 1500 iuvenis
1038 1465 1210 1502 iuvenem

187 1513 460 1563 familiariffime
495 1514 618 1562 diligit.
670 1513 751 1550 Lib.
775 1511 838 1548 IX.
862 1511 969 1559 Epist.
994 1513 1098 1550 XIII.
1121 1527 1156 1551 11.
1180 1527 1211 1551 2.

193 1566 300 1614 Qod
321 1565 358 1600 in
373 1566 505 1612 senatu
527 1564 667 1601 senator
689 1561 843 1598 senatori
875 1573 1003 1599 manus
1034 1563 1212 1612 imulrfflt,

197 1619 439 1665 Quamquam
463 1612 655 1651 Mediceae
676 1609 826 1648 leetioni
848 1618 1024 1659 patronos
1045 1624 1122 1651 non
1146 1614 1209 1653 de-

200 1666 343 1704 futuros
368 1661 524 1699 credam.

249 1728 263 1752 1
296 1712 416 1750 Trium
448 1711 635 1750 liberorum
660 1708 758 1760 jus.]
808 1711 923 1757 Quod
955 1712 1005 1748 im
1035 1712 1212 1752 etr-abatur

194 1766 237 1804 ab
268 1766 308 1803 iis
341 1764 404 1811 qui
433 1774 562 1812 parum
586 1763 705 1800 felices
737 1761 774 1798 in
807 1760 910 1808 prole
943 1761 995 1800 fui
1023 1760 1087 1801 'ent
1124 1791 1136 1807 ‚
1165 1765 1211 1803 de

200 1827 278 1867 quo
301 1814 455 1852 Marti-³1.
481 1814 561 1852 Lib.
586 1814 639 1852 11.

247 1915 353 1965 Qod
377 1915 526 1958 fortuna
547 1924 651 1953 vetat
670 1917 801 1965 Caefhr
815 1912 975 1965 permjtte
995 1913 1109 1953 videri
1121 1941 1133 1958 ,

297 1970 478 2003 Natorum
494 1965 628 2014 genitor
646 1967 763 2005 credat
783 1977 824 2004 ut
842 1967 899 2016 effe
921 1964 1043 2001 trium.

196 2065 244 2104 ‘Et
269 2066 450 2105 Secundus
470 2066 515 2104 ad
537 2064 580 2103 T
578 2067 740 2114 rajanum
755 2097 765 2113 ‚
793 2069 883 2106 dum
906 2076 972 2114 pro
986 2064 1205 2116 Tranquillo

194 2119 253 2164 jus
285 2117 381 2155 idem
411 2117 508 2166 petit.
560 2121 695 2154 Parum
716 2146 726 2162 ,
762 2119 879 2168 inquit
904 2145 914 2161 ,
952 2116 1047 2162 filix
1078 2119 1206 2156 matri-

197 2168 354 2204 monium
373 2176 528 2217 expertus
549 2165 616 2214 est,
642 2169 970 2219 impetrandumque
998 2180 1021 2202 a
1050 2165 1204 2207 bonitate

195 2229 260 2254 um
278 2227 338 2265 per
359 2230 416 2256 nos
437 2216 541 2255 habet
556 2245 567 2262 ,
593 2218 690 2266 quod*
715 2218 770 2256 illi
791 2219 963 2265 fortunae
996 2215 1204 2265 malignitas

195 2267 391 2316 denegavit.
443 2269 519 2317 Qui
541 2278 629 2316 ergo
651 2268 688 2306 id
709 2268 978 2318 impetrassent,
1004 2267 1041 2304 in
1054 2266 1205 2315 dignita-

193 2319 284 2355 t2bus
305 2320 344 2356 &
365 2318 571 2356 muneribus
591 2319 903 2367 anteponebantur
936 2318 1134 2356 carentibus
1165 2320 1206 2356 li-

2120 1073 2300 1140 rogari

1326 1223 1346 1248 z
1378 1216 1484 1247 Parce
1504 1218 1547 1250 (9⁹
1567 1220 1646 1246 cum
1670 1205 1841 1257 d'eleftza]
1867 1207 1970 1244 Raris
1995 1205 2163 1244 &bonis
2190 1205 2302 1247 Extat
2337 1224 2343 1227 ·

1276 1260 1426 1312 Traj-ani
1451 1259 1620 1310 epistola,
1650 1270 1722 1308 qua
1746 1257 1916 1296 Secundo
1935 1258 1991 1306 jus
2025 1258 2135 1294 trium
2168 1257 2304 1296 libero·

1277 1322 1357 1348 rum
1380 1323 1447 1360 pro
1471 1310 1692 1360 Tranquillo
1715 1309 1854 1358 petenti
1876 1307 2058 1356 respondit
2083 1335 2094 1352 ,
2120 1308 2154 1345 se
2180 1308 2304 1348 favere

1276 1361 1366 1399 illius
1400 1360 1578 1399 desiderio
1602 1389 1612 1404 ‚
1660 1359 1720 1397 sed
1752 1360 1850 1396 nolle
1889 1357 2065 1396 excedere
2104 1369 2302 1396 numerum

1278 1411 1505 1449 concedendi
1535 1412 1593 1459 jus
1625 1411 1735 1447 trium
1758 1418 1929 1446 natorum
1945 1436 1955 1452 ‚
1984 1420 2097 1457 quein
2121 1408 2299 1457 proi-“effus

1280 1460 1395 1498 fuerat
1440 1461 1535 1509 apud
1575 1461 1761 1497 Senatum.
1790 1460 1857 1495 CA
1875 1470 1985 1495 TAN.
2041 1458 2231 1496 Mediccus
2260 1461 2299 1496 &

1279 1510 1476 1547 Helmstad.
1506 1519 1606 1559 parce
1635 1521 1677 1548 v·
1711 1521 1789 1545 cum
1822 1508 1948 1545 daem
1968 1536 1978 1552 ,
2018 1517 2112 1554 quae
2146 1520 2228 1547 vcra
2252 1508 2301 1546 est

1278 1560 1454 1609 scriptura.
1482 1560 1580 1598 Vide
1604 1558 1645 1598 fis
1667 1559 1713 1597 ad
1736 1559 1878 1597 Lucani
1901 1557 1982 1595 Lib.
2005 1555 2072 1595 ΙΙΙ.
2097 1569 2147 1595 vs.
2173 1560 2254 1597 181.

1328 1659 1504 1709 Exhanfit
1526 1670 1642 1704 totas,
1671 1659 1840 1708 quamvis
1864 1657 2013 1697 dilectus
2028 1686 2038 1703 ‚
2068 1657 2246 1697 Athenas.

1327 1771 1347 1810 3
1377 1765 1578 1810 Tamquam
1607 1759 1754 1806 eligeret
1777 1787 1787 1804 ‚
1815 1756 2000 1806 indulsit]
2041 1757 2174 1797 Forte:
2203 1770 2302 1798 tama

1277 1824 1386 1860 quam
1405 1811 1589 1859 glisceret,
1615 1809 1774 1859 indulsit.
1816 1808 1884 1847 Sed
1905 1809 1991 1847 latet
2014 1808 2121 1847 aliud.
2146 1810 2297 1849 Bia-in.

1280 1862 1391 1899 Latet
1403 1870 1499 1898 certe
1511 1860 1607 1898 aliud
1622 1890 1632 1906 ‚
1658 1869 1769 1910 atque
1787 1858 1935 1907 indulsit
1958 1887 1967 1902 ,
1995 1870 2183 1909 tamquam
2198 1862 2298 1910 elige-

1278 1923 1330 1949 ret
1353 1923 1432 1949 non
1451 1911 1545 1950 bene
1568 1913 1766 1949 cohaerent
1789 1939 1799 1955 ,
1839 1908 1976 1947 etiamsi
1999 1909 2118 1957 eligere
2142 1913 2296 1948 verbum

1280 1961 1326 1999 de
1349 1960 1514 2010 singulari
1536 1962 1663 2000 favore
1678 1989 1688 2005 ,
1716 1971 1756 1999 ut
1778 1960 2295 2008 i11f1·aLib.x.h'pist.Xxlx.

1278 2012 1417 2061 capias,
1443 2013 1495 2049 uti
1519 2011 1670 2061 quidem
1694 2014 1788 2060 cepit
1812 2011 1867 2048 Gi.
1891 2009 2113 2049 Marcitland.
2137 2012 2181 2051 ad
2197 2013 2296 2051 Statii

1277 2064 1326 2101 V.
1352 2063 1436 2101 Silv.
1458 2062 1503 2100 ΙΙ.
1528 2074 1577 2101 vs.
1605 2074 1684 2111 ης.

1321 2185 1394 2195 --
1444 2183 1515 2196 -
1565 2162 1747 2214 tantisque
1769 2161 1904 2202 electus
1915 2161 2033 2210 suffice
2054 2163 2164 2200 donis.

1274 2263 1424 2313 Indulsit
1449 2293 1459 2309 ,
1487 2265 1637 2313 inquam
1663 2293 1673 2308 ,
1701 2276 1776 2301 non
1803 2260 1976 2299 dilectum
1993 2289 2003 2305 ,
2031 2261 2089 2299 sed
2108 2263 2293 2303 licentiam

1270 2315 1390 2353 infert.
1445 2316 1571 2362 Quare
1610 2315 1788 2352 verissima
1825 2311 1872 2348 est
1910 2310 2076 2358 scriptura
2105 2313 2289 2353 Medicei:

192 2368 282 2406 beris
298 2397 308 2412 ,
335 2367 557 2417 Tranquillo
581 2370 619 2405 &
639 2367 895 2415 Jurisconsulto
917 2367 1132 2405 auctoribus.
1159 2368 1206 2406 Et
1271 2375 1460 2411 tamquam
1490 2365 1612 2401 liceret
1636 2392 1646 2407 ‚
1681 2361 1830 2410 indulstt
1854 2388 1864 2404 ,
1904 2369 2015 2406 quam
2051 2362 2157 2399 etiam
2184 2365 2294 2402 Cata-

193 2417 298 2455 Dion
331 2419 446 2467 inquit
470 2445 480 2462 ,
518 2419 554 2455 in
577 2417 742 2466 Augusto
769 2446 779 2462 ,
823 2419 880 2466 jus
902 2419 1011 2455 trium
1034 2423 1205 2454 natorum

190 2467 339 2505 dabatur
351 2469 581 2511 mulieribus,
609 2479 702 2516 quae
714 2475 782 2505 tres
795 2467 1008 2516 peperissent
1032 2493 1042 2510 ,
1070 2467 1206 2504 etiamst

187 2515 307 2555 statim
342 2519 476 2555 mortui
510 2516 653 2555 fuiss'ent
677 2547 688 2563 ,
725 2517 888 2555 tradente
912 2518 1031 2556 Gellio
1046 2544 1062 2561 ‚.
1084 2516 1128 2554 ad
1151 2528 1206 2555 re-

1272 2424 1384 2450 naeus
1409 2415 1446 2450 in
1468 2413 1560 2450 libris
1582 2413 1647 2449 suis
1670 2413 1812 2461 reperit.
1867 2415 1971 2446 Parce
1990 2421 2032 2450 (ς’
2060 2424 2138 2449 cum
2159 2414 2288 2453 dilefflu

1272 2465 1357 2500 dare
1377 2463 1558 2509 eleganter
1583 2463 1746 2500 obiicitur
1769 2463 1818 2507 τῷ
1838 2459 1999 2504 licenter,
2028 2461 2088 2498 seu
2108 2471 2163 2511 per
2187 2463 2290 2501 licen-

1271 2513 1362 2550 tiam
1384 2514 1493 2555 dare,
1521 2523 1614 2561 quae
1637 2511 1839 2560 promiscue
1863 2511 1901 2548 ὃς
1923 2510 2024 2548 nu'lo
2048 2512 2287 2560 respectular-

190 2566 417 2606 tribuendam
452 2576 591 2615 partein
625 2568 779 2617 aliquan]
803 2569 935 2614 gratiae
959 2581 967 2604 ε
997 2566 1204 2605 fruebantur
1267 2566 1372 2610 gitur.
1429 2561 1517 2599 Licet
1551 2563 1624 2600 hoc
1654 2561 1761 2599 sensu·
1784 2561 1891 2599 habes
1921 2560 2018 2609 apud
2041 2561 2179 2601 Lucan.
2205 2565 2285 2604 Lib;

191 2619 289 2655 enim
312 2628 374 2667 per
397 2616 432 2655 id
455 2618 654 2655 honoribus
678 2621 715 2655 &
737 2617 927 2666 privilegiis
950 2629 971 2654 a
995 2618 1122 2666 quibus
1137 2617 1202 2656 ste-

193 2666 270 2705 riles
293 2667 513 2705 arcebantur.
542 2667 574 2704 C
589 2681 610 2704 A
628 2681 650 2706 ι·
666 2681 687 2704 A
703 2680 736 2704 N.
766 2667 869 2716 Lege
893 2669 1048 2706 omnino
1072 2667 1116 2705 de
1128 2669 1202 2706 hoc

190 2715 266 2754 iure
301 2716 464 2767 Lipfium
497 2717 656 2756 Exeursu
686 2718 730 2755 ad
763 2717 883 2756 Tacit.
913 2717 980 2754 ΙΙΙ.
1003 2717 1101 2754 Anu.
1125 2730 1200 2764 cap.

1270 2613 1356 2651 VII.
1381 2625 1430 2650 vs.
1456 2625 1533 2661 554.
1556 2614 1594 2650 ὃς
1616 2611 1750 2662 paffim.
1779 2613 1931 2649 Con-rr..

1316 2677 1341 2709 4
1369 2665 1466 2710 Nam
1499 2663 1571 2701 licet
1601 2662 1739 2699 tribuas
1771 2660 1836 2710 αξ]
1888 2661 2049 2699 Riccard.
2088 2663 2285 2705 Lindenbr.

1270 2716 1396 2751 Oxou.
1430 2714 1468 2751 &
1503 2712 1668 2760 Bongars.
1702 2712 1798 2749 Ama
1820 2712 1922 2754 licet,
1948 2721 2132 2760 corrupte.
2187 2713 2285 2755 Infra

189 2762 310 2805 XXV.
346 2769 393 2805 Et
424 2769 663 2806 Vertrunium
698 2769 872 2806 Maurum
905 2767 1066 2816 singulari
1100 2769 1201 2808 libro,
1268 2764 1428 2803 Riccard.
1452 2762 1605 2801 Helmst.
1629 2764 1668 2800 &
1692 2762 1851 2799 Arnzen.
1881 2760 1972 2798 nihil
1998 2772 2116 2800 tamen
2137 2766 2285 2814 amsii&-

195 2807 381 2856 Mediceus
412 2826 535 2856 autem
561 2847 570 2863 ,

622 2818 773 2856 Helmst.
809 2819 938 2855 Oxon.
971 2818 1135 2865 Bongarfi
1163 2821 1201 2858 ὃς
1262 2814 1389 2864 potest,
1417 2825 1511 2864 quae
1535 2815 1659 2850 omnia
1683 2812 1874 2850 Mediceus
1897 2813 2002 2860 plane
2027 2815 2184 2852 omittit:
2216 2828 2283 2854 un-

197 2861 304 2902 hmz.
352 2868 566 2906 Pronomen
585 2870 614 2906 ei
634 2870 833 2912 omittunt,
861 2879 955 2918 quae
978 2867 1111 2916 Ellipfis
1125 2881 1201 2907 non
1232 2865 1235 2903 Ι
1267 2866 1312 2903 de
1345 2874 1442 2913 patet
1474 2875 1560 2901 eum
1592 2864 1643 2901 bis
1673 2872 1761 2912 potes
1795 2863 1832 2900 in
1855 2862 2052 2909 exemplari
2071 2863 2214 2912 legiss'e‚
2243 2869 2282 2904 δε

200 2908 355 2953 inufitata
387 2918 458 2963 est,
513 2919 587 2957 uod
610 2919 868 2957 declaravimus
889 2918 934 2955 ad
958 2918 1037 2955 Lib.
1052 2920 1078 2956 Ι.
1094 2920 1199 2968 Epist.

202 2955 303 2999 XVI·
330 2976 364 3003 n.
393 2978 425 3015 4.
516 2970 549 3006 ic
580 2976 705 3007 tamen
737 2969 907 3007 voculam
940 2969 968 3006 ei
988 2968 1199 3019 subsequens

201 3009 254 3046 ius
270 3009 408 3052 librariis
428 3016 626 3057 subtraxisse
646 3019 811 3059 videtur:
840 3031 933 3070 quae
956 3017 981 3055 si
1003 3019 1096 3056 abest
1120 3048 1130 3063 ‚
1159 3032 1199 3057 O—
1234 3026 1236 3039 '

202 3058 464 3154 ζζξὲξῃζξξξω
493 3067 662 3123 redditur.
711 3068 816 3124 ΥΟΕ),
843 3069 1029 3123 ‘ilerum
1060 3068 1122 3123 fibi
1143 3071 1198 3111 ms

1269 2915 1499 2954 similitudine
1523 2914 1720 2951 verborum
1743 2913 1781 2949 in
1803 2912 1907 2950 istum
1930 2921 2090 2951 errorem
2106 2942 2116 2958 ,
2146 2925 2185 2954 ut
2211 2916 2282 2955 sae.-

1267 2965 1407 3015 pisfime
1422 2994 1432 3010 ,
1459 2963 1672 3002 abstractum
1695 2960 1776 2999 effe.

1318 3029 1335 3064 ς
1368 3021 1476 3064 Usque
1495 3016 1532 3052 in
1554 3014 1725 3050 intimam
1739 3011 2078 3063 firmiliaritatem]
2109 3016 2165 3054 Sic
2197 3026 2279 3054 ante

1264 3077 1332 3108 nos
1351 3067 1532 3119 legebatur
1556 3092 1567 3112 ,
1594 3072 1703 3115 atque
1726 3065 1772 3102 ita
1798 3062 1934 3102 Seneca
1957 3064 2065 3113 Epist.
2089 3066 2292 3119 LXXXV..

1759 3113 1782 3152 S
1811 3123 1827 3162 3
2184 3119 2289 3162 Ccrss.

2219 225 2310 275 139

2379 520 2416 557 9

2351 1017 2405 1053 11
