2616 3686
284 216 382 274 394

284 427 514 480 'Hionen
555 431 574 458 ⁴
609 439 721 475 rem
745 419 1161 494 pulcherrimam
1197 420 1209 447 ⁵
1250 420 1540 494 turpiffime
1578 421 1800 476 vaenire
1837 438 1936 474 non
1961 428 2200 495 patitur.

2453 55 2460 63 .
2478 0 2609 109 Ἧι
2547 86 2582 131 *Ἦ
2609 0 2616 102 l

2529 143 2531 147 .
2549 134 2581 159 κζ

277 276 518 356 publicos
563 273 768 329 mores?
805 275 927 330 Alii*
950 285 1170 338 contra,
1206 271 1685 343 ReHiffimefi’cit,
1723 287 1736 309 ¹
1767 275 2011 330 initurus
2052 279 2481 352 magistratum:t

289 355 306 374 ²
332 349 478 425 jura
531 350 875 421 recognovit:
913 345 1380 416 Senatusconsulta
1430 348 1598 419 legit.-
1634 348 1900 420 'reprimit
1936 353 1953 379 ³
1989 352 2140 422 foedi
2178 353 2311 409 imas
2335 369 2440 429 pa-

492 204 557 254 C.
623 195 1013 250 PLINII
1083 191 1591 246 CAECILII
1658 193 2183 252 S-ECUNDI

292 498 496 568 ubique
531 496 802 552 sermones
828 534 842 557 ‚
895 494 988 566 qui
1029 508 1208 547 tamen
1245 496 1552 549 alterutram
1589 494 1643 547 in
1677 507 1885 565 partem
1921 490 1940 516 ⁶
1970 514 2040 551 ex
2067 513 2269 556 eventu
2294 519 2445 573 prae-

295 570 562 625 valebunt.
638 567 731 625 Est
766 567 990 621 omnino
1033 567 1281 637 iniquum
1308 606 1323 630 ‚
1363 575 1379 602 ⁷
1413 567 1502 622 sed
1542 565 1636 621 usu
1675 582 1956 639 receptum
1985 608 2001 635 ,
2039 571 2190 642 quod
2229 575 2446 635 honesta
2475 589 2492 627 .‘

296 641 543 708 confilia,
582 643 666 696 vel
707 641 915 711 turpia,
949 650 1112 709 prout
1154 640 1293 694 male
1331 654 1421 694 aut
1460 639 1712 711 prospere
1749 641 1988 708 cedunt,

297 846 547 886 correetorem
569 839 982 892 atqueemendatorem
1005 839 1138 888 nostrae
1163 839 1336 879 civitatis.

303 899 504 946 Compar-at
539 892 669 931 eadem
702 892 828 930 Celeb.
850 892 1004 930 Bentlei.
1028 891 1075 928 ad
1097 891 1230 930 Horat.
1257 893 1337 931 Lib.

304 949 332 985 I.
367 947 476 997 Epist.
508 943 592 983 XV.
616 955 669 983 vs.
689 943 748 993 38.
777 941 889 981 Adde
912 944 1005 982 infra
1031 942 1113 980 Lib.
1138 943 1205 980 VI.
1231 943 1338 993 Epist.

300 999 352 1036 V.
386 1011 419 1036 n.
450 1011 484 1046 4.
537 995 733 1044 corrigeret
755 1002 882 1032 autem
907 993 955 1033 est
976 995 1014 1032 in
1035 994 1206 1032 omnibus
1232 995 1339 1033 MSS.

302 1051 342 1088 ὅ(
366 1049 460 1089 Edd.
482 1048 572 1088 Vet.
596 1046 707 1091 Aldi,
735 1045 904 1094 Gryphii.
932 1044 1035 1082 Male
1048 1045 1106 1083 alii
1119 1045 1338 1094 corrigerent.

303 1101 388 1139 Nec
410 1099 529 1150 probo
553 1097 737 1137 Medicei:
768 1097 860 1146 quod
881 1107 966 1135 ante
990 1095 1083 1134 hunc
1109 1102 1149 1133 P.
1171 1098 1254 1144 n.f.

357 1165 372 1190 1
405 1151 565 1189 initurus
596 1146 897 1197 magistratum]
951 1146 1144 1186 Gesturus,
1164 1148 1346 1188 Praetoris

300 1202 482 1242 officium.
536 1201 592 1238 Ex
626 1199 756 1251 quibus
789 1206 940 1247 apparet
972 1199 1010 1237 in
1046 1198 1348 1248 praecedentibus

307 1254 504 1292 emendate
536 1252 607 1300 legi
628 1280 638 1297 ‚
678 1257 844 1300 Nepotem
865 1251 1082 1290 Praetorem
1105 1248 1348 1298 defignatum.

311 1305 346 1343 C
359 1318 422 1346 Ast
437 1319 457 1342 A
475 1317 509 1344 N.

323 1376 327 1380 ·
357 1369 377 1393 2
407 1355 510 1401 Jura
532 1352 772 1405 recognovit]
810 1354 1046 1403 Pomponius
1070 1353 1350 1407 Jtirisconsultus

307 1405 423 1446 asserit
437 1436 448 1452 ‚
471 1408 682 1445 Praetorem
705 1405 867 1444 habuisse
890 1405 1101 1445 facultatem
1126 1404 1350 1453 adjuvandi,

305 1458 365 1497 vel
387 1458 604 1508 supplendi,
635 1457 692 1495 vel
714 1456 991 1506 corrigendijus
1015 1456 1133 1494 civile.
1162 1454 1219 1494 ln'
1236 1469 1257 1494 E
1273 1470 1310 1495 Μ.

355 1522 374 1560 3
411 1508 668 1558 Novilfimas.]
699 1508 903 1547 Immensas
922 1536 932 1551 ,
958 1506 1235 1546 ultramodum.
1264 1509 1351 1546 Ma—

308 1562 358 1608 gis
382 1561 501 1610 probo
515 1559 730 1608 foediffimas
751 1588 762 1605 ‚
784 1560 822 1598 id
845 1559 892 1598 est
913 1560 1156 1609 turpissimas,
1186 1561 1350 1599 maxime

307 1611 508 1651 indecoras.
539 1612 655 1651 [nem.
685 1614 742 1651 Sic
765 1623 919 1661 quoque
942 1612 1015 1650 Pal.
1041 1612 1080 1650 δε
1100 1609 1196 1648 Edd.
1219 1622 1351 1650 omnes

308 1670 395 1700 ante
419 1664 593 1702 Aldinam
610 1693 618 1709 ,
648 1665 685 1707 in
699 1674 769 1713 qua
777 1661 1003 1711 foediffimas.
1034 1663 1227 1702 Girumu.
1257 1663 1351 1702 Illud

309 1714 511 1763 novissimas
555 1713 653 1752 haud
703 1714 811 1753 dubie
852 1713 900 1751 est
937 1714 1122 1753 vitiosum.
1165 1715 1351 1763 Legerem

311 1765 501 1813 notiffimas
518 1783 528 1802 .-
553 1765 612 1803 sed
625 1766 710 1815 quia
727 1767 764 1803 in
788 1764 922 1802 Aldina
942 1764 991 1802 est
995 1764 1209 1813 foediffimas
1222 1793 1233 1809 ‚
1250 1767 1355 1816 quod

312 1815 476 1855 Gloffam
501 1815 571 1855 effe
594 1816 694 1854 verbi
717 1815 794 1854 veri
816 1823 908 1865 puto
931 1844 941 1861 ‚
982 1817 1108 1866 itaque
1130 1816 1253 1854 nescio
1270 1846 1281 1862 ‚
1309 1829 1354 1855 an

312 1878 394 1905 non
430 1868 600 1917 scripserit
640 1867 873 1916 notatiffimas
899 1896 910 1912 ‚
937 1867 973 1905 id
998 1867 1047 1905 est
1072 1895 1082 1911 ‚
1114 1868 1280 1906 maxime
1300 1879 1356 1907 re-

312 1919 506 1968 prehensas
540 1919 579 1956 &
601 1926 756 1957 notatas.
799 1920 897 1957 Puto
922 1920 1032 1957 etiam
1056 1918 1135 1967 post
1158 1918 1239 1968 legit
1262 1932 1356 1971 pun-

317 1969 420 2008 ctum
452 1970 713 2009 collocandum
737 1999 749 2015 ,
789 1971 827 2008 &
852 1981 991 2008 vocem
1015 1970 1172 2019 reprimit
1196 1981 1216 2006 a
1239 1974 1357 2021 capite

317 2021 542 2059 scribendam
563 2021 680 2060 littera
704 2021 910 2060 maiuscula.
941 2022 1160 2059 SCHEFFER.
1201 2022 1358 2072 Optime

315 2071 435 2114 Aldus
465 2071 681 2120 fhediffimas
709 2101 719 2117 ‚
775 2074 832 2110 cui
868 2072 1066 2110 adsentitur
1113 2072 1358 2113 Veterrimus.

244 2168 247 2170 Ι
318 2122 489 2161 Alterum
515 2123 656 2172 prorsus
678 2125 807 2172 triget,
837 2125 875 2161 &
897 2123 1003 2173 quod
1021 2123 1180 2173 sequitur
1213 2126 1360 2174 turprffi-

320 2187 374 2212 me
419 2174 705 2224 antiquissimam
755 2175 965 2223 scripturam
1003 2173 1149 2211 abunde
1188 2175 1360 2215 vindicat.

316 2225 555 2263 Vocabulum
586 2226 696 2264 habes
733 2225 834 2273 supra
868 2223 976 2273 Epist.
1014 2224 1120 2262 XIV.
1153 2237 1188 2262 n.
1210 2225 1242 2263 8.
1267 2227 1360 2266 adde

319 2275 453 2314 Sallust.
479 2278 561 2315 Cat.
585 2288 661 2326 cap.
687 2276 831 2313 XXVI.
854 2287 891 2312 n.
908 2287 939 2322 4
991 2275 1166 2314 Schefferi
1191 2278 1361 2326 notattffi-

319 2340 398 2366 mas
421 2327 528 2378 plane
551 2326 727 2377 superflua
747 2326 960 2365 coniee‘lura
984 2327 1033 2364 est
1057 2356 1068 2372 ,
1107 2338 1195 2366 cum
1209 2330 1362 2377 foediffi-

322 2392 401 2417 mas
424 2380 500 2418 sans
525 2378 792 2428 significanter,
823 2380 861 2417 ὃς
887 2378 1028 2416 maiore
1039 2379 1076 2416 vi
1091 2407 1101 2423 ,
1123 2390 1235 2428 quam
1249 2380 1337 2418 illud
1354 2409 1364 2426 ,

320 2430 381 2468 hic
404 2431 552 2479 legatur.
601 2430 702 2468 Vide
725 2430 771 2467 ad
795 2428 929 2468 Sallust.
954 2429 1034 2467 Cat.
1059 2441 1133 2479 cap.
1159 2430 1306 2469 LVIII.
1330 2444 1365 2470 n.

324 2492 382 2528 14.
414 2482 490 2530 lug.
514 2494 590 2532 cap.
614 2481 836 2519 XXXVIII.
859 2493 894 2518 n.
919 2492 951 2528 7.
975 2511 977 2513 .
997 2481 1053 2519 Sic
1075 2481 1170 2520 infra
1195 2481 1274 2521 Lib.
1297 2483 1365 2522 VI.

324 2531 433 2581 Epist.
460 2532 563 2570 XIX.
596 2544 629 2570 n.
661 2546 696 2579 4.
730 2533 1205 2578 sumtus.candidatomm,
1235 2533 1367 2574 foedos

325 2582 402 2621 illos
425 2594 470 2622 (θ’
491 2584 641 2631 infames
666 2583 825 2622 ambitus
849 2583 916 2632 lege
937 2582 1135 2631 restrinxit.

376 2646 399 2681 4
427 2640 510 2672 Rem
528 2634 849 2684 pulcherrimam]
879 2635 1131 2675 Patrocinium
1155 2665 1166 2681 ‚
1197 2638 1235 2676 ὃς
1259 2649 1368 2676 Oran-

324 2683 359 2722 di
383 2686 610 2735 majestatem
635 2715 644 2731 ‚
685 2698 755 2736 qua
780 2686 867 2725 nihil
891 2686 953 2724 Dii
977 2688 1207 2726 immortales
1240 2690 1369 2728 melius

326 2736 471 2775 homini
493 2736 697 2782 dederunt,
728 2739 765 2775 ὅ(
790 2749 863 2787 qua
888 2745 1031 2775 remota
1067 2746 1170 2776 muta
1202 2739 1285 2777 sunt
1328 2753 1366 2779 o-

328 2789 437 2824 mnia.
468 2788 529 2826 Illa
550 2788 637 2827 nihil
659 2789 697 2826 in
720 2788 808 2826 urbe
832 2820 841 2835 ,
869 2787 984 2827 velad
998 2790 1190 2828 utilitatem
1206 2790 1373 2830 frueluo-

330 2833 399 2872 sius
425 2866 434 2880 ,
474 2840 531 2875 vel
561 2839 606 2877 ad
639 2839 854 2888 dignitatem
887 2840 1042 2888 amplius
1068 2869 1078 2885 ‚
1121 2841 1179 2879 vel
1209 2841 1254 2880 ad
1277 2843 1372 2882 urbis

333 2883 470 2941 famam
504 2890 684 2936 pulchrius
715 2921 724 2936 2
776 2893 833 2930 vel
874 2892 990 2929 totius
1029 2891 1181 2941 Imperii
1206 2922 1216 2939 ‚
1259 2901 1370 2944 atque

332 2944 503 2972 omnium
528 2941 692 2984 gentium
718 2943 888 2979 notitiam
913 2941 1086 2981 illustrius.
1118 2943 1210 2982 Non
1225 2945 1370 2985 aliunde

2319 724 2446 780 ban«

1410 839 1490 895 mio
1524 840 1608 897 duci
1627 871 1637 887 ‚
1665 843 1882 893 proximum
1909 846 2104 886 latrocinio
2130 847 2189 886 est.
2241 850 2449 894 Paciscendi

1411 888 1565 937 quidem
1589 893 1646 930 ille
1669 895 1852 943 pyraticus
1875 908 1959 934 mos
1983 925 1994 942 ,
2024 899 2063 935 δε
2083 899 2362 948 imponentium
2385 917 2450 954 pe·-

2027 642 2044 668 ⁸
2072 645 2152 700 ¹ita
2170 694 2174 696 ,
2194 649 2291 702 vel.
2318 667 2481 721 pro--

2277 430 2443 486 Tales
2471 468 2481 478 .

1413 941 1531 980 riculis
1567 945 1682 992 pretia
1706 972 1717 989 ,
1747 946 1884 992 procul
1919 948 2167 987 abominanda
2192 955 2447 1003 >negociati0²
2486 988 2489 990 ,

1416 993 1534 1031 etiam·
1549 1006 1571 1032 a
1594 994 1829 1033 mediocriter
1847 997 2024 1047 improbis
2043 999 2180 1040 abierit.
2197 1003 2259 1040 ·1n
2275 1018 2296 1044 ιτ,
2311 1019 2350 1045 Μ.

1467 1044 1490 1081 6
1520 1048 1576 1083 Ex
1607 1045 1788 1096 mentm]
1832 1047 1867 1086 Si
1897 1048 2041 1086 bonum
2076 1060 2255 1092 eventum
2285 1057 2451 1098 sortietur

1419 1095 1583 1135 edietum
1618 1098 1777 1147 Nepotis
1799 1125 1810 1142 ‚
1846 1100 1977 1148 pariter
2010 1099 2149 1138 bonam
2184 1104 2349 1147 famam:
2400 1110 2454 1150 sm

1421 1148 1544 1186 minus
1557 1177 1574 1194 ,,
1595 1150 1744 1187 malam.
1790 1148 1890 1187 Nam
1916 1150 1962 1188 ab
1985 1159 2124 1189 eventu
2144 1153 2250 1202 saepe
2282 1169 2336 1196 res
2352 1162 2455 1210 ‚judi-

1421 1206 1572 1246 cantur,
1599 1208 1641 1238 ut
1661 1199 1806 1239 testatur
1830 1202 1961 1240 Livius
1982 1202 2072 1240 VII.
2096 1202 2179 1243 belli
2195 1206 2323 1246 Punici
2349 1223 2357 1247 :
2395 1217 2454 1250 Ex

1419 1262 1552 1288 eventu
1585 1265 1651 1302 quo
1687 1251 1778 1289 nihil
1810 1253 1966 1302 iniquius
1998 1252 2043 1300 est
2069 1282 2081 1298 ,
2110 1257 2269 1303 *samam
2300 1259 2457 1303 homines
2492 1293 2494 1300 .

1421 1299 1567 1340 habent.
1597 1303 1635 1340 A
1657 1315 1736 1354 quo
1759 1302 1860 1342 idem
1883 1304 2029 1343 trahens
2040 1315 2303 1354 argumentum
2316 1313 2458 1354 inducit

1419 1352 1654 1392 Hannonem
1677 1354 1862 1394 dicentem
1877 1384 1888 1399 ,
1918 1360 2099 1394 Eventum
2115 1357 2187 1398 esse
2197 1361 2311 1402 veluti
2317 1364 2457 1413 justum

1418 1402 1500 1442 belli
1524 1405 1702 1454 judicem.
1732 1406 1838 1444 Nero
1869 1406 1989 1446 dicere
2021 1407 2169 1456 solitus,
2205 1416 2390 1453 Eventum
2418 1418 2467 1455 in.
2492 1393 2499 1438 *-

1419 1468 1533 1493 manu
1558 1457 1732 1504 fortunae
1766 1457 1930 1504 constare.
1976 1459 2079 1497 Hinc
2112 1463 2266 1502 Livius:
2293 1470 2459 1507 Eventus

1419 1505 1457 1543 in
1479 1520 1592 1544 manu
1607 1507 2007 1560 stultorumversatur.
2035 1512 2382 1567 Namplerumque
2405 1522 2459 1559 vis
2496 1548 2500 1550 ἡ

1421 1560 1600 1604 oratoris,
1629 1561 1668 1597 &
1689 1568 1895 1599 ceterarum
1914 1572 2040 1600 rerum
2072 1564 2116 1601 ab
2148 1566 2325 1615 imperitis
2358 1572 2460 1610 exitu

1421 1609 1469 1647 δε,
1494 1608 1651 1649 vietoria
1679 1610 1911 1660 judicatur-2
1928 1614 2056 1661 Quare
2088 1615 2291 1666 secundum
2323 1620 2461 1661 Isocra·
2493 1605 2502 1651 Ᾰ

1418 1666 1497 1698 tem
1532 1672 1628 1699 cum.
1657 1670 1811 1702 eventus
1841 1662 1886 1701 fit
1917 1663 1955 1701 in
1988 1675 2104 1704 manu
2135 1667 2309 1709 fortunae
2333 1701 2344 1717 ‚
2380 1684 2460 1714 non
2496 1695 2501 1711 ·.

1417 1711 1620 1750 laudandus
1651 1713 1702 1759 is,
1725 1716 1798 1753 cui.
1813 1726 1868 1753 res
1887 1714 2060 1765 prospere
2082 1717 2218 1759 cedunt
2241 1735 2255 1767 ,’
2286 1722 2348 1761 sed
2371 1728 2460 1775 qui„

1422 1771 1604 1812 quantum
1631 1764 1784 1805 consilio
1805 1766 1975 1805 humano
1993 1767 2149 1816 licebat,
2173 1783 2232 1811 eas
2243 1774 2364 1812 multo
2375 1786 2461 1817 ante
2492 1758 2502 1768 '

1423 1815 1604 1864 praevidit
1628 1844 1638 1861 ,
1667 1818 1705 1855 ὃς
1727 1818 1888 1866 providit
1909 1831 1917 1854 :
1945 1818 2089 1857 tametsi
2111 1821 2209 1862 secus
2229 1854 2239 1870 ,
2267 1836 2381 1874 quam
2406 1830 2472 1867 in·-

1423 1866 1592 1904 tenderat
1615 1871 1806 1907 evenirent
1835 1882 1844 1907 :
1873 1870 2051 1919 sapientes
2075 1873 2175 1911 enim
2199 1876 2238 1913 ὃς
2260 1875 2363 1917 doc‘ti
2385 1878 2462 1917 for-

1423 1918 1512 1956 tuita
1537 1916 1671 1957 debent
1695 1919 1900 1959 excludere.
1922 1921 1977 1959 M.
2001 1921 2147 1962 Tullius
2169 1926 2208 1964 in
2230 1927 2466 1977 Rhetoricis,

1423 1968 1671 2020 cujuscunque
1695 1974 1833 2019 negotii
1857 1971 1971 2011 finem
1996 1982 2176 2017 eventum
2200 1976 2342 2019 diffinit.
2379 1981 2462 2020 Do·
2490 2005 2496 2009 -

1422 2029 1526 2058 natus
1558 2028 1703 2059 tantum
1733 2022 1922 2061 bonorum
1957 2026 2096 2062 exitum
2124 2055 2135 2071 ,
2175 2037 2303 2067 contra
2335 2041 2460 2073 tamen

1426 2071 1762 2121 probatissimorum
1784 2075 2052 2114 auetoritatem.
2081 2077 2095 2113 Ι
2103 2090 2198 2117 DEM.

1475 2135 1494 2170 7
1525 2124 1592 2161 Sed
1615 2127 1679 2172 usu
1701 2135 1874 2174 receptum
1891 2155 1900 2170 ,
1929 2125 2028 2176 ew]
2061 2128 2196 2168 Cicero
2219 2143 2288 2181 pro
2313 2135 2457 2174 Rabirio
2493 2159 2495 2162 .

1424 2174 1604 2224 principio
1627 2174 1768 2214 statim:
1798 2183 1869 2214 Hoc
1889 2177 2093 2228 plerumque
2105 2181 2264 2225 facimus
2318 2197 2360 2226 ut
2381 2198 2455 2224 con-

1415 2224 1500 2282 filia
1523 2237 1654 2265 eventu
1684 2229 1934 2278 ponderemus:
1964 2241 2008 2269 ω’
2040 2231 2094 2268 cui
2127 2231 2208 2273 bene
2230 2213 2317 2285 quid
2334 2236 2456 2322 procyl-

1417 2277 1532 2326 serlt,
1558 2277 1715 2316 multum
1746 2279 1851 2317 illum
1879 2281 2066 2330 providisse
2089 2301 2098 2319 :
2139 2286 2193 2323 cui
2225 2288 2347 2335 secus,
2371 2287 2405 2324 ni
2428 2285 2454 2324 il
2486 2317 2489 2319 .

1416 2327 1552 2377 sensiſje
1575 2329 1742 2368 dicamus.
1771 2331 1870 2369 Vide
1894 2333 1933 2369 &
1958 2333 2040 2371 Lib.
2062 2333 2126 2370 IX.
2149 2337 2195 2377 ad
2215 2339 2330 2378 Attic.
2351 2336 2456 2389 Epist.

1429 2379 1473 2418 X.
1494 2380 1643 2419 Plautus
1663 2381 1789 2420 Pseud.
1812 2382 1882 2420 aet.
1906 2382 1975 2421 III.
2002 2385 2057 2422 Sc.
2080 2385 2149 2425 III.
2187 2420 2191 2424 .
2402 2403 2415 2407 ·

1536 2493 1636 2504 —··
1666 2489 1711 2521 Ut
1733 2485 1876 2537 quisque
1890 2488 2048 2532 fortuna
2070 2487 2190 2526 utitur
2201 2489 2224 2533 ,ἓ

1482 2539 1551 2572 Ita.
1558 2535 1738 2585 praecellit
1751 2566 1761 2582 ,
1781 2549 1888 2588 atque
1909 2537 2034 2575 exinde
2045 2538 2165 2586 sapere
2183 2549 2260 2575 eum
2281 2533 2455 2589 dicimus:

1481 2586 1655 2643 Bene-ubi
1675 2589 1768 2637 quod
1789 2588 1969 2639 confilium
1991 2587 2152 2636 discimus
2180 2582 2330 2631 accidtffe
2352 2611 2363 2628 5
2390 2583 2451 2622 bv·

1538 2650 1670 2677 mmem
1692 2651 1836 2677 cautum
2164 2665 2170 2670 ·

1484 2691 1578 2726 Eum
1599 2689 1658 2738 effie
1680 2690 1923 2729 declaramus:
1941 2686 2094 2734 stultum
2111 2693 2231 2720 autem
2253 2682 2356 2722 illum
2371 2715 2379 2731 ‚
2401 2688 2464 2726 cui
2492 2719 2497 2725 ,

1539 2741 1653 2779 vertit
1676 2742 1779 2780 male.
1818 2775 1821 2777 .

1435 2842 1644 2880 Bucam.
1681 2841 1792 2879 Adde
1823 2839 2041 2877 Freinshem.
2079 2837 2123 2875 ad
2156 2836 2256 2875 Curt.
2282 2839 2362 2877 Lib.
2387 2839 2457 2880 111.
2497 2873 2500 2876 .

1435 2905 1514 2942 cap.
1547 2893 1614 2930 VI.
1648 2904 1681 2929 n.
1718 2891 1773 2928 18.
1812 2887 1941 2927 Sallust.
1976 2887 2052 2936 Ing.
2090 2899 2165 2935 cap.
2202 2888 2344 2929 XCIV.
2367 2901 2458 2932 extr.
2525 2891 2528 2895 ’

1438 2941 1593 2981 Helmst.
1627 2943 1753 2978 Oxon.
1786 2939 1896 2975 Arnz.
1932 2939 1970 2976 &
2005 2940 2070 2977 Ed.
2096 2940 2181 2977 Ver.
2238 2941 2296 2987 Fst
2318 2946 2460 2984 omnino
2491 2968 2494 2969 ν

333 2985 493 3032 majores
515 2987 675 3025 honores
690 3016 699 3030 ,
731 3002 818 3037 opes
835 3019 844 3034 ‚
867 2994 1048 3030 amicitiae
1063 2993 1160 3037 ,laus
1183 2995 1371 3044 praesens,
1432 2992 1612 3030 im'ml'cum
1635 3018 1646 3034 ³
1674 2989 1810 3036 Vfflgffl'i
1842 2988 2060 3028 confusione
2085 3020 2095 3036 ι
2124 2991 2168 3029 dc
2188 3004 2259 3041 (ΙΨ-1
2276 2993 2320 3030 fid
2347 2997 2460 3049 Cl‘l‘sPi
2484 3014 2488 3025 ¹

339 3037 378 3073 ὃ(
402 3034 520 3072 futura
543 3037 756 3075 hominibus
780 3042 968 3087 contingit.
999 3044 1032 3079 C
1047 3056 1067 3078 Α
1083 3058 1106 3081 ·r
1121 3059 1139 3081 A
1157 3058 1193 3083 N.

390 3098 410 3134 ς
440 3086 680 3141 Tarpiffime.]
710 3087 777 3124 Per
811 3091 1014 3136 quaestum.
1053 3094 1150 3131 Nam
1188 3096 1371 3134 accusato-

1442 3043 1518 3088 Iug.
1538 3051 1614 3088 cap.
1638 3039 1742 3075 LIV.
1765 3049 1798 3075 n.
1827 3051 1860 3086 5.

1489 3090 1511 3127 8
1542 3096 1599 3127 Ita
1629 3089 1687 3126 vel
1716 3090 1913 3138 probantur
1939 3121 1948 3136 ,
1989 3093 2046 3130 vel
2077 3093 2204 3143 rqrxreh.
2231 3094 2245 3140 l,
2288 3098 2345 3136 Sic
2364 3098 2460 3138 reete

338 3137 428 3177 riam
449 3145 564 3176 vitain
590 3140 734 3184 vivere,
761 3139 800 3177 ὃ(
823 3139 870 3178 ad
894 3139 1146 3184 defendendos
1166 3158 1247 3186 reos
1269 3158 1372 3196 prae-
1433 3141 1622 3192 Optimus·
1657 3141 1683 3181 P
1688 3152 1852 3190 “pesam
1889 3144 2017 3184 OXOH·
2043 3144 2143 3183 Vk'flss
2169 3140 2325 3188 Helmst·
2346 3150 2460 3188 Amz·
2495 3179 2499 3183 -

2425 3202 2479 3249 ες,
