2616 3686
346 203 438 264 306

542 196 1061 250 C.1³L1Nii
1126 197 1645 251 caucith
1707 189 2307 252 SECUNDI*

353 270 543 326 cebit?
595 274 814 348 quando
851 293 945 348 per
986 290 1214 333 aetatem
1243 273 1523 333 honestum
1551 274 1654 329 erit
1679 274 1878 332 imitari
1901 274 2039 332 istud
2086 274 2496 349 pulcherrimae·

360 345 557 416 quietis
592 348 945 421 exemplum?
994 350 1217 423 quando
1248 348 1466 405 seceffus
1506 348 1614 405 mei
1639 387 1671 414 „
1707 364 1820 405 non
1857 347 2088 406 desidiae
2112 366 2344 417 nornen,
2381 343 2488 407 sed:

362 419 752 490 tranquillitatis
782 424 1045 496 accipient
1065 424 1082 476 ?
1122 423 1275 479 Vale.

441 581 690 643 XXIV.
770 585 838 642 C.
915 587 1351 643 PLINIUS
1426 596 1451 618 ⁸·
1517 586 2016 646 vanem-11·
2079 585 2262 643 Suo
2331 588 2386 647 S.

355 717 532 797 Quum
572 721 784 790 dixtffet
815 723 962 794 apud
988 724 1345 778 centumviros
1369 760 1386 788 ‚
1436 723 1524 778 ubi
1564 726 1735 780 nullos
1759 724 1978 780 habebat
2006 723 2296 780 indicendo
2312 725 2497 795 socios·

431 812 602 847 eorum
627 833 642 858 ‚
694 812 818 868 quos
831 799 1012 866 primo
1034 797 1291 852 habuerat
1314 835 1330 861 ,
1369 799 1712 868 conqueritur
1735 799 1796 852 de
1809 798 2135 872 fragilitate
2166 797 2392 852 humana
2423 797 2484 854 Εὖ
2548 805 2564 817 ‘

423 867 790 922 mutabilitate
810 870 1069 939 fortunae
1094 909 1113 937 ‚
1172 869 1507 942 exemploque
1530 871 1629 940 fleo
1668 869 1811 927 docet
1844 907 1861 936 ,
1918 888 2073 945 quam
2097 873 2287 936 varia,
2326 887 2500 945 quam<

429 937 637 994 lubrica
650 939 748 1010 stt.

351 1072 709 1215 PRoxime
758 1097 883 1135 cum
949 1080 1093 1155 apud
1156 1080 1529 1137 centumviros
1594 1084 1625 1103 ²‘
1677 1080 2172 1162 [in-quadruplici
2223 1081 2478 1166 judicio]

461 1150 744 1217 dixissem,
794 1154 950 1210 subiit
1011 1154 1324 1209 recordatio
1385 1151 1584 1225 egiss'e,
1627 1172 1716 1209 me
1781 1171 2081 1225 juvenem,
2140 1153 2174 1180 ³'
2205 1170 2377 1227 aeque
2425 1173 2503 1211 in·

778 1244 796 1271 ⁴
849 1226 1113 1283 Processit
1174 1229 1377 1283 animus
1409 1266 1425 1290 ‚
1473 1241 1533 1280 ut
1589 1226 1764 1286 solet,
1808 1227 2061 1298 longius:
2113 1227 2271 1296 coepi
2321 1245 2481 1298 repu-

350 1310 500 1364 tare,
554 1316 690 1369 quos
741 1299 793 1353 in
846 1300 951 1355 hoc
995 1299 1248 1371 judicie,
1302 1317 1441 1372 quos
1490 1298 1545 1354 in
1596 1300 1690 1355 illo
1728 1298 1899 1354 socios
1939 1297 2134 1353 laboris
2175 1299 2505 1358 habuiflem..

269 1248 299 1282 2.
350 1223 701 1297 quadruplici.

352 1369 509 1426 Solus
548 1388 691 1428 eram
720 1410 737 1436 ,
801 1376 893 1444 qui
944 1376 1000 1429 in
1052 1387 1289 1447 utroque
1329 1371 1613 1428 dixissem:
1670 1372 1683 1398 ⁵
1726 1385 1894 1428 tantas
1933 1372 2310 1427 convertiones
2336 1411 2352 1435 ‚
2393 1389 2485 1430 aut

341 1579 381 1618 δε
402 1581 556 1621 coloniis
578 1593 719 1622 annum
742 1589 873 1627 veniae
895 1587 1104 1636 legitimum
1129 1584 1250 1625 LXX.
1273 1585 1377 1625 fuiffe

344 1631 546 1687 cxi-stimet,
574 1636 662 1673 niliil
686 1646 810 1677 motus
825 1668 835 1685 ‚
863 1638 967 1690 quod
990 1638 1087 1677 dieta
1106 1639 1187 1688 lege
1198 1639 1378 1688 quinqua-

338 1682 484 1739 gefirnus
515 1685 661 1734 quintus
692 1699 806 1728 annus
839 1690 1042 1730 definiatur.
1096 1690 1166 1730 Sed
1187 1691 1292 1729 Plinii
1312 1700 1377 1727 au-

346 1732 514 1773 ctoritate
550 1737 671 1785 postea
706 1740 805 1778 abuti
838 1753 916 1779 non
950 1742 1080 1781 licebit.
1114 1742 1239 1784 .Nam
1261 1741 1377 1790 scripti

343 1782 466 1823 Codd.
516 1788 708 1827 Mediceus
745 1819 756 1835 ‚
809 1792 973 1830 Riccard.
1019 1792 1219 1831 Lindenbr.

2327 1443 2340 1463 ¹
2378 1446 2485 1504 fra-

1439 1584 1644 1623 Vitellianis
1666 1580 1883 1621 cohortibus
1902 1578 2126 1620 ostentatum
2141 1610 2152 1628 ‚
2182 1593 2231 1620 ne
2252 1594 2366 1634 quam
2385 1585 2480 1626 ultra

1442 1635 1542 1685 spem
1567 1635 1748 1674 foverent.
1780 1634 1812 1672 C
1827 1645 1849 1669 Α
1864 1646 1886 1671 τ
1902 1644 1975 1670 ΑΝ.
2003 1634 2245 1672 Recentiores
2272 1634 2389 1684 scripti
2410 1642 2482 1675 Fa-

1443 1687 1496 1725 bio
1523 1686 1686 1732 Valenti,
1714 1694 1755 1724 ut
1778 1685 1896 1723 miior
1918 1696 1998 1734 pars
2020 1682 2289 1734 imprefforum.
2316 1686 2374 1724 At
2394 1688 2483 1728 Me-

1445 1737 1590 1783 diceus,
1622 1736 1822 1776 Lindenbr.
1847 1735 2002 1774 Helmst.
2024 1734 2265 1776 solummodo
2290 1749 2299 1775 :
2340 1738 2483 1781 Valenti

1275 1791 1378 1832 Voss.
1443 1794 1535 1834 Su03
1568 1789 1698 1826 Oxon.
1725 1788 1828 1827 Fabio
1851 1793 1927 1825 Suo.

341 1833 546 1876 Helmstad.
581 1840 710 1878 Oxon.
744 1841 907 1880 Arnzen.
941 1846 980 1882 &
1018 1843 1087 1882 Ed.
1117 1844 1204 1881 Vet.
1243 1844 1379 1883 habent

1493 1852 1513 1877 2
1546 1846 1586 1877 In
1602 1839 1824 1890 quadruplici
1836 1839 1972 1877 iudicio.
1986 1836 2001 1887 ]
2032 1838 2276 1878 Absunthaec
2287 1839 2332 1878 ab
2345 1840 2478 1882 Oxons

339 1883 465 1924 saltem
492 1902 500 1926 2
535 1903 624 1940 quae
655 1893 837 1930 maiorem
873 1896 976 1933 annis
1008 1895 1075 1932 otio
1109 1895 1267 1933 reddunt
1289 1923 1300 1940 ‚
1339 1905 1381 1935 ut
1444 1889 1608 1929 Riccard·
1636 1891 1836 1930 Lindenbr·
1861 1891 1899 1928 &
1923 1890 2127 1935 VOffiassQ
2148 1897 2195 1927 ut
2217 1892 2352 1929 merito
2374 1896 2479 1934 unCIs

339 1946 525 1977 annorum
548 1953 724 1981 numerus
747 1955 825 1981 non
847 1948 1084 1994 exprimatur.
1112 1946 1287 1989 Maiorem
1312 1959 1379 1984 an—
1441 1953 1483 1980 ea
1533 1942 1840 1982 circumdederint
1887 1941 2040 1991 quidam
2078 1941 2235 1998 impreffi
2261 1970 2271 1987 ‚
2299 1943 2481 1994 quidquid

341 1989 396 2025 nis
411 1988 508 2044 ‚dixit
530 1991 712 2031 seniorem
737 2023 747 2040 ,
775 2003 816 2032 ut
838 1998 953 2034 maior
975 2008 1070 2034 natu.
1097 2026 1107 2043 ,
1131 1997 1244 2034 maior
1266 2011 1377 2043 aevo,

340 2051 457 2077 maior
479 2054 597 2081 aetate
619 2044 728 2082 obvia
749 2046 854 2092 sunt,
880 2056 921 2086 ut
942 2049 1049 2086 annis
1062 2047 1220 2099 aequalis
1236 2077 1247 2094 ,
1272 2050 1376 2087 annis

335 2097 439 2147 part,
477 2096 585 2132 annis
610 2095 744 2142 fortior
771 2125 782 2141 ,
817 2100 996 2137 maturior
1021 2128 1031 2145 ,
1075 2101 1204 2150 gravis
1227 2128 1237 2145 ‚
1277 2101 1375 2149 apud

342 2141 458 2179 Ovid.
491 2144 599 2182 XIV.
634 2146 793 2185 Metam.
825 2160 874 2187 vs.
906 2151 993 2197 617.
1023 2151 1069 2189 ad
1106 2152 1189 2190 LiV.
1217 2163 1268 2189 vs.
1292 2164 1373 2197 447.

340 2190 409 2230 III.
433 2195 524 2232 Am.
547 2196 648 2245 Eleg.
675 2197 767 2235 VII.
788 2211 839 2237 vs.
860 2213 919 2247 42.
941 2202 980 2239 δε
1000 2202 1092 2242 alibi.
1121 2204 1178 2242 Sic
1199 2205 1238 2240 in
1251 2204 1374 2243 multis

343 2243 465 2284 Codd.
484 2246 653 2288 Maronis
677 2247 726 2286 11.
740 2249 842 2292 Aen.
864 2263 915 2291 vs.
941 2263 1025 2302 339.

386 2365 479 2405 ...¹
512 2370 583 2382 -.
632 2370 707 2384 --
757 2372 830 2385 --
879 2357 1126 2395 &maximus
1148 2358 1252 2396 annis

389 2404 548 2449 Aepnus.

338 2501 398 2540 ubi
421 2504 478 2560 alii
500 2506 683 2546 maximus
704 2510 828 2547 armis.
867 2509 968 2548 Nihil
987 2517 1113 2549 tamen
1134 2513 1344 2559 pronuncio
1359 2542 1369 2558 ,

337 2562 378 2609 ut
401 2566 462 2603 qui
483 2555 590 2596 sciam
606 2587 616 2603 ,
646 2571 758 2608 quarn
781 2562 883 2611 saepe
905 2573 1149 2599 numerorum
1179 2572 1291 2603 notae
1324 2565 1368 2602 ab

337 2604 482 2644 librariis
504 2607 637 2648 fuerint
659 2611 857 2660 negieotae.
887 2613 1041 2650 Coma.

391 2670 406 2694 1
441 2658 542 2696 Fabio
577 2661 762 2710 Valenti]
815 2663 944 2701 Fabius
979 2663 1102 2703 Valens
1128 2693 1140 2711 ‚
1187 2666 1244 2704 cui
1276 2666 1369 2704 haec

336 2708 496 2765 scribitur
528 2712 699 2760 epistola,
727 2714 865 2752 Consul
888 2727 973 2752 cuin
994 2715 1134 2754 Vetere
1158 2715 1252 2761 fuit,
1281 2729 1367 2756 cuin

339 2765 424 2814 reip.
459 2761 521 2801 diu
553 2762 665 2811 prefla
697 2765 847 2804 tandein
882 2768 918 2805 in
948 2766 1113 2805 Nervam
1148 2768 1366 2818 respirasset:

340 2810 401 2846 illo
436 2814 646 2853 Antoninus
667 2816 771 2862 Pius,
799 2817 903 2867 quod
934 2825 1010 2856 erat
1032 2820 1086 2857 vir
1104 2821 1239 2868 peritus
1254 2848 1264 2864 ,
1286 2820 1367 2858 usus

341 2859 389 2894 est
429 2862 657 2903 familiariter.
714 2869 867 2906 Valentis
907 2868 1150 2915 jurisconsulti
1195 2873 1367 2910 meminit

339 2907 468 2947 Parrus
501 2915 608 2951 titulo
645 2917 689 2954 de
722 2917 1059 2959 fideicommiffiiriis
1101 2923 1369 2962 hereditatibus.

342 2959 490 2996 Fabium
516 2966 695 3001 Valentem
716 2969 812 3015 leges
833 2971 930 3016 apud
953 2972 1130 3011 Tacitum
1146 3003 1156 3019 ,
1183 2976 1343 3023 legatum
1357 3002 1367 3018 ‚
1396 2970 1400 2975 ’

344 3011 552 3049 Vitelliani<
601 3025 716 3061 partes
759 3019 925 3055 secutum
948 3050 957 3063 ,
984 3024 1043 3059 cui
1089 3035 1223 3071 agmen
1248 3026 1367 3071 agenti

342 3063 527 3110 praecessit
560 3065 677 3113 aquila
710 3067 879 3113 clangore
912 3069 1041 3108 laeto:
1081 3075 1107 3110 is
1140 3088 1215 3113 non
1251 3065 1369 3113 inulto

344 3112 422 3162 post
456 3114 585 3155 Urbini
616 3117 655 3155 in
685 3116 844 3155 custodia
864 3118 1076 3162 interfeetus
1100 3124 1172 3172 est,
1201 3128 1240 3165 &
1263 3131 1371 3175 caput

1442 1993 1620 2032 Gruterus
1653 1991 1887 2032 contradicat.
1942 1993 2079 2044 Neque
2111 2005 2211 2030 enim
2254 1996 2478 2045 quadruplex

1438 2042 1604 2083 iudicium
1627 2044 1723 2083 aliud
1747 2044 1794 2083 est
1809 2075 1820 2091 ‚
1849 2056 1964 2095 quam
1987 2044 2245 2082 centumvirale
2266 2072 2279 2089 ‚
2306 2047 2346 2083 δε
2367 2046 2475 2086 altera

1441 2094 1685 2145 adpellatione
1709 2106 1905 2135 contentus
1930 2095 1996 2134 fuit
2021 2095 2105 2134 Lib.
2127 2094 2153 2132 I.
2175 2094 2285 2145 Epist.
2308 2096 2358 2135 V.
2382 2108 2419 2137 n.
2442 2110 2496 2147 4..

1442 2147 1549 2195 Epist.
1575 2147 1722 2185 XVIII.
1743 2159 1776 2185 n.
1803 2160 1835 2198 3.
1854 2149 1946 2187 alibi.

1504 2211 1523 2248 3
1558 2203 1678 2248 Aeque
1711 2198 1750 2235 in
1782 2198 2015 2250 quadruplici.
2046 2195 2157 2247 eyn]
2208 2197 2491 2240 Revocandam·

1443 2251 1568 2298 putavi
1599 2249 1801 2288 lectionem
1836 2251 1971 2290 codicis
2004 2251 2191 2294 Palatini,
2219 2249 2494 2290 confirmatam·

1442 2302 1649 2349 praesertim
1671 2301 1887 2341 auctoritate
1909 2303 2082 2340 omnium
2106 2301 2311 2340 editionum
2327 2329 2339 2346 ,
2366 2303 2475 2340 etiam

1443 2351 1626 2398 Aldinae,
1653 2355 1891 2402 agnitamque
1914 2356 2024 2391 etiam
2054 2364 2074 2389 a
2099 2353 2297 2392 Catanaeo.
2325 2352 2471 2398 Vulgati

1441 2414 1581 2453 nuper,
1609 2405 1646 2442 in
1671 2404 1890 2453 quadruplici
1906 2405 2056 2454 judicio:
2084 2402 2258 2456 processit,
2282 2411 2352 2441 wc·
2375 2409 2468 2454 quae

1443 2466 1528 2493 cum
1557 2457 1593 2495 se
1621 2459 1671 2494 ita
1702 2456 1860 2494 habeant
1886 2485 1896 2501 ,
1932 2457 2047 2506 liquet
2068 2484 2080 2501 ‚
2099 2454 2233 2506 jnJuste
2252 2457 2467 2506 recentiores

1439 2507 1596 2556 impreffi
1621 2508 1716 2556 prius
1741 2506 1826 2545 illud
1849 2508 1887 2545 in
1909 2506 2129 2558 quadruplici
2155 2503 2288 2554 judicto.
2311 2496 2465 2536 habeant

1439 2561 1541 2597 uncis
1562 2561 1749 2608 utiimque
1771 2558 1914 2606 septum
1929 2587 1940 2606 ‚
1966 2567 2142 2607 tanquam
2166 2545 2466 2604 fispuriumqffess·

1441 2609 1631 2649 GRUTER.
1663 2610 1769 2647 Unus
1790 2608 1895 2648 Voff.
1917 2622 2022 2659 aeque
2053 2608 2098 2662 in·
2126 2595 2342 2652 quadruphu
2372 2598 2470 2637 ”⁴¹1¹-

1441 2660 1507 2705 ci03
1543 2663 1666 2700 Ceteri
1691 2673 1824 2700 omnes
1847 2659 2066 2698 vocabulum
2089 2654 2264 2700 ,gnorant
2395 2700 2400 2705 ,
2464 2701 2467 2704 ,

1488 2724 1512 2758 4
1542 2712 1699 2760 Proseffit
1747 2710 1940 2758 animm]
1979 2707 2096 2743 Varro
2133 2700 2257 2744 Satyra
2289 2697 2466 2753 *Menipp.

1440 2763 1553 2803 Mitto
1574 2765 1739 2802 ant-mum
1753 2761 1968 2811 speculatus„
1982 2761 2047 2809 cet.
2074 2749 2226 2806 Bru-(rii.
2251 2748 2383 2786 Cicero
2397 2763 2466 2799 pro

1440 2813 1575 2854 Archia
1600 2827 1677 2862 cap,
1703 2814 1730 2851 Ι,
1758 2818 1856 2849 Nam
1878 2806 1992 2858 quoad
2016 2799 2214 2857 ion-gissinic
2232 2798 2335 2856 potcst
2359 2812 2466 2841 mens

1440 2878 1517 2902 mea
1540 2865 1713 2915 respicere
1725 2861 1881 2911 spatium
1901 2862 2080 2909 praeteriti
2101 2859 2263 2906 temporie
2286 2879 2295 2894 ‚
2325 2862 2368 2890 cy
2382 2862 2469 2905 pue--

1439 2917 1544 2954 ritiae
1573 2913 1778 2954 memoriam
1810 2906 1981 2946 recordari
2012 2901 2182 2939 ultimam
2205 2902 2332 2959 ,tinde
2359 2916 2468 2954 usqne

1440 2975 1591 3015 repetens
1617 2971 1685 3001 cet.
2171 3006 2174 3010 ι

1490 3029 1508 3063 5
1539 3021 1675 3051 Tantas
1723 3002 2029 3051 conversiones]
2071 3003 2295 3043 Mediceus:
2335 3016 2464 3046 tantae

1438 3063 1725 3111 conversationes.
1757 3058 1941 3095 Nimirum
1969 3056 2123 3093 deterior
2149 3065 2244 3093 actas
2277 3057 2465 3106 conversiv-

1438 3115 1566 3154 tionem
1598 3122 1665 3162 pro
1696 3107 1914 3158 conversione
1939 3107 2057 3153 dixit,
2094 3117 2133 3146 ut
2157 3107 2302 3147 Caelius
2334 3108 2462 3165 Aurel.

2380 3158 2465 3201 Lib.

2422 0 2616 140 ΨἬ

2547 68 2552 76 ,

2568 182 2597 220 '‘¹3-
