<?xml version="1.0" encoding="UTF-8"?>
<!DOCTYPE html PUBLIC "-//W3C//DTD XHTML 1.0 Transitional//EN"
    "http://www.w3.org/TR/xhtml1/DTD/xhtml1-transitional.dtd">
<html xmlns="http://www.w3.org/1999/xhtml" xml:lang="en" lang="en">
 <head>
  <title>
</title>
<meta http-equiv="Content-Type" content="text/html;charset=utf-8" />
  <meta name='ocr-system' content='tesseract 3.04.00' />
  <meta name='ocr-capabilities' content='ocr_page ocr_carea ocr_par ocr_line ocrx_word'/>
</head>
<body>
  <div class='ocr_page' id='page_1' title='image "./caiipliniicaecil00plin_0183.png"; bbox 0 0 2616 3686; ppageno 0'>
   <div class='ocr_carea' id='block_1_1' title="bbox 545 203 2279 270">
    <p class='ocr_par' dir='ltr' id='par_1_1' title="bbox 545 203 2279 270">
     <span class='ocr_line' id='line_1_1' title="bbox 545 203 2279 270; baseline 0.002 -4"><span class='ocrx_word' id='word_1_1' title='bbox 545 203 1861 267; x_wconf 70' lang='lat' dir='ltr'><strong>&#39;LIBERIL&#39;EPISTOLAx</strong></span> <span class='ocrx_word' id='word_1_2' title='bbox 2195 234 2279 270; x_wconf 66' lang='grc' dir='ltr'><strong>ιιι</strong></span> 
     </span>
    </p>
   </div>
   <div class='ocr_carea' id='block_1_2' title="bbox 190 290 2291 518">
    <p class='ocr_par' dir='ltr' id='par_1_2' title="bbox 190 290 2291 518">
     <span class='ocr_line' id='line_1_2' title="bbox 190 290 2291 384; baseline -0.001 -30"><span class='ocrx_word' id='word_1_3' title='bbox 190 301 456 378; x_wconf 75' lang='lat' dir='ltr'><strong>&#39;reposces2</strong></span> <span class='ocrx_word' id='word_1_4' title='bbox 494 297 718 373; x_wconf 84' lang='lat' dir='ltr'><strong>reddam</strong></span> <span class='ocrx_word' id='word_1_5' title='bbox 744 297 758 320; x_wconf 87' lang='lat'><em>¹</em></span> <span class='ocrx_word' id='word_1_6' title='bbox 795 290 846 350; x_wconf 71' lang='grc' dir='ltr'><strong>δέ</strong></span> <span class='ocrx_word' id='word_1_7' title='bbox 881 294 1048 350; x_wconf 76' lang='lat' dir='ltr'><strong>sinon</strong></span> <span class='ocrx_word' id='word_1_8' title='bbox 1076 293 1327 364; x_wconf 87' lang='lat' dir='ltr'><strong>reposcis.</strong></span> <span class='ocrx_word' id='word_1_9' title='bbox 1399 293 1687 384; x_wconf 63' lang='lat' dir='ltr'><strong>D2ffig5³¹2532</strong></span> <span class='ocrx_word' id='word_1_10' title='bbox 1724 292 1944 355; x_wconf 84' lang='lat' dir='ltr'><strong>coleris,</strong></span> <span class='ocrx_word' id='word_1_11' title='bbox 1984 295 2291 378; x_wconf 81' lang='lat' dir='ltr'><strong>frequenta-</strong></span> 
     </span>
     <span class='ocr_line' id='line_1_3' title="bbox 191 362 2285 518; baseline 0.002 -99"><span class='ocrx_word' id='word_1_12' title='bbox 191 369 713 518; x_wconf 43' lang='lat' dir='ltr'><strong>{igncistelgggmmo</strong></span> <span class='ocrx_word' id='word_1_13' title='bbox 737 367 869 424; x_wconf 87' lang='lat' dir='ltr'><strong>velle</strong></span> <span class='ocrx_word' id='word_1_14' title='bbox 896 380 984 432; x_wconf 90' lang='lat' dir='ltr'><strong>te,</strong></span> <span class='ocrx_word' id='word_1_15' title='bbox 1023 381 1124 421; x_wconf 91' lang='lat' dir='ltr'><strong>nec</strong></span> <span class='ocrx_word' id='word_1_16' title='bbox 1141 365 1404 429; x_wconf 90' lang='lat' dir='ltr'><strong>deerunt,</strong></span> <span class='ocrx_word' id='word_1_17' title='bbox 1474 379 1566 436; x_wconf 80' lang='lat' dir='ltr'><strong>qui</strong></span> <span class='ocrx_word' id='word_1_18' title='bbox 1598 362 1690 427; x_wconf 76' lang='lat' dir='ltr'><strong>id,</strong></span> <span class='ocrx_word' id='word_1_19' title='bbox 1730 363 1882 433; x_wconf 91' lang='lat' dir='ltr'><strong>quod</strong></span> <span class='ocrx_word' id='word_1_20' title='bbox 1909 376 1970 419; x_wconf 91' lang='lat' dir='ltr'><strong>tu</strong></span> <span class='ocrx_word' id='word_1_21' title='bbox 1996 370 2153 432; x_wconf 81' lang='lat' dir='ltr'><strong>velis,</strong></span> <span class='ocrx_word' id='word_1_22' title='bbox 2192 383 2285 422; x_wconf 92' lang='lat' dir='ltr'><strong>cu-</strong></span> 
     </span>
    </p>
   </div>
   <div class='ocr_carea' id='block_1_3' title="bbox 400 556 2056 639">
    <p class='ocr_par' dir='ltr' id='par_1_3' title="bbox 400 532 2056 639">
     <span class='ocr_line' id='line_1_4' title="bbox 400 556 2056 639; baseline -0.006 1"><span class='ocrx_word' id='word_1_23' title='bbox 400 584 474 639; x_wconf 87' lang='lat' dir='ltr'><strong>X.</strong></span> <span class='ocrx_word' id='word_1_24' title='bbox 547 556 1120 635; x_wconf 25' lang='lat' dir='ltr'><strong>C.⁴P1.1N1us</strong></span> <span class='ocrx_word' id='word_1_25' title='bbox 1196 576 1668 632; x_wconf 65' lang='lat' dir='ltr'><strong>OcrAv1o</strong></span> <span class='ocrx_word' id='word_1_26' title='bbox 1746 569 1926 629; x_wconf 87' lang='lat' dir='ltr'><strong>Suo</strong></span> <span class='ocrx_word' id='word_1_27' title='bbox 2001 573 2056 630; x_wconf 89' lang='lat' dir='ltr'><strong>S.</strong></span> 
     </span>
    </p>
   </div>
   <div class='ocr_carea' id='block_1_4' title="bbox 195 708 2289 858">
    <p class='ocr_par' dir='ltr' id='par_1_4' title="bbox 195 708 2289 858">
     <span class='ocr_line' id='line_1_5' title="bbox 195 708 2289 840; baseline -0.008 -64"><span class='ocrx_word' id='word_1_28' title='bbox 195 719 478 777; x_wconf 70' lang='lat' dir='ltr'><strong>OHavium</strong></span> <span class='ocrx_word' id='word_1_29' title='bbox 511 712 813 770; x_wconf 82' lang='lat' dir='ltr'><em>admiratur</em></span> <span class='ocrx_word' id='word_1_30' title='bbox 837 717 977 785; x_wconf 64' lang='lat' dir='ltr'><strong>poste</strong></span> <span class='ocrx_word' id='word_1_31' title='bbox 1015 711 1518 840; x_wconf 54' lang='grc' dir='ltr'><strong>τανηὲἰὶκᾱρᾳηῐὶηενέ</strong></span> <span class='ocrx_word' id='word_1_32' title='bbox 1552 710 1737 779; x_wconf 76' lang='lat' dir='ltr'><strong>versus</strong></span> <span class='ocrx_word' id='word_1_33' title='bbox 1773 709 1899 778; x_wconf 60' lang='lat' dir='ltr'><strong>filos</strong></span> <span class='ocrx_word' id='word_1_34' title='bbox 1933 746 1951 774; x_wconf 92' lang='lat'>‚</span> <span class='ocrx_word' id='word_1_35' title='bbox 2014 708 2289 766; x_wconf 80' lang='lat' dir='ltr'><strong>hortatur.</strong></span> 
     </span>
     <span class='ocr_line' id='line_1_6' title="bbox 957 796 1464 858; baseline -0.002 -19"><span class='ocrx_word' id='word_1_36' title='bbox 957 803 1055 858; x_wconf 81' lang='lat' dir='ltr'><strong>que</strong></span> <span class='ocrx_word' id='word_1_37' title='bbox 1079 804 1110 839; x_wconf 85' lang='lat' dir='ltr'><em>a</em></span> <span class='ocrx_word' id='word_1_38' title='bbox 1174 804 1199 838; x_wconf 85' lang='lat' dir='ltr'><strong>e</strong></span> <span class='ocrx_word' id='word_1_39' title='bbox 1236 796 1464 838; x_wconf 74' lang='lat' dir='ltr'><strong>ettonem.</strong></span> 
     </span>
    </p>
   </div>
   <div class='ocr_carea' id='block_1_5' title="bbox 193 910 2289 1136">
    <p class='ocr_par' dir='ltr' id='par_1_5' title="bbox 193 910 2289 1136">
     <span class='ocr_line' id='line_1_7' title="bbox 203 910 2289 994; baseline -0.002 -14"><span class='ocrx_word' id='word_1_40' title='bbox 203 910 222 980; x_wconf 51' lang='grc' dir='ltr'><strong>,ὅ</strong></span> <span class='ocrx_word' id='word_1_41' title='bbox 395 919 645 978; x_wconf 88' lang='lat' dir='ltr'><strong>Ominem</strong></span> <span class='ocrx_word' id='word_1_42' title='bbox 669 936 723 977; x_wconf 92' lang='lat' dir='ltr'><strong>te</strong></span> <span class='ocrx_word' id='word_1_43' title='bbox 754 922 1080 994; x_wconf 88' lang='lat' dir='ltr'><strong>patientem,</strong></span> <span class='ocrx_word' id='word_1_44' title='bbox 1116 921 1199 976; x_wconf 90' lang='lat' dir='ltr'><strong>vel</strong></span> <span class='ocrx_word' id='word_1_45' title='bbox 1231 921 1408 994; x_wconf 86' lang='lat' dir='ltr'><strong>potius</strong></span> <span class='ocrx_word' id='word_1_46' title='bbox 1428 938 1446 964; x_wconf 80' lang='lat'><strong>⁴</strong></span> <span class='ocrx_word' id='word_1_47' title='bbox 1468 920 1697 984; x_wconf 88' lang='lat' dir='ltr'><strong>durum,</strong></span> <span class='ocrx_word' id='word_1_48' title='bbox 1735 936 1795 972; x_wconf 86' lang='lat' dir='ltr'><strong>ac</strong></span> <span class='ocrx_word' id='word_1_49' title='bbox 1824 935 1961 990; x_wconf 90' lang='lat' dir='ltr'><strong>pene</strong></span> <span class='ocrx_word' id='word_1_50' title='bbox 1988 919 2289 987; x_wconf 84' lang='lat' dir='ltr'><strong>crudelem,</strong></span> 
     </span>
     <span class='ocr_line' id='line_1_8' title="bbox 240 927 2287 1065; baseline 0.001 -19"><span class='ocrx_word' id='word_1_51' title='bbox 240 927 484 1063; x_wconf 87' lang='lat' dir='ltr'><strong>Hqui</strong></span> <span class='ocrx_word' id='word_1_52' title='bbox 519 1007 627 1049; x_wconf 85' lang='lat' dir='ltr'><strong>tam</strong></span> <span class='ocrx_word' id='word_1_53' title='bbox 662 993 886 1065; x_wconf 84' lang='lat' dir='ltr'><strong>infignes</strong></span> <span class='ocrx_word' id='word_1_54' title='bbox 918 993 1082 1049; x_wconf 85' lang='lat' dir='ltr'><strong>libros</strong></span> <span class='ocrx_word' id='word_1_55' title='bbox 1121 1007 1228 1048; x_wconf 87' lang='lat' dir='ltr'><strong>tam</strong></span> <span class='ocrx_word' id='word_1_56' title='bbox 1277 992 1370 1047; x_wconf 89' lang='lat' dir='ltr'><strong>diu</strong></span> <span class='ocrx_word' id='word_1_57' title='bbox 1405 994 1624 1046; x_wconf 88' lang='lat' dir='ltr'><strong>teneas!</strong></span> <span class='ocrx_word' id='word_1_58' title='bbox 1689 991 1987 1063; x_wconf 86' lang='lat' dir='ltr'><strong>Quousque</strong></span> <span class='ocrx_word' id='word_1_59' title='bbox 2027 993 2080 1046; x_wconf 73' lang='grc' dir='ltr'><strong>δε</strong></span> <span class='ocrx_word' id='word_1_60' title='bbox 2110 992 2206 1048; x_wconf 81' lang='lat' dir='ltr'><strong>tibi</strong></span> <span class='ocrx_word' id='word_1_61' title='bbox 2233 996 2287 1049; x_wconf 66' lang='grc' dir='ltr'><strong>ὃς</strong></span> 
     </span>
     <span class='ocr_line' id='line_1_9' title="bbox 193 1064 2289 1136; baseline -0.003 -9"><span class='ocrx_word' id='word_1_62' title='bbox 193 1065 344 1127; x_wconf 68' lang='lat' dir='ltr'><strong>&#39;nobis</strong></span> <span class='ocrx_word' id='word_1_63' title='bbox 369 1065 664 1123; x_wconf 86' lang='lat' dir='ltr'><strong>invidebis?</strong></span> <span class='ocrx_word' id='word_1_64' title='bbox 705 1066 829 1131; x_wconf 91' lang='lat' dir='ltr'><strong>tibi,</strong></span> <span class='ocrx_word' id='word_1_65' title='bbox 865 1069 1132 1125; x_wconf 82' lang='lat' dir='ltr'><strong>⁵maxima</strong></span> <span class='ocrx_word' id='word_1_66' title='bbox 1168 1064 1356 1122; x_wconf 87' lang='lat' dir='ltr'><strong>laude:</strong></span> <span class='ocrx_word' id='word_1_67' title='bbox 1406 1064 1590 1129; x_wconf 77' lang='lat' dir='ltr'><strong>nobi5‚</strong></span> <span class='ocrx_word' id='word_1_68' title='bbox 1637 1065 1960 1135; x_wconf 84' lang='lat' dir='ltr'><strong>voluptate?</strong></span> <span class='ocrx_word' id='word_1_69' title='bbox 2042 1065 2167 1119; x_wconf 81' lang='lat' dir='ltr'><strong>Sine</strong></span> <span class='ocrx_word' id='word_1_70' title='bbox 2193 1084 2289 1136; x_wconf 88' lang='lat' dir='ltr'><strong>per</strong></span> 
     </span>
    </p>
   </div>
   <div class='ocr_carea' id='block_1_6' title="bbox 2195 1155 2289 1193">
    <p class='ocr_par' dir='ltr' id='par_1_6' title="bbox 2195 1155 2289 1193">
     <span class='ocr_line' id='line_1_10' title="bbox 2195 1155 2289 1193; baseline 0.011 -1"><span class='ocrx_word' id='word_1_71' title='bbox 2195 1155 2289 1193; x_wconf 76' lang='lat' dir='ltr'><strong>Osa</strong></span> 
     </span>
    </p>
   </div>
   <div class='ocr_carea' id='block_1_7' title="bbox 184 1270 2300 1980">
    <p class='ocr_par' dir='ltr' id='par_1_7' title="bbox 184 1270 2298 1728">
     <span class='ocr_line' id='line_1_11' title="bbox 184 1270 2291 1370; baseline -0.002 -52"><span class='ocrx_word' id='word_1_72' title='bbox 184 1270 347 1370; x_wconf 46' lang='lat' dir='ltr'><strong>&#39;partomi</strong></span> <span class='ocrx_word' id='word_1_73' title='bbox 378 1282 496 1327; x_wconf 88' lang='lat' dir='ltr'><strong>forte,</strong></span> <span class='ocrx_word' id='word_1_74' title='bbox 523 1283 607 1332; x_wconf 86' lang='lat' dir='ltr'><strong>quia</strong></span> <span class='ocrx_word' id='word_1_75' title='bbox 630 1291 675 1319; x_wconf 84' lang='lat' dir='ltr'><strong>ex</strong></span> <span class='ocrx_word' id='word_1_76' title='bbox 696 1279 929 1330; x_wconf 80' lang='lat' dir='ltr'><strong>praecedenti</strong></span> <span class='ocrx_word' id='word_1_77' title='bbox 950 1290 1046 1318; x_wconf 89' lang='lat' dir='ltr'><strong>voce</strong></span> <span class='ocrx_word' id='word_1_78' title='bbox 1071 1280 1199 1318; x_wconf 84' lang='lat' dir='ltr'><strong>ultima</strong></span> <span class='ocrx_word' id='word_1_79' title='bbox 1225 1274 1232 1331; x_wconf 85' lang='lat' dir='ltr'><strong>l</strong></span> <span class='ocrx_word' id='word_1_80' title='bbox 1264 1277 1458 1323; x_wconf 80' lang='lat' dir='ltr'><strong>abiudico,</strong></span> <span class='ocrx_word' id='word_1_81' title='bbox 1483 1289 1553 1316; x_wconf 87' lang='lat' dir='ltr'><strong>nec</strong></span> <span class='ocrx_word' id='word_1_82' title='bbox 1564 1276 1628 1328; x_wconf 84' lang='lat' dir='ltr'><strong>ipsi</strong></span> <span class='ocrx_word' id='word_1_83' title='bbox 1648 1277 1792 1322; x_wconf 73' lang='lat' dir='ltr'><strong>Plinio,</strong></span> <span class='ocrx_word' id='word_1_84' title='bbox 1820 1275 1845 1314; x_wconf 88' lang='lat' dir='ltr'><strong>fi</strong></span> <span class='ocrx_word' id='word_1_85' title='bbox 1869 1277 1940 1315; x_wconf 81' lang='lat' dir='ltr'><strong>alio</strong></span> <span class='ocrx_word' id='word_1_86' title='bbox 1962 1277 2050 1314; x_wconf 83' lang='lat' dir='ltr'><strong>loco</strong></span> <span class='ocrx_word' id='word_1_87' title='bbox 2071 1274 2291 1333; x_wconf 66' lang='lat' dir='ltr'><strong>haberetur,⁷</strong></span> 
     </span>
     <span class='ocr_line' id='line_1_12' title="bbox 204 1326 2292 1381; baseline -0.001 -13"><span class='ocrx_word' id='word_1_88' title='bbox 204 1331 302 1370; x_wconf 79' lang='lat' dir='ltr'><strong>&#39;ttera</strong></span> <span class='ocrx_word' id='word_1_89' title='bbox 332 1330 496 1381; x_wconf 86' lang='lat' dir='ltr'><strong>sequenti</strong></span> <span class='ocrx_word' id='word_1_90' title='bbox 528 1333 709 1371; x_wconf 89' lang='lat' dir='ltr'><strong>vocabulo</strong></span> <span class='ocrx_word' id='word_1_91' title='bbox 730 1333 903 1371; x_wconf 84' lang='lat' dir='ltr'><strong>adcrevit.</strong></span> <span class='ocrx_word' id='word_1_92' title='bbox 933 1329 1131 1369; x_wconf 87' lang='lat' dir='ltr'><strong>Lindenbr.</strong></span> <span class='ocrx_word' id='word_1_93' title='bbox 1160 1331 1199 1368; x_wconf 84' lang='lat'>&amp;</span> <span class='ocrx_word' id='word_1_94' title='bbox 1229 1337 1234 1374; x_wconf 65' lang='lat'>2</span> <span class='ocrx_word' id='word_1_95' title='bbox 1265 1336 1328 1365; x_wconf 87' lang='lat' dir='ltr'><strong>aut</strong></span> <span class='ocrx_word' id='word_1_96' title='bbox 1350 1329 1473 1367; x_wconf 83' lang='lat' dir='ltr'><strong>saltem</strong></span> <span class='ocrx_word' id='word_1_97' title='bbox 1496 1328 1618 1367; x_wconf 89' lang='lat' dir='ltr'><strong>Codd.</strong></span> <span class='ocrx_word' id='word_1_98' title='bbox 1648 1328 1903 1376; x_wconf 78' lang='lat' dir='ltr'><strong>conspirarent.</strong></span> <span class='ocrx_word' id='word_1_99' title='bbox 1960 1327 2013 1364; x_wconf 89' lang='lat' dir='ltr'><strong>At</strong></span> <span class='ocrx_word' id='word_1_100' title='bbox 2044 1326 2292 1376; x_wconf 75' lang='lat' dir='ltr'><strong>praestantissi-</strong></span> 
     </span>
     <span class='ocr_line' id='line_1_13' title="bbox 187 1376 2291 1433; baseline -0.002 -15"><span class='ocrx_word' id='word_1_101' title='bbox 187 1381 293 1420; x_wconf 75' lang='lat' dir='ltr'><strong>Voss&#39;.</strong></span> <span class='ocrx_word' id='word_1_102' title='bbox 346 1387 466 1432; x_wconf 84' lang='lat' dir='ltr'><strong>Teque</strong></span> <span class='ocrx_word' id='word_1_103' title='bbox 491 1382 617 1431; x_wconf 79' lang='lat' dir='ltr'><strong>obsecro</strong></span> <span class='ocrx_word' id='word_1_104' title='bbox 632 1410 642 1428; x_wconf 91' lang='lat'><strong>,</strong></span> <span class='ocrx_word' id='word_1_105' title='bbox 670 1394 764 1433; x_wconf 81' lang='lat' dir='ltr'><strong>quae</strong></span> <span class='ocrx_word' id='word_1_106' title='bbox 793 1386 831 1422; x_wconf 72' lang='grc' dir='ltr'><strong>ὃς</strong></span> <span class='ocrx_word' id='word_1_107' title='bbox 854 1383 1010 1430; x_wconf 84' lang='lat' dir='ltr'><strong>Gryphii</strong></span> <span class='ocrx_word' id='word_1_108' title='bbox 1033 1381 1201 1429; x_wconf 83' lang='lat' dir='ltr'><strong>scriptura</strong></span> <span class='ocrx_word' id='word_1_109' title='bbox 1230 1377 1235 1389; x_wconf 83' lang='lat'><strong>⁴</strong></span> <span class='ocrx_word' id='word_1_110' title='bbox 1266 1390 1349 1416; x_wconf 87' lang='lat' dir='ltr'><strong>mus</strong></span> <span class='ocrx_word' id='word_1_111' title='bbox 1371 1378 1562 1418; x_wconf 84' lang='lat' dir='ltr'><strong>Mediceus</strong></span> <span class='ocrx_word' id='word_1_112' title='bbox 1585 1390 1669 1416; x_wconf 89' lang='lat' dir='ltr'><strong>cum</strong></span> <span class='ocrx_word' id='word_1_113' title='bbox 1696 1377 1893 1416; x_wconf 87' lang='lat' dir='ltr'><strong>Lindenbr.</strong></span> <span class='ocrx_word' id='word_1_114' title='bbox 1917 1377 2075 1415; x_wconf 87' lang='lat' dir='ltr'><strong>nostram</strong></span> <span class='ocrx_word' id='word_1_115' title='bbox 2087 1376 2291 1415; x_wconf 68' lang='lat' dir='ltr'><strong>lestionem</strong></span> 
     </span>
     <span class='ocr_line' id='line_1_14' title="bbox 187 1427 2293 1478; baseline -0.002 -11"><span class='ocrx_word' id='word_1_116' title='bbox 187 1430 249 1473; x_wconf 80' lang='lat' dir='ltr'><strong>est.</strong></span> <span class='ocrx_word' id='word_1_117' title='bbox 301 1432 460 1470; x_wconf 85' lang='lat' dir='ltr'><strong>Amzen.</strong></span> <span class='ocrx_word' id='word_1_118' title='bbox 491 1432 627 1470; x_wconf 75' lang='lat' dir='ltr'><strong>honeris</strong></span> <span class='ocrx_word' id='word_1_119' title='bbox 651 1462 662 1478; x_wconf 89' lang='lat'><strong><em>‚</em></strong></span> <span class='ocrx_word' id='word_1_120' title='bbox 700 1445 746 1472; x_wconf 80' lang='lat' dir='ltr'><strong>ex</strong></span> <span class='ocrx_word' id='word_1_121' title='bbox 793 1445 843 1471; x_wconf 83' lang='lat' dir='ltr'><strong>uo</strong></span> <span class='ocrx_word' id='word_1_122' title='bbox 865 1433 919 1470; x_wconf 77' lang='lat' dir='ltr'><strong>vir</strong></span> <span class='ocrx_word' id='word_1_123' title='bbox 942 1431 1071 1469; x_wconf 60' lang='lat' dir='ltr'><strong>doetus</strong></span> <span class='ocrx_word' id='word_1_124' title='bbox 1094 1431 1202 1469; x_wconf 73' lang='lat' dir='ltr'><strong>facie·</strong></span> <span class='ocrx_word' id='word_1_125' title='bbox 1267 1427 1459 1474; x_wconf 84' lang='lat' dir='ltr'><strong>adserunt,</strong></span> <span class='ocrx_word' id='word_1_126' title='bbox 1485 1440 1598 1478; x_wconf 87' lang='lat' dir='ltr'><strong>quam</strong></span> <span class='ocrx_word' id='word_1_127' title='bbox 1622 1430 1681 1466; x_wconf 72' lang='lat' dir='ltr'><strong>alii</strong></span> <span class='ocrx_word' id='word_1_128' title='bbox 1703 1430 1893 1466; x_wconf 87' lang='lat' dir='ltr'><strong>immerito</strong></span> <span class='ocrx_word' id='word_1_129' title='bbox 1909 1427 2155 1475; x_wconf 85' lang='lat' dir='ltr'><strong>repudiarunt.</strong></span> <span class='ocrx_word' id='word_1_130' title='bbox 2184 1427 2293 1464; x_wconf 77' lang='lat' dir='ltr'><strong>Cice-</strong></span> 
     </span>
     <span class='ocr_line' id='line_1_15' title="bbox 187 1475 2294 1532; baseline -0.003 -13"><span class='ocrx_word' id='word_1_131' title='bbox 187 1478 250 1519; x_wconf 84' lang='lat' dir='ltr'><strong>bat</strong></span> <span class='ocrx_word' id='word_1_132' title='bbox 271 1480 430 1527; x_wconf 78' lang='lat' dir='ltr'><strong>honoris,</strong></span> <span class='ocrx_word' id='word_1_133' title='bbox 456 1482 559 1532; x_wconf 73' lang='lat' dir='ltr'><strong>quod</strong></span> <span class='ocrx_word' id='word_1_134' title='bbox 581 1482 658 1521; x_wconf 90' lang='lat' dir='ltr'><strong>fieri</strong></span> <span class='ocrx_word' id='word_1_135' title='bbox 679 1493 758 1521; x_wconf 86' lang='lat' dir='ltr'><strong>non</strong></span> <span class='ocrx_word' id='word_1_136' title='bbox 795 1482 945 1525; x_wconf 84' lang='lat' dir='ltr'><strong>ebebat,</strong></span> <span class='ocrx_word' id='word_1_137' title='bbox 971 1481 1204 1530; x_wconf 88' lang='lat' dir='ltr'><strong>quandoqui-</strong></span> <span class='ocrx_word' id='word_1_138' title='bbox 1266 1488 1310 1514; x_wconf 86' lang='lat' dir='ltr'><strong>ro</strong></span> <span class='ocrx_word' id='word_1_139' title='bbox 1359 1479 1386 1516; x_wconf 79' lang='lat'><strong>1.</strong></span> <span class='ocrx_word' id='word_1_140' title='bbox 1424 1479 1470 1516; x_wconf 91' lang='lat' dir='ltr'><strong>de</strong></span> <span class='ocrx_word' id='word_1_141' title='bbox 1509 1478 1652 1517; x_wconf 75' lang='lat' dir='ltr'><strong>iuvent.</strong></span> <span class='ocrx_word' id='word_1_142' title='bbox 1686 1489 1762 1525; x_wconf 86' lang='lat' dir='ltr'><strong>cap.</strong></span> <span class='ocrx_word' id='word_1_143' title='bbox 1794 1477 1970 1514; x_wconf 89' lang='lat' dir='ltr'>XXXIX.</span> <span class='ocrx_word' id='word_1_144' title='bbox 2002 1476 2082 1526; x_wconf 79' lang='lat' dir='ltr'><strong>Niss</strong></span> <span class='ocrx_word' id='word_1_145' title='bbox 2102 1475 2164 1520; x_wconf 89' lang='lat' dir='ltr'><strong>id,</strong></span> <span class='ocrx_word' id='word_1_146' title='bbox 2190 1476 2294 1525; x_wconf 86' lang='lat' dir='ltr'><strong>quod</strong></span> 
     </span>
     <span class='ocr_line' id='line_1_16' title="bbox 188 1527 2294 1578; baseline -0.002 -9"><span class='ocrx_word' id='word_1_147' title='bbox 188 1529 276 1569; x_wconf 81' lang='lat' dir='ltr'><strong>dem</strong></span> <span class='ocrx_word' id='word_1_148' title='bbox 303 1540 399 1570; x_wconf 86' lang='lat' dir='ltr'><strong>certa</strong></span> <span class='ocrx_word' id='word_1_149' title='bbox 424 1533 651 1571; x_wconf 83' lang='lat' dir='ltr'><strong>librariorum</strong></span> <span class='ocrx_word' id='word_1_150' title='bbox 681 1533 782 1569; x_wconf 84' lang='lat' dir='ltr'><strong>natio</strong></span> <span class='ocrx_word' id='word_1_151' title='bbox 809 1532 948 1578; x_wconf 86' lang='lat' dir='ltr'><strong>semper</strong></span> <span class='ocrx_word' id='word_1_152' title='bbox 970 1529 1080 1567; x_wconf 83' lang='lat' dir='ltr'><strong>honus</strong></span> <span class='ocrx_word' id='word_1_153' title='bbox 1105 1559 1115 1574; x_wconf 92' lang='lat'>‚</span> <span class='ocrx_word' id='word_1_154' title='bbox 1144 1531 1205 1566; x_wconf 82' lang='lat' dir='ltr'><strong>ho·-</strong></span> <span class='ocrx_word' id='word_1_155' title='bbox 1260 1528 1439 1577; x_wconf 83' lang='lat' dir='ltr'><strong>scriptum</strong></span> <span class='ocrx_word' id='word_1_156' title='bbox 1469 1527 1513 1576; x_wconf 78' lang='lat' dir='ltr'><strong>est</strong></span> <span class='ocrx_word' id='word_1_157' title='bbox 1542 1529 1581 1565; x_wconf 85' lang='lat' dir='ltr'><strong>in</strong></span> <span class='ocrx_word' id='word_1_158' title='bbox 1612 1529 1703 1578; x_wconf 76' lang='lat' dir='ltr'><strong>lege,</strong></span> <span class='ocrx_word' id='word_1_159' title='bbox 1724 1527 1922 1577; x_wconf 70' lang='lat' dir='ltr'><strong>ft‘iuimini.</strong></span> <span class='ocrx_word' id='word_1_160' title='bbox 1978 1527 2035 1565; x_wconf 87' lang='lat' dir='ltr'><strong>Sic</strong></span> <span class='ocrx_word' id='word_1_161' title='bbox 2056 1527 2294 1565; x_wconf 83' lang='lat' dir='ltr'><strong>membranae</strong></span> 
     </span>
     <span class='ocr_line' id='line_1_17' title="bbox 189 1577 2298 1628; baseline -0.002 -10"><span class='ocrx_word' id='word_1_162' title='bbox 189 1581 279 1619; x_wconf 83' lang='lat' dir='ltr'><strong>neris</strong></span> <span class='ocrx_word' id='word_1_163' title='bbox 300 1609 311 1625; x_wconf 90' lang='lat'>‚</span> <span class='ocrx_word' id='word_1_164' title='bbox 347 1593 413 1628; x_wconf 91' lang='lat' dir='ltr'><strong>pro</strong></span> <span class='ocrx_word' id='word_1_165' title='bbox 442 1594 527 1617; x_wconf 84' lang='lat' dir='ltr'><strong>onus</strong></span> <span class='ocrx_word' id='word_1_166' title='bbox 550 1580 698 1618; x_wconf 87' lang='lat' dir='ltr'><strong>scribere</strong></span> <span class='ocrx_word' id='word_1_167' title='bbox 719 1580 819 1616; x_wconf 84' lang='lat' dir='ltr'><strong>solet.</strong></span> <span class='ocrx_word' id='word_1_168' title='bbox 873 1585 971 1615; x_wconf 82' lang='lat' dir='ltr'><strong>onus</strong></span> <span class='ocrx_word' id='word_1_169' title='bbox 993 1579 1097 1618; x_wconf 84' lang='lat' dir='ltr'><strong>Plinii</strong></span> <span class='ocrx_word' id='word_1_170' title='bbox 1118 1591 1205 1618; x_wconf 85' lang='lat' dir='ltr'><strong>vere</strong></span> <span class='ocrx_word' id='word_1_171' title='bbox 1269 1577 1435 1624; x_wconf 85' lang='lat' dir='ltr'><strong>nostrae,</strong></span> <span class='ocrx_word' id='word_1_172' title='bbox 1463 1590 1550 1615; x_wconf 89' lang='lat' dir='ltr'><strong>cum</strong></span> <span class='ocrx_word' id='word_1_173' title='bbox 1573 1581 1686 1628; x_wconf 78' lang='lat' dir='ltr'><strong>vulgo</strong></span> <span class='ocrx_word' id='word_1_174' title='bbox 1709 1578 1757 1616; x_wconf 85' lang='lat' dir='ltr'><strong>ibi</strong></span> <span class='ocrx_word' id='word_1_175' title='bbox 1778 1589 1931 1628; x_wconf 87' lang='lat' dir='ltr'><strong>quoque</strong></span> <span class='ocrx_word' id='word_1_176' title='bbox 1958 1577 1997 1614; x_wconf 82' lang='lat' dir='ltr'><strong>id</strong></span> <span class='ocrx_word' id='word_1_177' title='bbox 2028 1578 2201 1615; x_wconf 87' lang='lat' dir='ltr'><strong>omittere</strong></span> <span class='ocrx_word' id='word_1_178' title='bbox 2240 1577 2298 1614; x_wconf 85' lang='lat' dir='ltr'><strong>so·</strong></span> 
     </span>
     <span class='ocr_line' id='line_1_18' title="bbox 191 1626 2293 1680; baseline -0 -13"><span class='ocrx_word' id='word_1_179' title='bbox 191 1630 382 1668; x_wconf 78' lang='lat' dir='ltr'><strong>existimari</strong></span> <span class='ocrx_word' id='word_1_180' title='bbox 403 1628 504 1678; x_wconf 80' lang='lat' dir='ltr'><strong>poffc</strong></span> <span class='ocrx_word' id='word_1_181' title='bbox 526 1629 621 1666; x_wconf 83' lang='lat' dir='ltr'><strong>hauc</strong></span> <span class='ocrx_word' id='word_1_182' title='bbox 653 1640 721 1678; x_wconf 90' lang='lat' dir='ltr'><strong>pro</strong></span> <span class='ocrx_word' id='word_1_183' title='bbox 754 1630 878 1667; x_wconf 83' lang='lat' dir='ltr'><strong>amico</strong></span> <span class='ocrx_word' id='word_1_184' title='bbox 916 1628 1208 1668; x_wconf 83' lang='lat' dir='ltr'><strong>sollicitudinem</strong></span> <span class='ocrx_word' id='word_1_185' title='bbox 1269 1628 1377 1666; x_wconf 86' lang='lat' dir='ltr'><strong>leant.</strong></span> <span class='ocrx_word' id='word_1_186' title='bbox 1430 1629 1596 1666; x_wconf 86' lang='lat' dir='ltr'><strong>Voffian.</strong></span> <span class='ocrx_word' id='word_1_187' title='bbox 1643 1629 1736 1680; x_wconf 78' lang='lat' dir='ltr'><strong>quod</strong></span> <span class='ocrx_word' id='word_1_188' title='bbox 1772 1628 1885 1672; x_wconf 73' lang='lat' dir='ltr'><strong>velis,</strong></span> <span class='ocrx_word' id='word_1_189' title='bbox 1930 1626 2004 1664; x_wconf 87' lang='lat' dir='ltr'><strong>fine</strong></span> <span class='ocrx_word' id='word_1_190' title='bbox 2040 1626 2293 1666; x_wconf 85' lang='lat' dir='ltr'><strong>Pronomine:</strong></span> 
     </span>
     <span class='ocr_line' id='line_1_19' title="bbox 191 1677 2121 1728; baseline -0.002 -11"><span class='ocrx_word' id='word_1_191' title='bbox 191 1690 238 1717; x_wconf 84' lang='lat' dir='ltr'><strong>ex</strong></span> <span class='ocrx_word' id='word_1_192' title='bbox 260 1689 337 1718; x_wconf 78' lang='lat' dir='ltr'><strong>tota</strong></span> <span class='ocrx_word' id='word_1_193' title='bbox 362 1679 519 1728; x_wconf 81' lang='lat' dir='ltr'><strong>Epistola</strong></span> <span class='ocrx_word' id='word_1_194' title='bbox 542 1686 651 1728; x_wconf 77' lang='lat' dir='ltr'><strong>patet.</strong></span> <span class='ocrx_word' id='word_1_195' title='bbox 1273 1689 1386 1727; x_wconf 88' lang='lat' dir='ltr'><strong>quem</strong></span> <span class='ocrx_word' id='word_1_196' title='bbox 1401 1705 1412 1722; x_wconf 93' lang='lat'>‚</span> <span class='ocrx_word' id='word_1_197' title='bbox 1440 1689 1547 1715; x_wconf 90' lang='lat' dir='ltr'><strong>more</strong></span> <span class='ocrx_word' id='word_1_198' title='bbox 1569 1679 1636 1716; x_wconf 89' lang='lat' dir='ltr'><strong>suo</strong></span> <span class='ocrx_word' id='word_1_199' title='bbox 1650 1707 1661 1723; x_wconf 88' lang='lat'><strong>,</strong></span> <span class='ocrx_word' id='word_1_200' title='bbox 1687 1678 1828 1715; x_wconf 82' lang='lat' dir='ltr'><strong>secutus</strong></span> <span class='ocrx_word' id='word_1_201' title='bbox 1850 1677 1899 1715; x_wconf 93' lang='lat' dir='ltr'><strong>est</strong></span> <span class='ocrx_word' id='word_1_202' title='bbox 1922 1677 2121 1725; x_wconf 74' lang='lat' dir='ltr'><strong>GryphiUs.</strong></span> 
     </span>
    </p>

    <p class='ocr_par' dir='ltr' id='par_1_8' title="bbox 192 1726 2300 1980">
     <span class='ocr_line' id='line_1_20' title="bbox 245 1726 2298 1779; baseline -0 -11"><span class='ocrx_word' id='word_1_203' title='bbox 245 1743 260 1768; x_wconf 92' lang='lat'>1</span> <span class='ocrx_word' id='word_1_204' title='bbox 294 1735 341 1766; x_wconf 85' lang='lat' dir='ltr'><strong>Et</strong></span> <span class='ocrx_word' id='word_1_205' title='bbox 358 1729 390 1778; x_wconf 86' lang='lat' dir='ltr'><strong><em>fi</em></strong></span> <span class='ocrx_word' id='word_1_206' title='bbox 410 1743 479 1766; x_wconf 83' lang='lat' dir='ltr'><strong>nan</strong></span> <span class='ocrx_word' id='word_1_207' title='bbox 500 1730 695 1779; x_wconf 65' lang='lat' dir='ltr'><strong>reposcis]</strong></span> <span class='ocrx_word' id='word_1_208' title='bbox 725 1730 781 1768; x_wconf 89' lang='lat' dir='ltr'><strong>Sic</strong></span> <span class='ocrx_word' id='word_1_209' title='bbox 802 1727 936 1767; x_wconf 88' lang='lat' dir='ltr'><strong>restitui</strong></span> <span class='ocrx_word' id='word_1_210' title='bbox 949 1740 994 1766; x_wconf 83' lang='lat' dir='ltr'><strong>ex</strong></span> <span class='ocrx_word' id='word_1_211' title='bbox 1006 1729 1183 1767; x_wconf 87' lang='lat' dir='ltr'><strong>Mediceo</strong></span> <span class='ocrx_word' id='word_1_212' title='bbox 1197 1757 1208 1774; x_wconf 90' lang='lat'><strong>,</strong></span> <span class='ocrx_word' id='word_1_213' title='bbox 1325 1739 1344 1777; x_wconf 88' lang='lat'>3</span> <span class='ocrx_word' id='word_1_214' title='bbox 1375 1727 1608 1777; x_wconf 84' lang='lat' dir='ltr'><strong>Nominem.]</strong></span> <span class='ocrx_word' id='word_1_215' title='bbox 1637 1729 1738 1766; x_wconf 88' lang='lat' dir='ltr'><strong>Vera</strong></span> <span class='ocrx_word' id='word_1_216' title='bbox 1759 1728 1870 1766; x_wconf 65' lang='lat' dir='ltr'><strong>lediio</strong></span> <span class='ocrx_word' id='word_1_217' title='bbox 1885 1755 1897 1772; x_wconf 92' lang='lat'><strong>,</strong></span> <span class='ocrx_word' id='word_1_218' title='bbox 1924 1738 2001 1764; x_wconf 90' lang='lat' dir='ltr'><strong>non</strong></span> <span class='ocrx_word' id='word_1_219' title='bbox 2024 1726 2202 1765; x_wconf 88' lang='lat' dir='ltr'><strong>hominem</strong></span> <span class='ocrx_word' id='word_1_220' title='bbox 2216 1744 2227 1765; x_wconf 91' lang='lat'><strong>.·</strong></span> <span class='ocrx_word' id='word_1_221' title='bbox 2255 1735 2298 1767; x_wconf 82' lang='lat' dir='ltr'><strong>ut</strong></span> 
     </span>
     <span class='ocr_line' id='line_1_21' title="bbox 193 1777 2299 1829; baseline 0 -11"><span class='ocrx_word' id='word_1_222' title='bbox 193 1790 279 1818; x_wconf 80' lang='lat' dir='ltr'><strong>cum</strong></span> <span class='ocrx_word' id='word_1_223' title='bbox 303 1781 416 1827; x_wconf 76' lang='lat' dir='ltr'><strong>vulgo</strong></span> <span class='ocrx_word' id='word_1_224' title='bbox 439 1777 546 1817; x_wconf 75' lang='lat' dir='ltr'><strong>esset:</strong></span> <span class='ocrx_word' id='word_1_225' title='bbox 570 1779 604 1829; x_wconf 75' lang='lat' dir='ltr'><em>fl</em></span> <span class='ocrx_word' id='word_1_226' title='bbox 624 1793 692 1817; x_wconf 86' lang='lat' dir='ltr'><strong>non</strong></span> <span class='ocrx_word' id='word_1_227' title='bbox 713 1780 863 1829; x_wconf 79' lang='lat' dir='ltr'><strong>reposces.</strong></span> <span class='ocrx_word' id='word_1_228' title='bbox 918 1780 1082 1818; x_wconf 85' lang='lat' dir='ltr'><strong>Varietas</strong></span> <span class='ocrx_word' id='word_1_229' title='bbox 1107 1780 1207 1817; x_wconf 88' lang='lat' dir='ltr'><strong>enim</strong></span> <span class='ocrx_word' id='word_1_230' title='bbox 1276 1778 1386 1816; x_wconf 84' lang='lat' dir='ltr'><strong>Laur.</strong></span> <span class='ocrx_word' id='word_1_231' title='bbox 1408 1779 1554 1817; x_wconf 79' lang='lat' dir='ltr'><strong>Vanam</strong></span> <span class='ocrx_word' id='word_1_232' title='bbox 1570 1806 1581 1822; x_wconf 94' lang='lat'>,</span> <span class='ocrx_word' id='word_1_233' title='bbox 1609 1781 1648 1818; x_wconf 67' lang='grc' dir='ltr'><strong>δε</strong></span> <span class='ocrx_word' id='word_1_234' title='bbox 1669 1778 1758 1816; x_wconf 86' lang='lat' dir='ltr'><strong>alios</strong></span> <span class='ocrx_word' id='word_1_235' title='bbox 1782 1778 1893 1817; x_wconf 88' lang='lat' dir='ltr'><strong>video</strong></span> <span class='ocrx_word' id='word_1_236' title='bbox 1915 1777 2049 1826; x_wconf 86' lang='lat' dir='ltr'><strong>legere.</strong></span> <span class='ocrx_word' id='word_1_237' title='bbox 2100 1778 2133 1815; x_wconf 92' lang='lat' dir='ltr'>C</span> <span class='ocrx_word' id='word_1_238' title='bbox 2147 1791 2168 1815; x_wconf 80' lang='lat' dir='ltr'>A</span> <span class='ocrx_word' id='word_1_239' title='bbox 2185 1792 2207 1817; x_wconf 76' lang='grc' dir='ltr'><strong><em>τ</em></strong></span> <span class='ocrx_word' id='word_1_240' title='bbox 2223 1792 2244 1816; x_wconf 79' lang='lat' dir='ltr'><strong>A</strong></span> <span class='ocrx_word' id='word_1_241' title='bbox 2259 1792 2299 1818; x_wconf 78' lang='lat' dir='ltr'><strong>N.</strong></span> 
     </span>
     <span class='ocr_line' id='line_1_22' title="bbox 192 1828 2298 1880; baseline -0 -13"><span class='ocrx_word' id='word_1_242' title='bbox 192 1830 253 1868; x_wconf 81' lang='lat' dir='ltr'><strong>ista</strong></span> <span class='ocrx_word' id='word_1_243' title='bbox 277 1829 515 1877; x_wconf 85' lang='lat' dir='ltr'><strong>Temporum</strong></span> <span class='ocrx_word' id='word_1_244' title='bbox 539 1832 630 1868; x_wconf 89' lang='lat' dir='ltr'><strong>mire</strong></span> <span class='ocrx_word' id='word_1_245' title='bbox 650 1831 780 1879; x_wconf 82' lang='lat' dir='ltr'><strong>placuit</strong></span> <span class='ocrx_word' id='word_1_246' title='bbox 801 1829 946 1878; x_wconf 84' lang='lat' dir='ltr'><strong>optimis</strong></span> <span class='ocrx_word' id='word_1_247' title='bbox 957 1828 1184 1878; x_wconf 83' lang='lat' dir='ltr'><strong>scriptoribus</strong></span> <span class='ocrx_word' id='word_1_248' title='bbox 1198 1859 1208 1874; x_wconf 97' lang='lat'>,</span> <span class='ocrx_word' id='word_1_249' title='bbox 1274 1829 1504 1880; x_wconf 69' lang='lat' dir='ltr'><strong>Hominem]</strong></span> <span class='ocrx_word' id='word_1_250' title='bbox 1533 1829 1633 1867; x_wconf 85' lang='lat' dir='ltr'><strong>Vera</strong></span> <span class='ocrx_word' id='word_1_251' title='bbox 1643 1829 1754 1867; x_wconf 69' lang='lat' dir='ltr'><strong>leffio</strong></span> <span class='ocrx_word' id='word_1_252' title='bbox 1767 1828 1838 1873; x_wconf 93' lang='lat' dir='ltr'><strong>est,</strong></span> <span class='ocrx_word' id='word_1_253' title='bbox 1867 1839 1981 1879; x_wconf 88' lang='lat' dir='ltr'><strong>quam</strong></span> <span class='ocrx_word' id='word_1_254' title='bbox 2004 1829 2199 1867; x_wconf 80' lang='lat' dir='ltr'><strong>&#39;immerito</strong></span> <span class='ocrx_word' id='word_1_255' title='bbox 2225 1830 2298 1866; x_wconf 86' lang='lat' dir='ltr'><strong>Ca-</strong></span> 
     </span>
     <span class='ocr_line' id='line_1_23' title="bbox 194 1879 2300 1930; baseline 0 -15"><span class='ocrx_word' id='word_1_256' title='bbox 194 1879 298 1926; x_wconf 85' lang='lat' dir='ltr'><strong>quod</strong></span> <span class='ocrx_word' id='word_1_257' title='bbox 329 1879 455 1925; x_wconf 77' lang='lat' dir='ltr'><strong>paffim</strong></span> <span class='ocrx_word' id='word_1_258' title='bbox 479 1894 489 1921; x_wconf 87' lang='lat'>;</span> <span class='ocrx_word' id='word_1_259' title='bbox 539 1881 838 1918; x_wconf 74' lang='lat' dir='ltr'><strong>coniumstionem</strong></span> <span class='ocrx_word' id='word_1_260' title='bbox 874 1887 998 1916; x_wconf 89' lang='lat' dir='ltr'><strong>autem</strong></span> <span class='ocrx_word' id='word_1_261' title='bbox 1022 1879 1148 1918; x_wconf 85' lang='lat' dir='ltr'><strong>Futuri</strong></span> <span class='ocrx_word' id='word_1_262' title='bbox 1170 1882 1210 1919; x_wconf 92' lang='lat'>&amp;</span> <span class='ocrx_word' id='word_1_263' title='bbox 1273 1885 1421 1917; x_wconf 87' lang='lat' dir='ltr'><strong>tanaeus</strong></span> <span class='ocrx_word' id='word_1_264' title='bbox 1444 1891 1522 1917; x_wconf 91' lang='lat' dir='ltr'><strong>non</strong></span> <span class='ocrx_word' id='word_1_265' title='bbox 1543 1880 1694 1930; x_wconf 88' lang='lat' dir='ltr'><strong>probat:</strong></span> <span class='ocrx_word' id='word_1_266' title='bbox 1723 1880 1910 1917; x_wconf 78' lang='lat' dir='ltr'><strong>Hominem</strong></span> <span class='ocrx_word' id='word_1_267' title='bbox 1934 1888 1966 1915; x_wconf 87' lang='lat' dir='ltr'><strong>te</strong></span> <span class='ocrx_word' id='word_1_268' title='bbox 1996 1879 2187 1928; x_wconf 81' lang='lat' dir='ltr'><strong>patientem</strong></span> <span class='ocrx_word' id='word_1_269' title='bbox 2203 1907 2213 1924; x_wconf 86' lang='lat'><em>,</em></span> <span class='ocrx_word' id='word_1_270' title='bbox 2241 1879 2300 1918; x_wconf 81' lang='lat' dir='ltr'><strong>vel</strong></span> 
     </span>
     <span class='ocr_line' id='line_1_24' title="bbox 196 1927 2296 1980; baseline 0.002 -16"><span class='ocrx_word' id='word_1_271' title='bbox 196 1927 393 1965; x_wconf 83' lang='lat' dir='ltr'><strong>Praesentis</strong></span> <span class='ocrx_word' id='word_1_272' title='bbox 413 1927 459 1965; x_wconf 89' lang='lat' dir='ltr'><strong>ad</strong></span> <span class='ocrx_word' id='word_1_273' title='bbox 483 1927 612 1966; x_wconf 77' lang='lat' dir='ltr'><strong>Sallust.</strong></span> <span class='ocrx_word' id='word_1_274' title='bbox 638 1929 716 1966; x_wconf 89' lang='lat' dir='ltr'><strong>Cat.</strong></span> <span class='ocrx_word' id='word_1_275' title='bbox 739 1941 814 1977; x_wconf 88' lang='lat' dir='ltr'><strong>cap.</strong></span> <span class='ocrx_word' id='word_1_276' title='bbox 839 1929 982 1966; x_wconf 86' lang='lat' dir='ltr'>LVIII.</span> <span class='ocrx_word' id='word_1_277' title='bbox 1005 1941 1041 1966; x_wconf 90' lang='lat' dir='ltr'><strong>n.</strong></span> <span class='ocrx_word' id='word_1_278' title='bbox 1078 1943 1133 1969; x_wconf 91' lang='lat'><strong>10.</strong></span> <span class='ocrx_word' id='word_1_279' title='bbox 1160 1930 1207 1969; x_wconf 80' lang='lat' dir='ltr'><strong>ad</strong></span> <span class='ocrx_word' id='word_1_280' title='bbox 1268 1929 1380 1978; x_wconf 78' lang='lat' dir='ltr'><strong>potius</strong></span> <span class='ocrx_word' id='word_1_281' title='bbox 1402 1930 1561 1968; x_wconf 83' lang='lat' dir='ltr'><strong>durum!</strong></span> <span class='ocrx_word' id='word_1_282' title='bbox 1591 1930 1650 1980; x_wconf 81' lang='lat' dir='ltr'><strong>qui</strong></span> <span class='ocrx_word' id='word_1_283' title='bbox 1676 1940 1755 1968; x_wconf 81' lang='lat' dir='ltr'><strong>tam</strong></span> <span class='ocrx_word' id='word_1_284' title='bbox 1774 1928 1921 1979; x_wconf 82' lang='lat' dir='ltr'><strong>infignes</strong></span> <span class='ocrx_word' id='word_1_285' title='bbox 1951 1927 2056 1967; x_wconf 81' lang='lat' dir='ltr'><strong>libros</strong></span> <span class='ocrx_word' id='word_1_286' title='bbox 2078 1929 2222 1966; x_wconf 85' lang='lat' dir='ltr'><strong>tamdiu</strong></span> <span class='ocrx_word' id='word_1_287' title='bbox 2245 1940 2296 1968; x_wconf 88' lang='lat' dir='ltr'><strong>te-</strong></span> 
     </span>
    </p>
   </div>
   <div class='ocr_carea' id='block_1_8' title="bbox 197 1976 2302 2082">
    <p class='ocr_par' dir='ltr' id='par_1_9' title="bbox 197 1976 2302 2082">
     <span class='ocr_line' id='line_1_25' title="bbox 197 1976 2299 2030; baseline 0.002 -16"><span class='ocrx_word' id='word_1_288' title='bbox 197 1976 340 2014; x_wconf 75' lang='lat' dir='ltr'><strong>Lucan.</strong></span> <span class='ocrx_word' id='word_1_289' title='bbox 364 1977 445 2014; x_wconf 87' lang='lat' dir='ltr'><strong>Lib.</strong></span> <span class='ocrx_word' id='word_1_290' title='bbox 469 1976 493 2013; x_wconf 88' lang='lat'><strong>1.</strong></span> <span class='ocrx_word' id='word_1_291' title='bbox 517 1989 567 2014; x_wconf 88' lang='lat' dir='ltr'><strong>vs.</strong></span> <span class='ocrx_word' id='word_1_292' title='bbox 588 1989 683 2027; x_wconf 37' lang='lat'><strong>⁷333.</strong></span> <span class='ocrx_word' id='word_1_293' title='bbox 717 1980 756 2018; x_wconf 88' lang='lat'>&amp;</span> <span class='ocrx_word' id='word_1_294' title='bbox 789 1978 870 2016; x_wconf 85' lang='lat' dir='ltr'><strong>Lib.</strong></span> <span class='ocrx_word' id='word_1_295' title='bbox 900 1979 1011 2016; x_wconf 92' lang='lat' dir='ltr'>VIII.</span> <span class='ocrx_word' id='word_1_296' title='bbox 1040 1991 1092 2017; x_wconf 87' lang='lat' dir='ltr'><strong>vs.</strong></span> <span class='ocrx_word' id='word_1_297' title='bbox 1121 1992 1207 2029; x_wconf 84' lang='lat'><strong>371.</strong></span> <span class='ocrx_word' id='word_1_298' title='bbox 1277 1992 1368 2017; x_wconf 84' lang='lat' dir='ltr'><strong>neas.</strong></span> <span class='ocrx_word' id='word_1_299' title='bbox 1424 1982 1518 2030; x_wconf 87' lang='lat' dir='ltr'><strong>Quis</strong></span> <span class='ocrx_word' id='word_1_300' title='bbox 1539 1983 1578 2020; x_wconf 92' lang='lat' dir='ltr'><strong>in</strong></span> <span class='ocrx_word' id='word_1_301' title='bbox 1600 1980 1710 2029; x_wconf 87' lang='lat' dir='ltr'><strong>Epist.</strong></span> <span class='ocrx_word' id='word_1_302' title='bbox 1732 1981 1790 2018; x_wconf 88' lang='lat' dir='ltr'><strong>M.</strong></span> <span class='ocrx_word' id='word_1_303' title='bbox 1809 1980 1926 2019; x_wconf 87' lang='lat' dir='ltr'><strong>Tullii</strong></span> <span class='ocrx_word' id='word_1_304' title='bbox 1949 1979 2005 2019; x_wconf 80' lang='lat' dir='ltr'><strong>illa</strong></span> <span class='ocrx_word' id='word_1_305' title='bbox 2029 1991 2107 2018; x_wconf 89' lang='lat' dir='ltr'><strong>non</strong></span> <span class='ocrx_word' id='word_1_306' title='bbox 2131 1979 2299 2018; x_wconf 86' lang='lat' dir='ltr'><strong>observa·</strong></span> 
     </span>
     <span class='ocr_line' id='line_1_26' title="bbox 199 2025 2302 2082; baseline 0.001 -18"><span class='ocrx_word' id='word_1_307' title='bbox 199 2025 534 2066; x_wconf 83' lang='lat' dir='ltr'><strong>demonstravimus.</strong></span> <span class='ocrx_word' id='word_1_308' title='bbox 561 2026 700 2065; x_wconf 83' lang='lat' dir='ltr'><strong>Eadem</strong></span> <span class='ocrx_word' id='word_1_309' title='bbox 713 2029 941 2077; x_wconf 86' lang='lat' dir='ltr'><strong>legereturin</strong></span> <span class='ocrx_word' id='word_1_310' title='bbox 963 2029 1124 2068; x_wconf 86' lang='lat' dir='ltr'><strong>Marone</strong></span> <span class='ocrx_word' id='word_1_311' title='bbox 1136 2031 1207 2069; x_wconf 84' lang='lat' dir='ltr'><strong>Ec·</strong></span> <span class='ocrx_word' id='word_1_312' title='bbox 1276 2029 1358 2068; x_wconf 87' lang='lat' dir='ltr'><strong>vit?</strong></span> <span class='ocrx_word' id='word_1_313' title='bbox 1387 2032 1553 2069; x_wconf 79' lang='lat' dir='ltr'><strong>Homines</strong></span> <span class='ocrx_word' id='word_1_314' title='bbox 1571 2032 1761 2070; x_wconf 79' lang='lat' dir='ltr'><strong>ridiculos!</strong></span> <span class='ocrx_word' id='word_1_315' title='bbox 1792 2031 1874 2082; x_wconf 76' lang='lat' dir='ltr'><strong>qui,</strong></span> <span class='ocrx_word' id='word_1_316' title='bbox 1903 2040 1976 2069; x_wconf 63' lang='grc' dir='ltr'><strong>σε.</strong></span> <span class='ocrx_word' id='word_1_317' title='bbox 2012 2029 2108 2068; x_wconf 87' lang='lat' dir='ltr'><strong>Item</strong></span> <span class='ocrx_word' id='word_1_318' title='bbox 2132 2043 2140 2067; x_wconf 76' lang='grc' dir='ltr'>ε</span> <span class='ocrx_word' id='word_1_319' title='bbox 2178 2032 2302 2069; x_wconf 84' lang='lat' dir='ltr'><strong>Homi-</strong></span> 
     </span>
    </p>
   </div>
   <div class='ocr_carea' id='block_1_9' title="bbox 200 2075 2301 2331">
    <p class='ocr_par' dir='ltr' id='par_1_10' title="bbox 200 2075 2301 2182">
     <span class='ocr_line' id='line_1_27' title="bbox 200 2075 2300 2137; baseline 0.002 -22"><span class='ocrx_word' id='word_1_320' title='bbox 200 2075 283 2124; x_wconf 73' lang='lat' dir='ltr'><strong>loga</strong></span> <span class='ocrx_word' id='word_1_321' title='bbox 304 2076 353 2113; x_wconf 90' lang='lat' dir='ltr'><strong>V.</strong></span> <span class='ocrx_word' id='word_1_322' title='bbox 377 2087 424 2114; x_wconf 89' lang='lat' dir='ltr'><strong>vs.</strong></span> <span class='ocrx_word' id='word_1_323' title='bbox 449 2076 503 2124; x_wconf 92' lang='lat'><strong>76.</strong></span> <span class='ocrx_word' id='word_1_324' title='bbox 525 2076 551 2114; x_wconf 86' lang='lat' dir='ltr'>fi</span> <span class='ocrx_word' id='word_1_325' title='bbox 572 2088 635 2126; x_wconf 90' lang='lat' dir='ltr'><strong>per</strong></span> <span class='ocrx_word' id='word_1_326' title='bbox 656 2077 782 2117; x_wconf 85' lang='lat' dir='ltr'><strong>sciolos</strong></span> <span class='ocrx_word' id='word_1_327' title='bbox 802 2077 973 2117; x_wconf 75' lang='lat' dir='ltr'><strong>licuiffet:</strong></span> <span class='ocrx_word' id='word_1_328' title='bbox 1278 2092 1356 2118; x_wconf 88' lang='lat' dir='ltr'><strong>nem</strong></span> <span class='ocrx_word' id='word_1_329' title='bbox 1377 2082 1598 2120; x_wconf 84' lang='lat' dir='ltr'><strong>ridiculum!</strong></span> <span class='ocrx_word' id='word_1_330' title='bbox 1634 2083 1706 2132; x_wconf 77' lang='lat' dir='ltr'><strong>qui.</strong></span> <span class='ocrx_word' id='word_1_331' title='bbox 1731 2083 1769 2120; x_wconf 91' lang='lat'>&amp;</span> <span class='ocrx_word' id='word_1_332' title='bbox 1801 2081 1881 2119; x_wconf 84' lang='lat' dir='ltr'><strong>alibi</strong></span> <span class='ocrx_word' id='word_1_333' title='bbox 1905 2094 1914 2118; x_wconf 74' lang='grc' dir='ltr'>ι</span> <span class='ocrx_word' id='word_1_334' title='bbox 1951 2081 2115 2137; x_wconf 47' lang='lat' dir='ltr'><strong>gepidum</strong></span> <span class='ocrx_word' id='word_1_335' title='bbox 2145 2081 2300 2119; x_wconf 81' lang='lat' dir='ltr'><strong>amicum</strong></span> 
     </span>
     <span class='ocr_line' id='line_1_28' title="bbox 1278 2131 2301 2182; baseline 0.003 -16"><span class='ocrx_word' id='word_1_336' title='bbox 1278 2131 1480 2178; x_wconf 76' lang='lat' dir='ltr'><strong>Sallustium</strong></span> <span class='ocrx_word' id='word_1_337' title='bbox 1495 2137 1510 2169; x_wconf 94' lang='lat'><em>!</em></span> <span class='ocrx_word' id='word_1_338' title='bbox 1540 2133 1625 2182; x_wconf 80' lang='lat' dir='ltr'><strong>qui,</strong></span> <span class='ocrx_word' id='word_1_339' title='bbox 1653 2143 1726 2170; x_wconf 60' lang='grc' dir='ltr'><strong>σε.</strong></span> <span class='ocrx_word' id='word_1_340' title='bbox 1753 2131 1859 2169; x_wconf 75' lang='lat' dir='ltr'><strong>Talia</strong></span> <span class='ocrx_word' id='word_1_341' title='bbox 1881 2131 1962 2170; x_wconf 88' lang='lat' dir='ltr'><strong>sunt</strong></span> <span class='ocrx_word' id='word_1_342' title='bbox 1983 2135 2150 2169; x_wconf 81' lang='lat' dir='ltr'><strong>iexcenta</strong></span> <span class='ocrx_word' id='word_1_343' title='bbox 2173 2133 2209 2168; x_wconf 89' lang='lat' dir='ltr'><strong>in</strong></span> <span class='ocrx_word' id='word_1_344' title='bbox 2224 2132 2301 2169; x_wconf 84' lang='lat' dir='ltr'><strong>Cic.</strong></span> 
     </span>
    </p>

    <p class='ocr_par' dir='ltr' id='par_1_11' title="bbox 243 2177 2300 2331">
     <span class='ocr_line' id='line_1_29' title="bbox 250 2177 2299 2232; baseline 0.002 -19"><span class='ocrx_word' id='word_1_345' title='bbox 250 2180 350 2214; x_wconf 85' lang='lat' dir='ltr'><strong>Dum</strong></span> <span class='ocrx_word' id='word_1_346' title='bbox 374 2177 454 2228; x_wconf 80' lang='lat' dir='ltr'><strong>iuga</strong></span> <span class='ocrx_word' id='word_1_347' title='bbox 481 2178 608 2218; x_wconf 78' lang='lat' dir='ltr'><strong>montis</strong></span> <span class='ocrx_word' id='word_1_348' title='bbox 636 2189 717 2230; x_wconf 85' lang='lat' dir='ltr'><strong>aper</strong></span> <span class='ocrx_word' id='word_1_349' title='bbox 741 2207 753 2225; x_wconf 92' lang='lat'>,</span> <span class='ocrx_word' id='word_1_350' title='bbox 780 2179 915 2230; x_wconf 82' lang='lat' dir='ltr'><strong>fluvios</strong></span> <span class='ocrx_word' id='word_1_351' title='bbox 945 2181 1032 2219; x_wconf 87' lang='lat' dir='ltr'><strong>dum</strong></span> <span class='ocrx_word' id='word_1_352' title='bbox 1048 2181 1144 2231; x_wconf 78' lang='lat' dir='ltr'><strong>piscis</strong></span> <span class='ocrx_word' id='word_1_353' title='bbox 1168 2193 1208 2220; x_wconf 83' lang='lat' dir='ltr'><strong>a·</strong></span> <span class='ocrx_word' id='word_1_354' title='bbox 1279 2179 1392 2221; x_wconf 87' lang='lat' dir='ltr'><strong>fimile</strong></span> <span class='ocrx_word' id='word_1_355' title='bbox 1415 2183 1631 2232; x_wconf 72' lang='lat' dir='ltr'><strong>principium</strong></span> <span class='ocrx_word' id='word_1_356' title='bbox 1655 2182 1763 2231; x_wconf 83' lang='lat' dir='ltr'><strong>Epist.</strong></span> <span class='ocrx_word' id='word_1_357' title='bbox 1787 2181 1888 2220; x_wconf 92' lang='lat' dir='ltr'><strong>XXI.</strong></span> <span class='ocrx_word' id='word_1_358' title='bbox 1912 2181 2006 2220; x_wconf 87' lang='lat' dir='ltr'><strong>infra</strong></span> <span class='ocrx_word' id='word_1_359' title='bbox 2030 2181 2109 2219; x_wconf 86' lang='lat' dir='ltr'><strong>Lib.</strong></span> <span class='ocrx_word' id='word_1_360' title='bbox 2125 2180 2192 2217; x_wconf 88' lang='lat' dir='ltr'><strong>IV.</strong></span> <span class='ocrx_word' id='word_1_361' title='bbox 2222 2183 2299 2218; x_wconf 88' lang='lat' dir='ltr'><strong>Tri-</strong></span> 
     </span>
     <span class='ocr_line' id='line_1_30' title="bbox 331 2229 2295 2280; baseline 0.001 -14"><span class='ocrx_word' id='word_1_362' title='bbox 331 2229 458 2274; x_wconf 81' lang='lat' dir='ltr'><strong>mabit,</strong></span> <span class='ocrx_word' id='word_1_363' title='bbox 1268 2230 1378 2278; x_wconf 85' lang='lat' dir='ltr'><strong>stem,</strong></span> <span class='ocrx_word' id='word_1_364' title='bbox 1407 2244 1451 2272; x_wconf 72' lang='lat'><strong>&lt;9⁶</strong></span> <span class='ocrx_word' id='word_1_365' title='bbox 1479 2233 1644 2270; x_wconf 82' lang='lat' dir='ltr'><strong>acerbum</strong></span> <span class='ocrx_word' id='word_1_366' title='bbox 1667 2231 1787 2280; x_wconf 84' lang='lat' dir='ltr'><strong>casum</strong></span> <span class='ocrx_word' id='word_1_367' title='bbox 1817 2231 2073 2268; x_wconf 81' lang='lat' dir='ltr'><strong>Helvidiarum</strong></span> <span class='ocrx_word' id='word_1_368' title='bbox 2095 2230 2257 2278; x_wconf 81' lang='lat' dir='ltr'><strong>sororum</strong></span> <span class='ocrx_word' id='word_1_369' title='bbox 2279 2236 2295 2268; x_wconf 90' lang='lat'><strong><em>!</em></strong></span> 
     </span>
     <span class='ocr_line' id='line_1_31' title="bbox 243 2279 2300 2331; baseline 0.003 -17"><span class='ocrx_word' id='word_1_370' title='bbox 243 2281 410 2327; x_wconf 83' lang='lat' dir='ltr'><strong>Dumque</strong></span> <span class='ocrx_word' id='word_1_371' title='bbox 437 2279 559 2330; x_wconf 81' lang='lat' dir='ltr'><strong>thymo</strong></span> <span class='ocrx_word' id='word_1_372' title='bbox 590 2281 780 2330; x_wconf 69' lang='lat' dir='ltr'><strong>pascuntur</strong></span> <span class='ocrx_word' id='word_1_373' title='bbox 811 2291 886 2331; x_wconf 78' lang='lat' dir='ltr'><strong>apes</strong></span> <span class='ocrx_word' id='word_1_374' title='bbox 908 2310 919 2327; x_wconf 92' lang='lat'>‚</span> <span class='ocrx_word' id='word_1_375' title='bbox 961 2283 1046 2319; x_wconf 86' lang='lat' dir='ltr'><strong>dum</strong></span> <span class='ocrx_word' id='word_1_376' title='bbox 1070 2296 1144 2320; x_wconf 88' lang='lat' dir='ltr'><strong>rore</strong></span> <span class='ocrx_word' id='word_1_377' title='bbox 1162 2284 1208 2328; x_wconf 64' lang='lat' dir='ltr'><strong>ci-2</strong></span> <span class='ocrx_word' id='word_1_378' title='bbox 1278 2293 1345 2319; x_wconf 87' lang='lat' dir='ltr'><strong>nec</strong></span> <span class='ocrx_word' id='word_1_379' title='bbox 1378 2284 1498 2319; x_wconf 86' lang='lat' dir='ltr'><strong>multo</strong></span> <span class='ocrx_word' id='word_1_380' title='bbox 1530 2283 1630 2319; x_wconf 63' lang='lat' dir='ltr'><strong>aliter</strong></span> <span class='ocrx_word' id='word_1_381' title='bbox 1660 2281 1799 2318; x_wconf 80' lang='lat' dir='ltr'><strong>orditur</strong></span> <span class='ocrx_word' id='word_1_382' title='bbox 1831 2281 1864 2317; x_wconf 85' lang='lat' dir='ltr'><strong>E</strong></span> <span class='ocrx_word' id='word_1_383' title='bbox 1892 2280 2030 2318; x_wconf 67' lang='lat' dir='ltr'><strong>{stolam</strong></span> <span class='ocrx_word' id='word_1_384' title='bbox 2052 2280 2192 2316; x_wconf 89' lang='lat' dir='ltr'>XXIV.</span> <span class='ocrx_word' id='word_1_385' title='bbox 2217 2281 2300 2320; x_wconf 88' lang='lat' dir='ltr'><strong>Lib.</strong></span> 
     </span>
    </p>
   </div>
   <div class='ocr_carea' id='block_1_10' title="bbox 242 2330 2300 2479">
    <p class='ocr_par' dir='ltr' id='par_1_12' title="bbox 242 2330 2300 2479">
     <span class='ocr_line' id='line_1_32' title="bbox 324 2330 2300 2380; baseline -0.005 -5"><span class='ocrx_word' id='word_1_386' title='bbox 324 2330 454 2374; x_wconf 61' lang='lat' dir='ltr'><strong>‘adae&#39;</strong></span> <span class='ocrx_word' id='word_1_387' title='bbox 1277 2331 1344 2369; x_wconf 88' lang='lat' dir='ltr'><strong>VI.</strong></span> <span class='ocrx_word' id='word_1_388' title='bbox 1369 2333 1416 2369; x_wconf 90' lang='lat' dir='ltr'><strong>Is.</strong></span> <span class='ocrx_word' id='word_1_389' title='bbox 1442 2333 1610 2369; x_wconf 61' lang='lat' dir='ltr'><strong>Casum.</strong></span> <span class='ocrx_word' id='word_1_390' title='bbox 1641 2331 1840 2367; x_wconf 87' lang='lat' dir='ltr'><strong>Hominem.</strong></span> <span class='ocrx_word' id='word_1_391' title='bbox 1924 2330 2056 2378; x_wconf 87' lang='lat' dir='ltr'><strong>Neque</strong></span> <span class='ocrx_word' id='word_1_392' title='bbox 2079 2330 2180 2367; x_wconf 83' lang='lat' dir='ltr'><strong>aliter</strong></span> <span class='ocrx_word' id='word_1_393' title='bbox 2204 2343 2300 2380; x_wconf 84' lang='lat' dir='ltr'><strong>quo-</strong></span> 
     </span>
     <span class='ocr_line' id='line_1_33' title="bbox 242 2379 2299 2430; baseline 0.002 -16"><span class='ocrx_word' id='word_1_394' title='bbox 242 2382 376 2427; x_wconf 81' lang='lat' dir='ltr'><strong>semper</strong></span> <span class='ocrx_word' id='word_1_395' title='bbox 395 2379 499 2420; x_wconf 85' lang='lat' dir='ltr'><strong>honos</strong></span> <span class='ocrx_word' id='word_1_396' title='bbox 514 2410 525 2428; x_wconf 91' lang='lat'>,</span> <span class='ocrx_word' id='word_1_397' title='bbox 553 2394 740 2430; x_wconf 72' lang='lat' dir='ltr'><strong>nomenque</strong></span> <span class='ocrx_word' id='word_1_398' title='bbox 765 2392 867 2421; x_wconf 82' lang='lat' dir='ltr'><strong>tuum</strong></span> <span class='ocrx_word' id='word_1_399' title='bbox 881 2409 893 2426; x_wconf 94' lang='lat'><strong>,</strong></span> <span class='ocrx_word' id='word_1_400' title='bbox 920 2382 1106 2430; x_wconf 65' lang='lat' dir='ltr'><strong>laudesque</strong></span> <span class='ocrx_word' id='word_1_401' title='bbox 1127 2392 1205 2419; x_wconf 65' lang='lat' dir='ltr'><strong>nia-</strong></span> <span class='ocrx_word' id='word_1_402' title='bbox 1276 2392 1348 2429; x_wconf 86' lang='lat' dir='ltr'><strong>que</strong></span> <span class='ocrx_word' id='word_1_403' title='bbox 1369 2382 1440 2419; x_wconf 88' lang='lat' dir='ltr'><strong>Pal.</strong></span> <span class='ocrx_word' id='word_1_404' title='bbox 1463 2389 1526 2418; x_wconf 83' lang='lat' dir='ltr'><strong>aut</strong></span> <span class='ocrx_word' id='word_1_405' title='bbox 1549 2380 1660 2418; x_wconf 87' lang='lat' dir='ltr'><strong>editio</strong></span> <span class='ocrx_word' id='word_1_406' title='bbox 1681 2381 1838 2428; x_wconf 81' lang='lat' dir='ltr'><strong>antiqua.</strong></span> <span class='ocrx_word' id='word_1_407' title='bbox 1877 2380 2066 2418; x_wconf 66' lang='lat' dir='ltr'><strong>Gnurfin.</strong></span> <span class='ocrx_word' id='word_1_408' title='bbox 2104 2379 2227 2419; x_wconf 87' lang='lat' dir='ltr'><strong>Nostri</strong></span> <span class='ocrx_word' id='word_1_409' title='bbox 2245 2389 2299 2419; x_wconf 74' lang='lat' dir='ltr'><strong>et-</strong></span> 
     </span>
     <span class='ocr_line' id='line_1_34' title="bbox 326 2430 2298 2479; baseline 0.002 -13"><span class='ocrx_word' id='word_1_410' title='bbox 326 2430 474 2468; x_wconf 87' lang='lat' dir='ltr'><strong>ncbunt.</strong></span> <span class='ocrx_word' id='word_1_411' title='bbox 1274 2430 1347 2467; x_wconf 65' lang='lat' dir='ltr'><strong>iim</strong></span> <span class='ocrx_word' id='word_1_412' title='bbox 1371 2431 1479 2468; x_wconf 88' lang='lat' dir='ltr'><strong>MSS.</strong></span> <span class='ocrx_word' id='word_1_413' title='bbox 1501 2442 1579 2468; x_wconf 88' lang='lat' dir='ltr'><strong>uno</strong></span> <span class='ocrx_word' id='word_1_414' title='bbox 1603 2442 1667 2468; x_wconf 84' lang='lat' dir='ltr'><strong>ore</strong></span> <span class='ocrx_word' id='word_1_415' title='bbox 1693 2430 1880 2468; x_wconf 80' lang='lat' dir='ltr'><strong>Hominem</strong></span> <span class='ocrx_word' id='word_1_416' title='bbox 1906 2458 1916 2474; x_wconf 92' lang='lat'>,</span> <span class='ocrx_word' id='word_1_417' title='bbox 1954 2441 2022 2479; x_wconf 91' lang='lat' dir='ltr'><strong>pro</strong></span> <span class='ocrx_word' id='word_1_418' title='bbox 2045 2441 2150 2469; x_wconf 89' lang='lat' dir='ltr'><strong>more</strong></span> <span class='ocrx_word' id='word_1_419' title='bbox 2169 2431 2298 2477; x_wconf 84' lang='lat' dir='ltr'><strong>Plinii,</strong></span> 
     </span>
    </p>
   </div>
   <div class='ocr_carea' id='block_1_11' title="bbox 195 2479 2300 2582">
    <p class='ocr_par' dir='ltr' id='par_1_13' title="bbox 195 2479 2300 2582">
     <span class='ocr_line' id='line_1_35' title="bbox 1276 2479 2300 2529; baseline 0.003 -13"><span class='ocrx_word' id='word_1_420' title='bbox 1276 2479 1321 2516; x_wconf 85' lang='lat' dir='ltr'><strong>de</strong></span> <span class='ocrx_word' id='word_1_421' title='bbox 1344 2492 1420 2529; x_wconf 87' lang='lat' dir='ltr'><strong>quo</strong></span> <span class='ocrx_word' id='word_1_422' title='bbox 1442 2480 1488 2518; x_wconf 84' lang='lat' dir='ltr'><strong>ad</strong></span> <span class='ocrx_word' id='word_1_423' title='bbox 1510 2481 1591 2518; x_wconf 90' lang='lat' dir='ltr'><strong>Lib.</strong></span> <span class='ocrx_word' id='word_1_424' title='bbox 1617 2481 1644 2517; x_wconf 91' lang='lat' dir='ltr'><strong>I.</strong></span> <span class='ocrx_word' id='word_1_425' title='bbox 1666 2480 1775 2529; x_wconf 87' lang='lat' dir='ltr'><strong>Epist.</strong></span> <span class='ocrx_word' id='word_1_426' title='bbox 1798 2480 1863 2519; x_wconf 95' lang='lat' dir='ltr'><strong>IX.</strong></span> <span class='ocrx_word' id='word_1_427' title='bbox 1884 2493 1921 2518; x_wconf 91' lang='lat' dir='ltr'><strong>n.</strong></span> <span class='ocrx_word' id='word_1_428' title='bbox 1948 2481 1982 2518; x_wconf 88' lang='lat'><strong>6.</strong></span> <span class='ocrx_word' id='word_1_429' title='bbox 2005 2479 2194 2521; x_wconf 62' lang='lat' dir='ltr'><strong>diximus:</strong></span> <span class='ocrx_word' id='word_1_430' title='bbox 2235 2487 2300 2520; x_wconf 83' lang='lat' dir='ltr'><strong>Re-</strong></span> 
     </span>
     <span class='ocr_line' id='line_1_36' title="bbox 195 2527 1809 2582; baseline -0.001 -13"><span class='ocrx_word' id='word_1_431' title='bbox 195 2527 252 2569; x_wconf 80' lang='lat' dir='ltr'><strong>Ita</strong></span> <span class='ocrx_word' id='word_1_432' title='bbox 274 2532 372 2570; x_wconf 89' lang='lat' dir='ltr'><strong>enim</strong></span> <span class='ocrx_word' id='word_1_433' title='bbox 396 2532 563 2582; x_wconf 88' lang='lat' dir='ltr'><strong>scriptum</strong></span> <span class='ocrx_word' id='word_1_434' title='bbox 587 2533 754 2571; x_wconf 83' lang='lat' dir='ltr'><strong>videmus</strong></span> <span class='ocrx_word' id='word_1_435' title='bbox 776 2536 813 2572; x_wconf 88' lang='lat' dir='ltr'><strong>in</strong></span> <span class='ocrx_word' id='word_1_436' title='bbox 836 2531 1207 2571; x_wconf 83' lang='lat' dir='ltr'><strong>vetussiffimismem-</strong></span> <span class='ocrx_word' id='word_1_437' title='bbox 1276 2532 1371 2568; x_wconf 70' lang='lat' dir='ltr'><strong>[lam</strong></span> <span class='ocrx_word' id='word_1_438' title='bbox 1390 2529 1629 2580; x_wconf 77' lang='lat' dir='ltr'><strong>finceramque</strong></span> <span class='ocrx_word' id='word_1_439' title='bbox 1658 2531 1809 2570; x_wconf 83' lang='lat' dir='ltr'><strong>vitam!</strong></span> 
     </span>
    </p>
   </div>
   <div class='ocr_carea' id='block_1_12' title="bbox 196 2579 2299 2928">
    <p class='ocr_par' dir='ltr' id='par_1_14' title="bbox 196 2579 2297 2632">
     <span class='ocr_line' id='line_1_37' title="bbox 196 2579 2297 2632; baseline 0.001 -14"><span class='ocrx_word' id='word_1_440' title='bbox 196 2579 333 2625; x_wconf 86' lang='lat' dir='ltr'><strong>branis,</strong></span> <span class='ocrx_word' id='word_1_441' title='bbox 361 2594 448 2629; x_wconf 65' lang='lat' dir='ltr'><strong>qua&lt;</strong></span> <span class='ocrx_word' id='word_1_442' title='bbox 484 2584 601 2631; x_wconf 72' lang='lat' dir='ltr'><strong>Mai-q.</strong></span> <span class='ocrx_word' id='word_1_443' title='bbox 634 2583 774 2622; x_wconf 72' lang='lat' dir='ltr'><strong>Gudius</strong></span> <span class='ocrx_word' id='word_1_444' title='bbox 795 2592 986 2632; x_wconf 73' lang='lat' dir='ltr'><strong>tantopere</strong></span> <span class='ocrx_word' id='word_1_445' title='bbox 1010 2593 1205 2620; x_wconf 86' lang='lat' dir='ltr'><strong>commen·</strong></span> <span class='ocrx_word' id='word_1_446' title='bbox 1326 2594 1349 2628; x_wconf 80' lang='lat'>4</span> <span class='ocrx_word' id='word_1_447' title='bbox 1379 2580 1562 2629; x_wconf 70' lang='lat' dir='ltr'><strong>Durum]</strong></span> <span class='ocrx_word' id='word_1_448' title='bbox 1593 2581 1772 2631; x_wconf 88' lang='lat' dir='ltr'><strong>Asperum</strong></span> <span class='ocrx_word' id='word_1_449' title='bbox 1788 2584 1969 2627; x_wconf 86' lang='lat' dir='ltr'><strong>‚nimium</strong></span> <span class='ocrx_word' id='word_1_450' title='bbox 1982 2580 2148 2621; x_wconf 87' lang='lat' dir='ltr'><strong>severum</strong></span> <span class='ocrx_word' id='word_1_451' title='bbox 2165 2611 2176 2627; x_wconf 88' lang='lat'>‚</span> <span class='ocrx_word' id='word_1_452' title='bbox 2197 2584 2297 2620; x_wconf 88' lang='lat' dir='ltr'><strong>inur-</strong></span> 
     </span>
    </p>

    <p class='ocr_par' dir='ltr' id='par_1_15' title="bbox 199 2629 2296 2682">
     <span class='ocr_line' id='line_1_38' title="bbox 199 2629 2296 2682; baseline 0.001 -14"><span class='ocrx_word' id='word_1_453' title='bbox 199 2629 318 2676; x_wconf 81' lang='lat' dir='ltr'><strong>davit,</strong></span> <span class='ocrx_word' id='word_1_454' title='bbox 347 2641 423 2668; x_wconf 88' lang='lat' dir='ltr'><strong>non</strong></span> <span class='ocrx_word' id='word_1_455' title='bbox 444 2632 638 2680; x_wconf 84' lang='lat' dir='ltr'><strong>pascentur.</strong></span> <span class='ocrx_word' id='word_1_456' title='bbox 666 2632 868 2671; x_wconf 69' lang='lat' dir='ltr'><strong>Helmstad.</strong></span> <span class='ocrx_word' id='word_1_457' title='bbox 890 2632 1205 2682; x_wconf 62' lang='lat' dir='ltr'><strong>&amp;Arm-&amp;sine</strong></span> <span class='ocrx_word' id='word_1_458' title='bbox 1277 2630 1425 2668; x_wconf 64' lang='lat' dir='ltr'><strong>bunum.</strong></span> <span class='ocrx_word' id='word_1_459' title='bbox 1455 2633 1511 2669; x_wconf 90' lang='lat' dir='ltr'><strong>Sic</strong></span> <span class='ocrx_word' id='word_1_460' title='bbox 1534 2632 1621 2681; x_wconf 93' lang='lat' dir='ltr'><strong>Ulp.</strong></span> <span class='ocrx_word' id='word_1_461' title='bbox 1641 2635 1695 2671; x_wconf 86' lang='lat' dir='ltr'><strong>tit.</strong></span> <span class='ocrx_word' id='word_1_462' title='bbox 1718 2633 1759 2670; x_wconf 85' lang='lat' dir='ltr'><strong>de</strong></span> <span class='ocrx_word' id='word_1_463' title='bbox 1781 2633 1901 2670; x_wconf 83' lang='lat' dir='ltr'><strong>Furtis</strong></span> <span class='ocrx_word' id='word_1_464' title='bbox 1916 2661 1926 2677; x_wconf 93' lang='lat'>‚</span> <span class='ocrx_word' id='word_1_465' title='bbox 1955 2633 2104 2671; x_wconf 87' lang='lat' dir='ltr'><strong>&amp;idem</strong></span> <span class='ocrx_word' id='word_1_466' title='bbox 2119 2635 2155 2671; x_wconf 90' lang='lat' dir='ltr'><strong>in</strong></span> <span class='ocrx_word' id='word_1_467' title='bbox 2166 2643 2296 2682; x_wconf 83' lang='lat' dir='ltr'><strong>paneg.</strong></span> 
     </span>
    </p>

    <p class='ocr_par' dir='ltr' id='par_1_16' title="bbox 199 2682 2297 2783">
     <span class='ocr_line' id='line_1_39' title="bbox 199 2682 2297 2734; baseline 0.001 -14"><span class='ocrx_word' id='word_1_468' title='bbox 199 2682 346 2731; x_wconf 62' lang='lat' dir='ltr'><strong>reposces.</strong></span> <span class='ocrx_word' id='word_1_469' title='bbox 369 2691 548 2730; x_wconf 86' lang='lat' dir='ltr'><strong>corrupte.</strong></span> <span class='ocrx_word' id='word_1_470' title='bbox 604 2682 712 2718; x_wconf 76' lang='lat' dir='ltr'><strong>Vicem</strong></span> <span class='ocrx_word' id='word_1_471' title='bbox 742 2699 774 2721; x_wconf 84' lang='lat' dir='ltr'><strong>re</strong></span> <span class='ocrx_word' id='word_1_472' title='bbox 797 2684 899 2734; x_wconf 85' lang='lat' dir='ltr'><strong>oscere</strong></span> <span class='ocrx_word' id='word_1_473' title='bbox 931 2683 1021 2722; x_wconf 85' lang='lat' dir='ltr'><strong>dixit</strong></span> <span class='ocrx_word' id='word_1_474' title='bbox 1052 2682 1206 2722; x_wconf 79' lang='lat' dir='ltr'><strong>Martial.</strong></span> <span class='ocrx_word' id='word_1_475' title='bbox 1279 2682 1494 2730; x_wconf 71' lang='lat' dir='ltr'><strong>Papinianus</strong></span> <span class='ocrx_word' id='word_1_476' title='bbox 1516 2683 1626 2720; x_wconf 89' lang='lat' dir='ltr'><strong>etiam</strong></span> <span class='ocrx_word' id='word_1_477' title='bbox 1649 2694 1716 2733; x_wconf 89' lang='lat' dir='ltr'><strong>pro</strong></span> <span class='ocrx_word' id='word_1_478' title='bbox 1739 2684 1944 2722; x_wconf 86' lang='lat' dir='ltr'><strong>inhumano</strong></span> <span class='ocrx_word' id='word_1_479' title='bbox 1957 2697 1968 2726; x_wconf 93' lang='lat'>;</span> <span class='ocrx_word' id='word_1_480' title='bbox 1996 2682 2086 2721; x_wconf 82' lang='lat' dir='ltr'><strong>sicut</strong></span> <span class='ocrx_word' id='word_1_481' title='bbox 2107 2684 2162 2721; x_wconf 90' lang='lat' dir='ltr'><strong>M.</strong></span> <span class='ocrx_word' id='word_1_482' title='bbox 2186 2683 2235 2722; x_wconf 93' lang='lat' dir='ltr'><strong>T.</strong></span> <span class='ocrx_word' id='word_1_483' title='bbox 2249 2682 2297 2722; x_wconf 88' lang='lat' dir='ltr'><strong>de</strong></span> 
     </span>
     <span class='ocr_line' id='line_1_40' title="bbox 199 2694 2108 2783; baseline 0.002 -17"><span class='ocrx_word' id='word_1_484' title='bbox 199 2727 280 2769; x_wconf 85' lang='lat' dir='ltr'><strong>Lib.</strong></span> <span class='ocrx_word' id='word_1_485' title='bbox 300 2730 408 2770; x_wconf 90' lang='lat' dir='ltr'><strong>VIII.</strong></span> <span class='ocrx_word' id='word_1_486' title='bbox 430 2732 552 2781; x_wconf 86' lang='lat' dir='ltr'><strong>Epigr.</strong></span> <span class='ocrx_word' id='word_1_487' title='bbox 574 2694 795 2774; x_wconf 44' lang='lat' dir='ltr'><strong>XXXVIIIJ.y</strong></span> <span class='ocrx_word' id='word_1_488' title='bbox 1281 2732 1450 2770; x_wconf 68' lang='lat' dir='ltr'><strong>Perfec‘m</strong></span> <span class='ocrx_word' id='word_1_489' title='bbox 1476 2733 1635 2771; x_wconf 83' lang='lat' dir='ltr'><strong>Oratore</strong></span> <span class='ocrx_word' id='word_1_490' title='bbox 1657 2745 1724 2783; x_wconf 90' lang='lat' dir='ltr'><strong>pro</strong></span> <span class='ocrx_word' id='word_1_491' title='bbox 1747 2734 1879 2782; x_wconf 81' lang='lat' dir='ltr'><strong>agresti.</strong></span> <span class='ocrx_word' id='word_1_492' title='bbox 1910 2733 1942 2769; x_wconf 93' lang='lat' dir='ltr'>C</span> <span class='ocrx_word' id='word_1_493' title='bbox 1959 2745 1980 2768; x_wconf 73' lang='lat' dir='ltr'>A</span> <span class='ocrx_word' id='word_1_494' title='bbox 1996 2746 2018 2770; x_wconf 79' lang='lat' dir='ltr'>T</span> <span class='ocrx_word' id='word_1_495' title='bbox 2035 2746 2056 2769; x_wconf 71' lang='lat' dir='ltr'>A</span> <span class='ocrx_word' id='word_1_496' title='bbox 2071 2745 2108 2770; x_wconf 81' lang='lat' dir='ltr'><strong>N.</strong></span> 
     </span>
    </p>

    <p class='ocr_par' dir='ltr' id='par_1_17' title="bbox 1330 2782 2299 2833">
     <span class='ocr_line' id='line_1_41' title="bbox 1330 2782 2299 2833; baseline 0.004 -15"><span class='ocrx_word' id='word_1_497' title='bbox 1330 2796 1349 2831; x_wconf 84' lang='grc' dir='ltr'><em>ς</em></span> <span class='ocrx_word' id='word_1_498' title='bbox 1381 2784 1591 2820; x_wconf 78' lang='lat' dir='ltr'><strong>Maximam</strong></span> <span class='ocrx_word' id='word_1_499' title='bbox 1614 2783 1788 2829; x_wconf 81' lang='lat' dir='ltr'><strong>laudem,</strong></span> <span class='ocrx_word' id='word_1_500' title='bbox 1817 2782 1912 2820; x_wconf 82' lang='lat' dir='ltr'><strong>nobis</strong></span> <span class='ocrx_word' id='word_1_501' title='bbox 1934 2782 2200 2833; x_wconf 74' lang='lat' dir='ltr'><strong>voluptatem]</strong></span> <span class='ocrx_word' id='word_1_502' title='bbox 2243 2783 2299 2822; x_wconf 80' lang='lat' dir='ltr'><strong>Sic</strong></span> 
     </span>
    </p>

    <p class='ocr_par' dir='ltr' id='par_1_18' title="bbox 249 2829 2296 2928">
     <span class='ocr_line' id='line_1_42' title="bbox 249 2829 2296 2928; baseline 0.001 -60"><span class='ocrx_word' id='word_1_503' title='bbox 249 2829 482 2928; x_wconf 68' lang='lat' dir='ltr'><strong>Qispraestat</strong></span> <span class='ocrx_word' id='word_1_504' title='bbox 498 2835 627 2885; x_wconf 84' lang='lat' dir='ltr'><strong>pietate</strong></span> <span class='ocrx_word' id='word_1_505' title='bbox 644 2835 813 2884; x_wconf 81' lang='lat' dir='ltr'><strong>pertinaci</strong></span> <span class='ocrx_word' id='word_1_506' title='bbox 1281 2833 1372 2871; x_wconf 80' lang='lat' dir='ltr'><strong>Edd.</strong></span> <span class='ocrx_word' id='word_1_507' title='bbox 1397 2845 1538 2871; x_wconf 86' lang='lat' dir='ltr'><strong>omnes.</strong></span> <span class='ocrx_word' id='word_1_508' title='bbox 1567 2834 1619 2871; x_wconf 92' lang='lat' dir='ltr'><strong>At</strong></span> <span class='ocrx_word' id='word_1_509' title='bbox 1638 2835 1743 2873; x_wconf 87' lang='lat' dir='ltr'><strong>MSS.</strong></span> <span class='ocrx_word' id='word_1_510' title='bbox 1766 2832 1967 2880; x_wconf 84' lang='lat' dir='ltr'><strong>Helmstad.</strong></span> <span class='ocrx_word' id='word_1_511' title='bbox 1988 2835 2027 2872; x_wconf 72' lang='grc' dir='ltr'><strong>ὅ(</strong></span> <span class='ocrx_word' id='word_1_512' title='bbox 2047 2832 2151 2871; x_wconf 86' lang='lat' dir='ltr'><strong>Voff.</strong></span> <span class='ocrx_word' id='word_1_513' title='bbox 2174 2835 2296 2871; x_wconf 82' lang='lat' dir='ltr'><strong>maxi-</strong></span> 
     </span>
    </p>
   </div>
   <div class='ocr_carea' id='block_1_13' title="bbox 211 2882 2295 3086">
    <p class='ocr_par' dir='ltr' id='par_1_19' title="bbox 255 2882 2295 2986">
     <span class='ocr_line' id='line_1_43' title="bbox 255 2882 2294 2934; baseline 0.001 -16"><span class='ocrx_word' id='word_1_514' title='bbox 255 2882 314 2915; x_wconf 73' lang='lat' dir='ltr'><strong>Sen</strong></span> <span class='ocrx_word' id='word_1_515' title='bbox 329 2895 389 2920; x_wconf 86' lang='lat' dir='ltr'><strong>uro</strong></span> <span class='ocrx_word' id='word_1_516' title='bbox 411 2884 499 2921; x_wconf 87' lang='lat' dir='ltr'><strong>bona</strong></span> <span class='ocrx_word' id='word_1_517' title='bbox 522 2885 770 2931; x_wconf 80' lang='lat' dir='ltr'><strong>liberalitatis,</strong></span> <span class='ocrx_word' id='word_1_518' title='bbox 1278 2897 1354 2921; x_wconf 79' lang='lat' dir='ltr'><strong>mas</strong></span> <span class='ocrx_word' id='word_1_519' title='bbox 1402 2883 1534 2925; x_wconf 58' lang='lat' dir='ltr'><strong>landes:</strong></span> <span class='ocrx_word' id='word_1_520' title='bbox 1554 2911 1566 2929; x_wconf 87' lang='lat'><em>,</em></span> <span class='ocrx_word' id='word_1_521' title='bbox 1618 2884 1714 2922; x_wconf 82' lang='lat' dir='ltr'><strong>nobis</strong></span> <span class='ocrx_word' id='word_1_522' title='bbox 1774 2883 1969 2934; x_wconf 82' lang='lat' dir='ltr'><strong>voluptates</strong></span> <span class='ocrx_word' id='word_1_523' title='bbox 2007 2911 2018 2928; x_wconf 91' lang='lat'>‚</span> <span class='ocrx_word' id='word_1_524' title='bbox 2072 2884 2174 2934; x_wconf 90' lang='lat' dir='ltr'><strong>quod</strong></span> <span class='ocrx_word' id='word_1_525' title='bbox 2220 2885 2294 2921; x_wconf 72' lang='lat' dir='ltr'><strong>iam</strong></span> 
     </span>
     <span class='ocr_line' id='line_1_44' title="bbox 257 2930 2295 2986; baseline 0.001 -19"><span class='ocrx_word' id='word_1_526' title='bbox 257 2930 377 2976; x_wconf 76' lang='lat' dir='ltr'><strong>Captet</strong></span> <span class='ocrx_word' id='word_1_527' title='bbox 389 2933 564 2984; x_wconf 78' lang='lat' dir='ltr'><strong>forsitan,</strong></span> <span class='ocrx_word' id='word_1_528' title='bbox 595 2946 659 2974; x_wconf 80' lang='lat' dir='ltr'><strong>aut</strong></span> <span class='ocrx_word' id='word_1_529' title='bbox 683 2938 804 2975; x_wconf 81' lang='lat' dir='ltr'><strong>vicem</strong></span> <span class='ocrx_word' id='word_1_530' title='bbox 826 2935 1000 2986; x_wconf 66' lang='lat' dir='ltr'><strong>reposcat.</strong></span> <span class='ocrx_word' id='word_1_531' title='bbox 1279 2933 1413 2973; x_wconf 84' lang='lat' dir='ltr'><strong>indicio</strong></span> <span class='ocrx_word' id='word_1_532' title='bbox 1434 2932 1503 2974; x_wconf 84' lang='lat' dir='ltr'><strong>effe</strong></span> <span class='ocrx_word' id='word_1_533' title='bbox 1526 2942 1667 2983; x_wconf 84' lang='lat' dir='ltr'><strong>poterat</strong></span> <span class='ocrx_word' id='word_1_534' title='bbox 1685 2936 1884 2984; x_wconf 84' lang='lat' dir='ltr'><strong>genuinam</strong></span> <span class='ocrx_word' id='word_1_535' title='bbox 1905 2933 2114 2984; x_wconf 81' lang='lat' dir='ltr'><strong>scripturam</strong></span> <span class='ocrx_word' id='word_1_536' title='bbox 2139 2931 2209 2971; x_wconf 82' lang='lat' dir='ltr'><strong>effe</strong></span> <span class='ocrx_word' id='word_1_537' title='bbox 2232 2934 2295 2971; x_wconf 89' lang='lat' dir='ltr'><strong>de-</strong></span> 
     </span>
    </p>

    <p class='ocr_par' dir='ltr' id='par_1_20' title="bbox 211 2984 2292 3086">
     <span class='ocr_line' id='line_1_45' title="bbox 328 2984 2292 3034; baseline 0 -15"><span class='ocrx_word' id='word_1_538' title='bbox 328 3027 336 3034; x_wconf 45' lang='lat'><strong>·</strong></span> <span class='ocrx_word' id='word_1_539' title='bbox 1280 2992 1475 3033; x_wconf 66' lang='lat' dir='ltr'><strong>pluratam.</strong></span> <span class='ocrx_word' id='word_1_540' title='bbox 1529 2985 1684 3033; x_wconf 86' lang='lat' dir='ltr'><strong>Optime</strong></span> <span class='ocrx_word' id='word_1_541' title='bbox 1706 2984 1897 3022; x_wconf 86' lang='lat' dir='ltr'><strong>Mediceus</strong></span> <span class='ocrx_word' id='word_1_542' title='bbox 1921 2985 1958 3021; x_wconf 88' lang='lat'>&amp;</span> <span class='ocrx_word' id='word_1_543' title='bbox 1983 2984 2180 3023; x_wconf 84' lang='lat' dir='ltr'><strong>Lindenbr.</strong></span> <span class='ocrx_word' id='word_1_544' title='bbox 2212 2997 2292 3022; x_wconf 83' lang='lat' dir='ltr'><strong>ma-</strong></span> 
     </span>
     <span class='ocr_line' id='line_1_46' title="bbox 211 3018 2291 3086; baseline 0.005 -27"><span class='ocrx_word' id='word_1_545' title='bbox 211 3018 306 3061; x_wconf 80' lang='lat' dir='ltr'><strong>Mox</strong></span> <span class='ocrx_word' id='word_1_546' title='bbox 328 3038 363 3064; x_wconf 76' lang='lat' dir='ltr'><strong>in</strong></span> <span class='ocrx_word' id='word_1_547' title='bbox 382 3030 551 3074; x_wconf 84' lang='lat' dir='ltr'><strong>Mediceo</strong></span> <span class='ocrx_word' id='word_1_548' title='bbox 574 3036 622 3074; x_wconf 89' lang='lat' dir='ltr'><strong>est</strong></span> <span class='ocrx_word' id='word_1_549' title='bbox 643 3037 819 3086; x_wconf 79' lang='lat' dir='ltr'><strong>Dilegeris.</strong></span> <span class='ocrx_word' id='word_1_550' title='bbox 1276 3037 1375 3072; x_wconf 80' lang='lat' dir='ltr'><strong>xima</strong></span> <span class='ocrx_word' id='word_1_551' title='bbox 1396 3034 1521 3078; x_wconf 77' lang='lat' dir='ltr'><strong>laude,</strong></span> <span class='ocrx_word' id='word_1_552' title='bbox 1549 3035 1643 3072; x_wconf 84' lang='lat' dir='ltr'><strong>nobis</strong></span> <span class='ocrx_word' id='word_1_553' title='bbox 1666 3035 1856 3084; x_wconf 76' lang='lat' dir='ltr'><strong>voluptate.</strong></span> <span class='ocrx_word' id='word_1_554' title='bbox 1910 3034 1984 3072; x_wconf 83' lang='lat' dir='ltr'><strong>Hic</strong></span> <span class='ocrx_word' id='word_1_555' title='bbox 2018 3036 2066 3073; x_wconf 83' lang='lat' dir='ltr'><strong>est</strong></span> <span class='ocrx_word' id='word_1_556' title='bbox 2099 3034 2191 3072; x_wconf 83' lang='lat' dir='ltr'><strong>stilus</strong></span> <span class='ocrx_word' id='word_1_557' title='bbox 2221 3035 2291 3070; x_wconf 88' lang='lat' dir='ltr'><strong>Pli-</strong></span> 
     </span>
    </p>
   </div>
   <div class='ocr_carea' id='block_1_14' title="bbox 205 3077 2291 3188">
    <p class='ocr_par' dir='ltr' id='par_1_21' title="bbox 205 3077 2291 3188">
     <span class='ocr_line' id='line_1_47' title="bbox 260 3077 2291 3136; baseline -0 -14"><span class='ocrx_word' id='word_1_558' title='bbox 260 3085 280 3128; x_wconf 62' lang='lat'><strong>,2</strong></span> <span class='ocrx_word' id='word_1_559' title='bbox 309 3077 378 3122; x_wconf 61' lang='lat'><strong>§2³⁴3</strong></span> <span class='ocrx_word' id='word_1_560' title='bbox 404 3079 440 3116; x_wconf 80' lang='lat' dir='ltr'><strong>id</strong></span> <span class='ocrx_word' id='word_1_561' title='bbox 461 3109 472 3126; x_wconf 93' lang='lat'><strong>‚</strong></span> <span class='ocrx_word' id='word_1_562' title='bbox 506 3087 593 3133; x_wconf 79' lang='lat' dir='ltr'><strong>quod</strong></span> <span class='ocrx_word' id='word_1_563' title='bbox 614 3097 654 3124; x_wconf 82' lang='lat' dir='ltr'><strong>tu</strong></span> <span class='ocrx_word' id='word_1_564' title='bbox 674 3088 760 3130; x_wconf 70' lang='lat' dir='ltr'><strong>velis</strong></span> <span class='ocrx_word' id='word_1_565' title='bbox 782 3116 793 3133; x_wconf 94' lang='lat'>,</span> <span class='ocrx_word' id='word_1_566' title='bbox 820 3085 1008 3136; x_wconf 65' lang='lat' dir='ltr'><strong>cupiam]</strong></span> <span class='ocrx_word' id='word_1_567' title='bbox 1049 3085 1200 3134; x_wconf 84' lang='lat' dir='ltr'><strong>Vulgo:</strong></span> <span class='ocrx_word' id='word_1_568' title='bbox 1276 3087 1324 3125; x_wconf 85' lang='lat' dir='ltr'><strong>nii</strong></span> <span class='ocrx_word' id='word_1_569' title='bbox 1338 3115 1348 3134; x_wconf 90' lang='lat'><em>,</em></span> <span class='ocrx_word' id='word_1_570' title='bbox 1375 3093 1484 3136; x_wconf 85' lang='lat' dir='ltr'><strong>prout</strong></span> <span class='ocrx_word' id='word_1_571' title='bbox 1504 3087 1717 3125; x_wconf 86' lang='lat' dir='ltr'><strong>monuimus</strong></span> <span class='ocrx_word' id='word_1_572' title='bbox 1738 3085 1784 3125; x_wconf 84' lang='lat' dir='ltr'><strong>ad</strong></span> <span class='ocrx_word' id='word_1_573' title='bbox 1807 3085 1886 3125; x_wconf 87' lang='lat' dir='ltr'><strong>Lib.</strong></span> <span class='ocrx_word' id='word_1_574' title='bbox 1911 3085 1939 3124; x_wconf 89' lang='grc' dir='ltr'><strong>Ι.</strong></span> <span class='ocrx_word' id='word_1_575' title='bbox 1962 3086 2070 3136; x_wconf 83' lang='lat' dir='ltr'><strong>Epist.</strong></span> <span class='ocrx_word' id='word_1_576' title='bbox 2094 3087 2138 3124; x_wconf 90' lang='lat' dir='ltr'><strong>X.</strong></span> <span class='ocrx_word' id='word_1_577' title='bbox 2163 3096 2198 3121; x_wconf 90' lang='lat' dir='ltr'><strong>n.</strong></span> <span class='ocrx_word' id='word_1_578' title='bbox 2237 3094 2291 3119; x_wconf 79' lang='lat'><strong>12.</strong></span> 
     </span>
     <span class='ocr_line' id='line_1_48' title="bbox 205 3127 2289 3188; baseline 0 -17"><span class='ocrx_word' id='word_1_579' title='bbox 205 3133 289 3171; x_wconf 64' lang='lat'><strong>1¹⁰,</strong></span> <span class='ocrx_word' id='word_1_580' title='bbox 316 3127 404 3175; x_wconf 74' lang='lat' dir='ltr'><strong>quod</strong></span> <span class='ocrx_word' id='word_1_581' title='bbox 421 3139 460 3167; x_wconf 77' lang='lat' dir='ltr'><strong>tu</strong></span> <span class='ocrx_word' id='word_1_582' title='bbox 479 3133 583 3182; x_wconf 77' lang='lat' dir='ltr'><strong>velis,</strong></span> <span class='ocrx_word' id='word_1_583' title='bbox 613 3138 774 3187; x_wconf 82' lang='lat' dir='ltr'><strong>cupiant,</strong></span> <span class='ocrx_word' id='word_1_584' title='bbox 801 3149 922 3188; x_wconf 88' lang='lat' dir='ltr'><strong>neque</strong></span> <span class='ocrx_word' id='word_1_585' title='bbox 945 3149 1015 3188; x_wconf 85' lang='lat' dir='ltr'><strong>ego</strong></span> <span class='ocrx_word' id='word_1_586' title='bbox 1036 3137 1073 3179; x_wconf 86' lang='lat' dir='ltr'><strong>id</strong></span> <span class='ocrx_word' id='word_1_587' title='bbox 1086 3137 1196 3188; x_wconf 80' lang='lat' dir='ltr'><strong>Latio</strong></span> <span class='ocrx_word' id='word_1_588' title='bbox 1578 3137 1618 3185; x_wconf 91' lang='lat' dir='ltr'>Q</span> <span class='ocrx_word' id='word_1_589' title='bbox 2169 3137 2289 3181; x_wconf 72' lang='lat' dir='ltr'><strong>Neque</strong></span> 
     </span>
    </p>
   </div>
  </div>
 </body>
</html>
