2616 3686
278 227 375 278 490
521 211 583 260 c.
646 198 1036 256 PL1N11
1104 156 1612 248 canenti
1686 184 2203 245 sucuNnt

216 302 245 337 2
284 283 488 344 Vareni
510 282 820 337 advocatos
893 277 1096 332 Perstat
1125 290 1306 330 tamen
1337 275 1484 328 idem
1512 274 1598 328 ille
1619 268 1633 291 ¹
1663 270 1895 342 Magnus
1931 291 1944 329 :
1984 272 2113 343 quin
2140 273 2299 328 etiam
2339 275 2435 330 Ni-

295 360 506 433 grinum
536 356 802 426 optimum
827 350 1006 406 virum
1030 347 1445 422 pertinacissime
1470 357 1708 401 exercet.
1762 344 1864 399 Per
1892 347 2037 401 hunc
2065 362 2092 397 a
2121 343 2439 401 Consulibus

229 441 253 494 3
300 429 621 504 postulabat,
659 441 717 482 ut
746 421 998 483 Varenus
1026 420 1283 476 exhibere
1311 422 1548 474 rationes
1573 432 1882 485 cogeretur.
1948 415 1964 433 ²
1993 416 2305 472 Affistebam
2331 417 2382 474 V
2389 435 2442 471 a-

304 521 438 560 reno
461 502 569 572 jam
594 512 803 554 tantum
834 535 850 561 ‚
889 511 945 549 ut
973 496 1173 548 amicus
1204 531 1218 553 ‚
1262 493 1315 546 ἃ
1342 505 1522 545 tacere
1549 491 1912 545 decreveram.
1992 489 2138 543 Nihil
2161 491 2302 544 enim
2331 504 2441 546 tarn

309 576 672 634 contrarium,
707 586 867 642 quam
895 568 932 620 fi
954 567 1245 620 advocatus
1272 582 1300 616 a
1327 564 1525 618 Senatu
1549 564 1702 618 datus
1727 561 2080 617 defenderem
2119 599 2133 624 ,
2175 575 2233 615 ut
2263 579 2444 627 reum,

236 663 272 713 4
315 650 403 703 cui
431 663 564 718 opus
589 643 715 698 esset
737 681 753 705 ,
789 658 857 694 ne
883 654 1002 692 reus
1029 635 1322 691 videretur.
1399 634 1544 688 Cum
1568 650 1746 690 tamen
1779 635 1924 689 finita
1960 634 2316 705 postulatione
2352 636 2448 690 Ni-

317 721 456 794 grini
478 756 493 782 ‚
531 715 790 769 Consules
830 711 894 764 ad
931 726 1018 762 me
1053 707 1242 762 oculos
1273 705 1562 761 retuliffent
1591 747 1606 771 ,
1658 706 1884 770 Scietis,
1925 709 2146 778 inquam
2175 746 2191 770 ,
2226 706 2450 775 constare

318 793 459 846 nobis
472 786 680 859 stlentii
703 782 857 856 nostri
882 783 1140 836 rationem
1164 818 1179 843 ,
1232 797 1344 831 cum
1371 778 1386 806 ³
1405 796 1559 831 veros
1583 780 1778 852 legatos
1811 782 2122 851 provinciae
2154 778 2455 836 audieritis.

323 868 339 892 ⁴
358 864 563 918 Contra
591 858 873 929 Nigrinus:
915 855 991 908 ad
1009 872 1157 927 quem
1180 849 1496 921 miffifimt?
1534 849 1685 920 Ego:
1713 850 1813 903 ⁵ad
1821 871 1898 905 me
1910 869 2102 923 quoque
2117 851 2269 905 habeo
2282 853 2454 907 decre·

251 950 281 1000 5
326 949 434 993 tum
447 932 782 1008 provinciae.
857 927 1061 985 Rursus
1081 928 1194 983 ille:
1233 923 1413 994 Potest
1437 923 1540 976 tibi
1560 924 1779 995 liquere.
1818 923 1909 978 Ad
1934 925 2037 978 hoc
2078 941 2221 996 ego:
2272 923 2333 979 Si
2354 925 2457 980 tibi

2390 1017 2515 1053 ex·

333 1163 489 1193 manain
510 1150 713 1190 lec'tionem
740 1161 785 1188 ex
809 1147 957 1198 optimis
988 1145 1212 1185 membranis
1248 1144 1369 1183 Piinio
1435 1141 1576 1180 vinciae
1599 1140 1784 1180 audieritis
1805 1147 1932 1178 contra
1955 1140 2154 1189 Nigrinum
2169 1168 2180 1185 ‚
2205 1141 2256 1177 ad
2266 1154 2364 1191 quem
2379 1141 2466 1192 miffu'

336 1204 557 1243 restituimus
582 1202 663 1240 Lib.
688 1202 755 1238 Vl.
780 1199 889 1251 Epist.
912 1197 997 1236 XII.
1020 1210 1056 1235 n.
1079 1210 1113 1246 ς.
1144 1195 1272 1247 quotie,
1298 1195 1370 1233 ces·
1427 1195 1541 1244 sunt.-
1574 1193 1657 1243 Ego
1690 1192 1786 1242 apud
1818 1204 1872 1229 me
1904 1204 2036 1241 quoque
2058 1191 2166 1228 habeo
2191 1191 2367 1230 decretum
2386 1203 2467 1243 pro-

337 1255 412 1294 sare
433 1253 587 1291 videbor
612 1281 623 1297 ,
652 1251 804 1289 videbor
828 1251 911 1289 dico
932 1262 940 1287 :
971 1261 1170 1299 numquam
1191 1248 1282 1285 enim
1306 1246 1372 1296 ces-
1436 1245 1583 1282 vinciae.
1607 1245 1736 1294 Rursus
1760 1242 1838 1281 ille.-
1885 1242 1996 1290 Potest
2022 1250 2090 1280 cet.
2112 1253 2208 1292 quae
2231 1243 2351 1280 nescio
2375 1255 2472 1294 quo-

331 1305 420 1355 sabo
445 1322 455 1340 .>
486 1304 683 1340 convicium
704 1302 839 1348 facias.
871 1301 918 1339 ibi
951 1302 1065 1349 pium.
1120 1303 1232 1348 Supra
1264 1297 1372 1336 MSS.
1436 1297 1555 1336 modo
1573 1303 1631 1333 tot
1651 1295 1808 1333 editores
1828 1304 2065 1343 concoquere
2089 1295 2286 1342 potuerint.
2327 1293 2469 1333 Falsum

341 1367 475 1393 ornnes
510 1356 547 1392 ὅς
579 1353 646 1391 Ed.
676 1353 762 1390 Vct.
821 1359 954 1389 Vareno
989 1350 1131 1398 contigit
1163 1378 1174 1395 ‚
1201 1361 1304 1393 non,
1336 1356 1375 1385 ut
1439 1348 1540 1385 enim
1573 1348 1612 1386 &
1644 1348 1846 1395 ineptum;
1886 1343 2017 1394 legatos
2048 1343 2230 1390 audieritis
2252 1353 2378 1382 contra
2406 1346 2473 1382 Ni-

342 1406 458 1453 vuigo
482 1432 491 1448 ‚
536 1406 680 1452 contigit
717 1409 861 1440 Vareno.
918 1401 1013 1438 Infra
1047 1400 1196 1450 quidam
1220 1400 1376 1449 impressi
1435 1398 1579 1446 grinum
1596 1426 1606 1442 ,
1634 1399 1679 1434 ad
1703 1409 1804 1446 quem
1826 1394 1913 1443 miffi
1929 1396 2040 1443 sunt;
2072 1395 2244 1444 Ineptum
2266 1394 2371 1433 iilud:
2401 1400 2474 1445 Ego

343 1457 522 1494 decretum
546 1455 675 1503 consilii
699 1469 707 1496 ;
752 1453 907 1491 Helmst.
937 1454 1061 1490 decreti
1093 1450 1285 1500 confilium.
1325 1451 1377 1488 O·
1438 1450 1534 1496 apud
1555 1462 1608 1486 me
1631 1460 1761 1499 quoque
1781 1445 1913 1490 habe03
1944 1447 2118 1496 Denique
2140 1445 2197 1483 illa
2220 1460 2230 1489 ;
2261 1446 2393 1494 Rursus
2414 1448 2473 1488 ille

345 1508 486 1556 ptimus
521 1513 646 1542 tamen
680 1507 718 1542 ὃ(
752 1505 917 1554 plerique
951 1503 1058 1540 MSS.
1091 1513 1177 1539 cum
1201 1502 1269 1539 Ed.
1291 1501 1380 1540 Ver.
1440 1500 1512 1537 iam
1533 1499 1611 1537 satis
1635 1498 1818 1548 produnt,
1847 1496 2065 1545 praecedere
2099 1495 2230 1535 debere
2266 1499 2475 1538 orationem

348 1558 526 1599 decretum
552 1555 705 1600 canalii,
735 1553 838 1603 quod
861 1566 938 1592 non
962 1563 1038 1592 erat
1059 1552 1281 1590 mutandum
1304 1580 1315 1596 ,
1340 1562 1381 1590 ut
1443 1550 1586 1598 Nigrini
1617 1549 1662 1586 ad
1697 1549 1855 1587 Plinium
1888 1546 2063 1586 directam
2090 1577 2100 1594 ,
2138 1559 2249 1597 quam
2291 1551 2478 1588 tamenin

351 1609 488 1647 evincit
511 1615 599 1644 nota
624 1607 650 1644 1.
674 1605 731 1643 Fr.
753 1606 940 1644 Gronovii
960 1604 1005 1643 ad
1029 1605 1129 1643 Livii
1150 1603 1234 1642 Lib.
1260 1603 1383 1642 XLV.
1445 1602 1589 1649 vulgata
1621 1600 1790 1649 scriptura
1819 1610 2000 1647 nusquam
2022 1598 2134 1638 vides.
2189 1599 2329 1636 Aurem
2351 1608 2480 1639 tamen

355 1669 432 1708 cap.
454 1656 501 1695 11.
534 1658 688 1695 Coa-rs..
1447 1652 1579 1690 vellere
1613 1659 1757 1699 poterat
1791 1648 1878 1687 iilud
1912 1661 1957 1688 ex
1996 1649 2078 1687 Lib.
2114 1651 2143 1689 Ι,
2174 1649 2282 1698 Epist.
2315 1650 2365 1688 V.
2388 1663 2424 1688 n.
2446 1664 2481 1700 ς.

409 1721 423 1746 1
458 1708 640 1757 Magum]
672 1709 799 1754 Quem
824 1706 933 1744 refert
955 1705 1032 1744 Lib.
1071 1706 1121 1744 V.
1151 1704 1262 1756 Epist.
1293 1705 1378 1743 XX.
1446 1703 1579 1741 Rursus
1611 1703 1701 1740 ille:
1749 1703 1891 1751 Quaero
1913 1730 1923 1747 ,
1968 1702 2056 1750 quid
2089 1702 2129 1739 do
2153 1700 2303 1747 Modesto
2317 1702 2483 1751 sentias?

355 1759 516 1810 piuribus
535 1767 661 1795 contra
680 1758 871 1794 Varenum
896 1755 1033 1794 dixisse.
1070 1757 1137 1794 CA
1155 1770 1177 1794 Τ
1193 1769 1266 1794 AN.
1305 1762 1389 1793 Ma-
1450 1754 1588 1792 Iterum
1613 1764 1703 1801 ego:
1736 1751 1899 1789 Solebam
1924 1751 2017 1797 testes
2040 1753 2079 1789 in
2103 1767 2174 1790 reos
2199 1780 2209 1797 ,
2238 1765 2307 1789 non
2339 1753 2377 1790 in
2416 1754 2482 1791 da·

356 1824 449 1861 gnus
480 1810 615 1847 habent
640 1820 770 1846 omnes
793 1806 913 1846 Codd.
937 1806 1073 1851 nostri,
1101 1808 1190 1846 item
1215 1806 1332 1846 Aldus
1355 1810 1392 1845 &
1455 1816 1597 1843 mnatos
1619 1803 1843 1853 interrogari.
1864 1802 1948 1841 vide
1972 1803 2072 1841 illum
2095 1804 2233 1841 locum.
2257 1804 2483 1843 Emendavi·

362 1861 574 1910 Gryphius,
602 1870 713 1907 atque
735 1860 783 1897 ita
805 1856 1032 1896 scribendum
1059 1856 1129 1895 effe
1156 1885 1166 1902 ,
1209 1869 1287 1894 non
1312 1863 1395 1896 Ma·
1456 1868 1536 1894 mus
1569 1858 1692 1903 itaque
1727 1867 1771 1892 ex
1795 1854 2016 1892 membranis
2040 1853 2217 1892 Mediceis
2242 1856 2279 1893 8<
2303 1855 2395 1894 Edd.
2419 1855 2483 1894 Al-

360 1911 460 1962 gius,
489 1911 562 1949 dixi
585 1910 629 1947 ad
654 1910 735 1947 Lib.
757 1909 805 1946 V.
837 1908 945 1958 Epist.
969 1907 1052 1944 XX.
1075 1919 1112 1944 n.
1127 1921 1164 1955 4.
1190 1908 1398 1948 Heimst.&
1456 1906 1571 1951 dinis,
1598 1908 1685 1944 item
1712 1917 1755 1943 ex
1783 1906 1859 1944 MS.
1894 1905 2008 1942 Arnz.
2040 1906 2294 1953 pervuigatum
2331 1907 2483 1954 vitium,

367 1961 488 2001 Aldus
511 1968 682 2010 corrupte
708 1958 880 2005 Praestat.
1299 1962 1304 1966 ⁴
1458 1958 1495 1995 ὃ(
1519 1957 1672 1995 fecimus
1696 1970 1703 1993 :
1741 1968 1820 1992 cum
1852 1969 1953 1993 veros
1987 1956 2114 2005 legatos
2141 1957 2345 2003 provinciae
2366 1959 2484 1995 audie-

421 2025 443 2049 2
473 2010 679 2060 Assistebam
705 2016 836 2048 Vareno
853 2010 934 2058 jam
965 2019 1112 2048 tantum
1147 2020 1187 2048 ut
1211 2010 1357 2048 amicus.
1382 2010 1398 2060 ]

370 2063 462 2102 Non
485 2071 526 2099 ut
549 2062 768 2099 advocatus:
802 2072 890 2098 nam
912 2061 1081 2099 advocati
1101 2062 1246 2110 proprie
1269 2062 1378 2109 adeffe
1392 2091 1400 2098 .

1455 2007 1546 2046 ritis.
1577 2008 1718 2045 Contra
1743 2007 1917 2054 Nigrinus
1940 2020 1948 2043 :
1976 2008 2026 2043 ad
2047 2020 2148 2056 quem
2168 2006 2256 2054 miffi
2270 2011 2360 2056 sunt
2385 2017 2400 2046 ἓ
2437 2007 2484 2046 Ε-

1456 2070 1535 2106 go:
1583 2060 1633 2095 ad
1664 2072 1719 2096 me
1750 2070 1880 2107 quoque
1913 2055 2020 2094 habeo
2060 2058 2235 2095 decretum
2274 2058 2482 2108 provinciae.

375 2114 414 2151 &
439 2112 579 2161 affistere
601 2112 780 2150 dicuntur.
812 2111 928 2160 Quod
952 2112 1065 2159 vulgo
1089 2119 1200 2160 atque
1215 2139 1225 2156 ,
1254 2123 1294 2150 ut
1317 2113 1402 2150 Gel-
1463 2110 1591 2147 Rursus
1613 2109 1692 2148 ille:
1730 2107 1840 2153 Potest
1855 2106 1917 2144 tibi
1938 2106 2066 2156 liquere
2081 2137 2090 2152 ‚
2120 2117 2188 2146 cet.
2242 2110 2348 2148 Haec
2369 2109 2482 2148 forma

372 2164 441 2207 lius
465 2163 665 2207 existimat,
694 2163 889 2211 imperite,
909 2161 1071 2211 supereffe
1092 2161 1288 2199 vocabant.
1318 2163 1406 2200 Hoc
1463 2161 1635 2198 orationis
1669 2160 1764 2209 apud
1799 2156 1974 2196 Nostrum
2003 2158 2051 2196 est
2086 2158 2380 2208 frequentissima.
2429 2159 2483 2197 Sic

373 2214 565 2254 idiotismo
599 2212 782 2261 Augustus
813 2221 940 2250 tamen
961 2212 1040 2250 usus
1063 2211 1112 2249 est
1136 2211 1232 2259 apud
1256 2213 1406 2252 Sueton.
1467 2211 1548 2249 Lib.
1568 2210 1614 2247 ΙΙ.
1639 2211 1745 2259 Epist.
1768 2209 1837 2246 Vix
1859 2221 1893 2246 n.
1915 2221 1947 2258 3.
1977 2211 2146 2247 Etiamne
2167 2210 2335 2249 libertos?
2358 2210 2484 2249 Etiam.

378 2265 461 2302 Lib.
485 2263 551 2301 ΙΙΙ.
577 2264 619 2300 C.
644 2263 749 2301 LVI.
777 2263 987 2301 Bucam-za.
1018 2262 1096 2300 Lib.
1120 2263 1187 2300 VI.
1211 2262 1318 2311 Epist.
1342 2264 1409 2302 VI.
1467 2261 1514 2298 Et
1547 2262 1604 2300 ille
1631 2275 1638 2299 z
1682 2267 1816 2310 Magno
1850 2259 1911 2297 tibi
1945 2259 2088 2307 constat.
2129 2260 2301 2301 Minime.
2327 2259 2484 2311 Qlfim'

377 2327 413 2353 n.
437 2316 471 2352 6.
521 2314 663 2352 Dicenti
683 2312 774 2351 mihi
788 2313 958 2363 sollicitus
979 2311 1109 2351 adsistit
1131 2341 1143 2358 ‚
1171 2312 1308 2363 adsidet
1329 2315 1410 2353 reci-
1463 2312 1565 2360 potest
1579 2323 1594 2350 ,³
1625 2312 1745 2359 Potest.
1784 2313 1854 2349 &c
1905 2310 1997 2348 iliud
2018 2316 2088 2359 Ego
2112 2324 2196 2350 cum
2221 2313 2347 2350 Verbo
2369 2312 2486 2351 videas

379 2367 489 2405 tanti.
750 2398 763 2410 ,
1470 2364 1550 2401 Lib.
1575 2364 1642 2408 IV.
1666 2363 1773 2412 Epist.
1797 2362 1902 2401 XIII.
1924 2373 1960 2398 n.
1983 2372 2016 2411 3.
2041 2364 2080 2400 ὃ(
2105 2363 2184 2401 Lib.
2208 2363 2254 2400 V.
2278 2361 2382 2412 Epist.
2405 2363 2429 2399 I.
2453 2373 2488 2399 n.

434 2429 452 2466 3
486 2422 584 2453 Veros
616 2413 786 2464 legatos.]
815 2415 871 2452 Ut
898 2415 1143 2464 Polyaenum.
1182 2415 1285 2452 Nam
1307 2427 1414 2455 veros
1469 2428 1504 2461 9.
1530 2415 1745 2452 Particulam
1776 2425 1899 2452 contra
1929 2414 1978 2451 ita
2009 2414 2160 2461 abrupte
2189 2413 2298 2451 habcs'
2317 2413 2395 2450 Lib.
2424 2412 2491 2450 VI.

381 2469 522 2515 legatos
543 2467 696 2515 appellat
719 2477 782 2504 eos
797 2494 806 2510 ,
835 2467 898 2515 qui
922 2466 1114 2504 attulerant
1128 2465 1316 2504 decretum
1329 2468 1416 2506 abo·
1473 2464 1578 2512 Epist.
1602 2465 1684 2503 XX.
1704 2477 1739 2502 n.
1767 2477 1821 2502 η.
1868 2464 1951 2512 Ego
1974 2473 2101 2501 contra
2124 2477 2132 2500 ε
2155 2462 2301 2510 salvum
2324 2476 2398 2505 me,
2425 2458 2492 2506 m'fi

384 2518 469 2556 litae
501 2517 734 2554 accusationis
749 2544 759 2561 ‚
789 2517 827 2553 δε
851 2516 1023 2565 Magium
1039 2545 1049 2562 ,
1079 2518 1143 2566 qui
1165 2524 1272 2554 antea
1296 2517 1418 2557 miffus
1472 2529 1567 2561 una,
1595 2529 1664 2554 non
1688 2517 1873 2563 ficturum.
1920 2516 1998 2553 Pari
2020 2514 2137 2552 modo
2160 2513 2290 2549 Sanun.
2316 2512 2388 2556 lug.
2406 2519 2486 2564 cap.

388 2568 506 2605 fuerat
537 2567 738 2604 accusatum
773 2594 783 2611 ,
813 2579 890 2604 non
923 2575 1034 2604 vocat
1066 2578 1197 2604 verum
1230 2568 1416 2616 legatum,
1476 2567 1576 2604 CIX.
1611 2579 1645 2605 n.
1680 2579 1712 2605 1.
1750 2567 1862 2615 Igitur
1885 2567 1981 2604 Sulla
2001 2578 2010 2602 t
2033 2574 2145 2613 pauca
2159 2561 2196 2608 se
2217 2572 2329 2613 coram
2354 2562 2488 2605 Aspare

417 2620 475 2656 uia
498 2617 693 2667 posteriora
716 2618 891 2665 prioribus
913 2617 1101 2665 derogant.
1131 2618 1287 2656 (ῙΑΤΑΝ.
1315 2620 1418 2658 Voss}
1475 2617 1701 2663 locuturum,
1728 2619 1789 2656 ubi
1821 2617 1917 2655 scioli
1950 2619 2182 2660 corruperant
2206 2621 2214 2643 :
2254 2614 2359 2661 Igitur
2387 2606 2486 2642 sulla

383 2630 420 2718 ,ᾖ
447 2676 587 2707 ceteros
610 2668 738 2716 legatos
772 2667 926 2715 proinde
959 2667 1155 2706 audieritis.
1185 2669 1340 2708 Helmst.
1357 2680 1418 2719 pro
1475 2669 1658 2716 respondit.
1682 2669 1767 2707 vide
1785 2679 1879 2716 quae
1902 2667 1970 2704 illic
1991 2662 2123 2716 indico.
2162 2656 2290 2694 Noster
2315 2656 2392 2711 Lib.
2423 2657 2489 2695 IV.

393 2730 432 2755 ut
458 2721 495 2756 in
518 2730 550 2757 te
570 2735 580 2763 ;
612 2721 723 2755 Arnz.
738 2726 842 2767 prout
867 2718 991 2764 vitae-3
1019 2720 1148 2757 Oxon.
1166 2728 1228 2768 pro
1247 2730 1289 2757 ut
1312 2720 1351 2758 in
1373 2736 1418 2760 re.
1476 2719 1587 2767 Epist.
1610 2719 1733 2757 XXII.
1755 2731 1789 2756 n.
1805 2718 1839 2753 6.
1867 2721 1955 2752 Tum
1975 2712 2254 2766 ipst‚¹¹¹¹PCs³t0¹'
2279 2719 2286 2741 ³
2316 2709 2412 2754 Qud
2425 2719 2490 2754 Fu·

395 2770 484 2808 Satis
507 2778 687 2818 corrupte.
1476 2781 1596 2807 tamus
1615 2770 1793 2820 passurum
1808 2763 1910 2814 fuiffe
1932 2791 1942 2807 ,
1967 2762 1991 2805 (¹
2013 2767 2151 2795 '‘mm“
2172 2765 2187 2793 ·²
2219 2757 2256 2793 &
2283 2757 2488 2814 Mffissfiffl

443 2834 466 2867 4
493 2827 630 2858 Contra
654 2818 883 2868 Nigrinum]
915 2821 1024 2868 Quae
1048 2819 1177 2858 scilicet
1198 2819 1318 2859 dicent
1331 2833 1419 2861 con·
1478 2820 1665 2869 Nobiscum
1687 2827 1851 2857 coenaret.
1875 2810 2066 2869 'iibstineo-
2084 2806 2129 2843 ab
2151 2818 2223 2843 ariis
2243 2819 2411 2866 inanum,
2434 2821 2490 2846 111·

396 2876 448 2903 tra
480 2881 519 2906 ca
543 2898 553 2912 ,
594 2882 687 2918 quac
720 2882 818 2908 nuuc
846 2872 938 2919 petit
968 2882 989 2907 a
1022 2871 1126 2908 vobis
1150 2871 1323 2918 Nigrinus
1340 2901 1350 2918 ,
1374 2873 1419 2912 ad
1476 2870 1577 2908 finita
1601 2872 1698 2907 enim
1720 2869 1801 2906 talia
1821 2864 1936 2902 ubivis
1955 2866 2190 2914 reperiuntur.
2220 2860 2370 2896 moure.
2401 2911 2405 2915 .

400 2929 512 2963 quem
545 2920 634 2955 miili
667 2919 744 2956 sunt
775 2931 795 2956 a
827 2921 1003 2968 Bithynis.
1051 2921 1134 2959 Alia
1154 2922 1265 2961 lectio
1287 2923 1420 2967 habet,
1529 2934 1546 2969 ς
1576 2920 1686 2969 Apud
1705 2915 1806 2963 me.]
1845 2913 1926 2958 Jam
1949 2919 2047 2945 emm
2069 2907 2205 2945 ‘fixerat
2229 2919 2333 2965 ‘'2¹50ss
2370 2910 2496 2957 ssffhY·

400 2978 523 3002 conrra
547 2968 715 3013 Nigrinus
731 2996 741 3011 ,
762 2971 811 3004 ad
824 2983 1046 3018 quemquam·
1076 2972 1108 3009 C
1122 2984 1141 3008 Α
1158 2986 1180 3009 T
1196 2984 1215 3008 A
1233 2985 1268 3010 N·
1297 2972 1423 3011 Foede
1477 2973 1560 3009 niae
1582 2971 1718 3015 legatos
1738 2960 1887 3002 attulisse
1911 2960 2097 3013 decretum
2121 2958 2304 2996 advocatis
2333 2961 2492 2998 Vareni:

400 3017 493 3053 hacc
525 3025 692 3062 corrupta
728 3018 805 3054 sunt
836 3021 871 3054 in
902 3021 1266 3068 omnibusvuigatis,
1294 3024 1354 3061 ubi
1374 3025 1423 3060 ita
1478 3021 1537 3056 vel
1566 3018 1659 3064 legas
1691 3016 1740 3050 ad
1768 3026 1822 3049 me
1855 3011 1981 3047 scincet
2007 3007 2161 3045 missuzn.
2191 3011 2343 3048 (ᾄΑ-ιΑκ.
2375 3011 2495 3049 Nostri

401 3065 529 3115 legitur
562 3067 599 3103 ὃ(
632 3067 894 3117 interpungitur
917 3081 925 3104 ;
965 3080 1043 3106 cum
1076 3084 1174 3108 veros
1198 3073 1327 3122 legatos
1343 3081 1425 3123 pro·
1479 3078 1631 3108 omnes:
1655 3066 1705 3102 ad
1727 3076 1780 3102 me
1802 3074 1932 3112 quoque
1947 3089 1956 3107 ‚
1984 3070 2061 3097 nou
2083 3060 2177 3109 apud
2196 3074 2248 3099 me
2263 3089 2272 3106 ‚
2312 3062 2414 3112 quod
2425 3062 2496 3148 Lix

2463 3120 2499 3146 a-
