2616 3686
16 0 114 32 ‚53'1'‘

356 193 373 199 ”
440 187 954 257 'LJBERVL
1022 188 1591 240 EPISTOLA
1658 191 1908 242 XXXIII.
2147 210 2241 261 473

114 271 307 343 &fuae
337 267 589 324 orationis
620 264 817 337 detegit
833 301 848 326 ‚
891 278 1044 334 quam
1078 263 1252 330 refert
1272 281 1305 314 a
1335 261 1640 342 qacibqtsdam
1662 266 1958 343 compa-rari
1978 263 2056 327 ei,
2092 284 2244 336 quam

125 382 130 385 -
173 340 334 396 dixit
376 337 742 411 Demosthenes
778 347 884 407 pro
937 333 1262 406 thfiphonte
1285 373 1302 399 ‚
1340 334 1684 406 Judzcemque
1739 335 1896 406 hujus
1955 337 2243 391 Romanum

140 409 141 413 ’
157 472 162 475 ,
169 414 335 486 facit.

39 595 58 606 x
104 555 129 609 ’ἶ
302 561 469 615 Ollite
499 556 690 612 cundia
719 594 733 618 ‚
782 555 988 626 inquit,
1024 564 1324 626 coeptasque
1351 553 1563 622 auferte
1586 551 1801 607 labores.
1826 550 1916 606 seu
1941 550 2121 606 scribis
2148 552 2239 606 ali-

303 633 462 705 quid,
496 632 583 686 seu
612 627 766 700 legis,
802 629 946 691 tolli,
985 629 1180 681 auferri
1205 627 1361 694 jube,
1400 630 1453 679 &
1479 628 1499 655 ²·
1517 626 1700 694 accipe
1716 626 2016 680 orationem
2034 641 2239 687 meam,

113 718 173 762 ut
210 722 224 749 ³
270 708 350 761 illa
385 720 524 759 arma
548 741 563 764 ‚
613 701 868 758 divinam.
943 704 960 730 ⁴
1005 702 1151 755 Num
1188 698 1459 770 superbius
1495 699 1694 768 potui?
1745 714 1932 752 revera
1960 737 1976 762 ‚
2015 710 2072 750 ut
2099 697 2236 750 inter

112 795 282 841 meas,
320 775 608 846 pulchram.
684 774 818 827 Nam
861 772 991 827 mihi
1027 773 1142 827 satis
1178 772 1251 825 est
1284 784 1491 825 certare
1535 787 1767 824 mecum.
1843 769 1935 823 Est
1974 772 2102 824 haec
2137 786 2234 840 pro

115 852 127 879 ⁵
167 850 334 902 Accia
372 847 589 903 Variola
624 845 678 900 &
715 846 980 917 dignitate
1016 845 1299 916 personae,
1344 843 1398 896 &
1424 843 1660 912 exempli
1684 843 1928 904 raritate,
1968 840 2234 912 &judieii

110 919 472 991 magnitudine
524 917 752 990 insignis.
831 918 966 971 Nam
1018 916 1212 970 femina
1253 915 1533 987 splendide
1582 929 1741 977 nata,
1795 928 1958 984 nupta
2019 927 2235 984 praeto-

105 994 183 1048 rio
209 993 352 1054 viro,
391 991 713 1045 exheredata
739 990 802 1043 ab
831 991 1181 1061 oflogenario
1206 1004 1385 1060 patre,
1408 988 1545 1041 intra
1572 987 1825 1040 undecim
1853 989 1994 1048 dies,
2017 993 2038 1025 ⁶
2068 1004 2230 1058 quam

103 1063 174 1119 illi
205 1080 492 1119 novercam
532 1080 715 1118 amore
760 1077 943 1135 captus
969 1062 1255 1119 induxerat
1282 1100 1298 1127 ‚
1336 1059 1352 1086 ⁷
1376 1059 1715 1132 quadruplici
1741 1059 1948 1131 judicio
1975 1060 2112 1113 bona
2138 1078 2231 1128 pa-

112 1158 114 1161 >
2084 1145 2233 1187 terna

97 1314 166 1343 nec
187 1313 380 1354 egentem,
408 1315 478 1344 nec
500 1311 712 1354 rogantem
726 1303 855 1352 opibus
880 1302 988 1351 juvit.
1038 1301 1125 1340 Plus
1191 1299 1286 1339 beas.
1313 1299 1524 1339 Bucrmm.
1562 1296 1759 1338 Veriffime
1792 1295 2029 1336 Casaubonus
2053 1299 2233 1339 emendass

95 1354 296 1394 collaturus.
320 1355 335 1403 ⁴]
376 1355 632 1394 Contuliffem.
682 1356 916 1403 Participium
959 1353 1122 1391 futurum
1196 1352 1248 1389 vit
1271 1352 1466 1396 divinam,
1494 1351 1596 1401 quod
1631 1352 1668 1389 ὃς
1691 1348 1908 1391 Mediceus,
1936 1348 1974 1385 ἃ
1997 1347 2110 1385 Arnz.
2132 1352 2231 1399 apud

92 1408 273 1455 praeteriti
293 1405 594 1454 significationem
618 1405 798 1443 sustinens.
827 1406 859 1443 C
874 1418 895 1441 A
910 1418 932 1442 τ
948 1416 1019 1441 AN.
1196 1413 1263 1440 nos
1286 1402 1473 1452 praestant.
1504 1402 1573 1440 Sed
1595 1401 1707 1439 iidem
1733 1399 1854 1437 Codd.
1878 1406 2060 1446 praetere-a
2088 1427 2098 1442 ,
2126 1410 2166 1438 ut
2190 1405 2230 1442 ὃς

145 1467 161 1492 1
194 1455 315 1494 Tollite
337 1460 485 1500 cunffla,
512 1455 622 1503 eya]
659 1456 821 1492 Carmen
844 1466 889 1492 ex
912 1455 1019 1492 VIII.
1046 1455 1120 1493 Ae-
1196 1454 1324 1502 reliqui
1358 1453 1466 1491 MSS.
1498 1455 1536 1491 &
1567 1451 1658 1489 Edd.
1689 1451 1791 1488 Vett.
1829 1460 1870 1486 ut
1900 1449 1958 1485 illa
1981 1460 2086 1483 arma
2112 1478 2122 1493 ‚
2150 1459 2229 1492 110ss

91 1507 242 1550 midos,
270 1507 330 1544 ubi
356 1507 544 1544 Vulcanus
563 1506 715 1542 Aeneae
740 1504 974 1542 fabricaturus
994 1516 1120 1549 arma,
1156 1546 1158 1555 Ι
1190 1502 1268 1546 illi,
1294 1503 1396 1552 quod
1430 1503 1691 1551 negligendum
1727 1511 1806 1537 non
1843 1507 1929 1538 erat.
1968 1498 2123 1554 Helmst.
2147 1514 2231 1541 cor-

89 1556 195 1604 jubet
227 1566 267 1594 ut
301 1557 484 1606 Cyclopes
509 1584 519 1600 ‚
555 1556 708 1603 quaein
733 1553 896 1590 manibus
918 1554 1121 1600 habebant,
1156 1558 1157 1562 ’
1192 1561 1318 1601 rupte:
1349 1554 1476 1591 divina
1509 1553 1587 1591 sum
1614 1550 1796 1602 superbius
1824 1559 1857 1600 p.
1900 1547 2004 1587 Voss.
2031 1554 2091 1586 Sm
2111 1552 2151 1589 id
2160 1553 2227 1602 su-

92 1605 322 1654 deponerent
347 1636 356 1651 ,
386 1618 470 1644 curn
504 1607 618 1653 magis
650 1605 815 1653 urgentia
845 1600 967 1642 forent
999 1605 1122 1643 elabo-
1190 1603 1315 1652 perbus
1336 1605 1443 1652 posui.

93 1656 214 1694 tanda.
245 1657 360 1695 Ioum.
1153 1651 1158 1693 i
1243 1666 1261 1703 3
1294 1654 1391 1703 uhu]
1422 1654 1579 1691 Vulcani
1609 1653 1758 1693 ministri
1792 1653 1947 1690 Brontes
1970 1653 2008 1690 δε
2031 1652 2226 1703 δῖεϊορες,”

142 1719 165 1743 2
195 1709 322 1753 Accipe
357 1708 549 1745 orationem
583 1704 748 1754 meam]
798 1703 918 1743 Scribe
942 1733 952 1748 ,
991 1716 1032 1742 ut
1061 1705 1116 1743 illi
1154 1711 1157 1750 ζ
1188 1705 1227 1740 &
1273 1704 1392 1742 nudus
1439 1704 1604 1742 membra
1651 1705 1866 1752 Pyragmon
1890 1731 1900 1744 ‚
1929 1712 2029 1739 arma
2077 1703 2225 1753 divina,

92 1767 223 1802 arma,
261 1759 438 1796 divinam.
491 1759 616 1796 Vocat
646 1757 850 1794 orationem
884 1755 980 1793 illam
1015 1756 1116 1794 suain
1155 1755 1159 1812 J
1188 1753 1355 1799 summa,
1385 1757 1423 1793 &
1453 1754 1614 1792 Vulcani
1643 1753 1741 1803 juffu
1775 1752 1931 1791 decoeta
1954 1754 1991 1792 in
2015 1765 2144 1796 manus
2166 1769 2226 1796 ac..

95 1805 256 1845 divinam
283 1837 292 1853 ,
327 1811 365 1848 ὅ(
389 1809 511 1858 postea
535 1807 679 1855 corrigit
700 1807 759 1852 se,
787 1807 933 1856 aitque,
960 1817 1001 1843 ut
1023 1807 1116 1845 inter
1155 1814 1158 1838 ἐ
1192 1813 1377 1855 ceperunt.
1407 1806 1473 1843 CA
1489 1818 1512 1843 τ
1528 1817 1548 1841 Α
1565 1815 1604 1842 Ν.
2219 1808 2222 1809 ’

94 1866 189 1893 meas
207 1859 366 1906 pulcram
393 1874 401 1897 z
442 1859 488 1896 sic
522 1861 559 1896 in
582 1858 654 1896 fine
677 1887 687 1903 ,
721 1857 938 1907 praecipuam
961 1869 1000 1895 ut
1023 1859 1116 1896 inter
1236 1868 1259 1903 4
1288 1863 1386 1893 Num
1404 1855 1581 1905 superbius
1606 1854 1762 1906 potui?]
1804 1856 1930 1904 Loqui
1954 1856 1999 1893 de
2022 1867 2085 1894 me
2107 1860 2147 1897 ὃς
2168 1870 2223 1899 re.

95 1917 212 1949 meas,
239 1910 398 1946 tollenda
433 1911 531 1947 enim
556 1922 600 1946 ex
622 1909 707 1947 loco
729 1919 775 1946 eo
797 1908 991 1953 ὑποςιγμέ.
1045 1911 1114 1949 Sed
1188 1906 1254 1943 bus
1288 1909 1403 1952 meis,
1436 1919 1521 1944 cum
1559 1917 1621 1945 me
1655 1907 1850 1953 Vulcano,
1881 1917 1962 1944 mea
1984 1917 2073 1944 vero
2095 1909 2222 1959 scripta

93 1956 321 1996 immensum
355 1958 395 1996 sit
430 1960 642 2008 depravatos
674 1960 794 1997 in'his
827 1958 980 2007 epistolis
1009 1959 1113 2000 locos
1187 1966 1401 2007 comparem
1417 1959 1546 1996 divinis
1561 1957 1709 1995 Aeneae
1721 1955 1856 1995 armis?
1882 1963 2029 1994 certare
2042 1962 2220 2012 mesum]

92 2005 160 2041 hac
193 2009 332 2046 ratione
348 2038 356 2053 ‚
386 2010 550 2058 punetis,
583 2012 730 2058 inquam
746 2038 756 2053 ,
783 2010 878 2047 male
901 2009 1111 2058 collocatis,
1189 2008 1427 2047 Contendere
1448 2017 1488 2046 ut
1509 2007 1664 2046 efficiam
1689 2009 1858 2045 meliores
1869 2009 2075 2052 orationes,
2105 2022 2221 2058 quam

92 2063 222 2093 omues
259 2060 428 2109 persequi.
485 2062 576 2099 Sane
606 2071 682 2098 non
714 2071 845 2097 omnes
877 2059 1112 2109 ass'equuntnr
1188 2067 1295 2097 antea
1328 2059 1478 2098 fecerim
1503 2088 1514 2105 ,
1563 2061 1601 2098 ὃς
1630 2070 1708 2096 non
1743 2058 1910 2108 superare
1943 2059 2139 2099 Demosth.
2163 2064 2222 2102 vel

90 2105 335 2152 elegantiilimi
367 2111 541 2159 scriptoris
574 2113 780 2159 argutiam:
821 2122 912 2160 quae
937 2122 1106 2159 magnam
1195 2110 1311 2148 Cicer.
1341 2110 1456 2149 on-zm.

91 2155 192 2203 saepe
226 2161 371 2208 requirit
398 2164 638 2200 attentionem
663 2190 672 2206 ‚
718 2161 820 2211 quod
849 2161 959 2199 semel
991 2162 1110 2202 dicere
1179 2195 1184 2198 .
1243 2174 1261 2210 5
1293 2162 1402 2199 Acria
1435 2160 1627 2210 Variola.]
1669 2160 1838 2199 Sidonius
1882 2160 2102 2208 Apollinaris
2137 2164 2219 2204 Lib.

90 2206 245 2253 placuit,
274 2223 319 2248 ne
352 2212 572 2260 exi'peCmret
606 2211 741 2250 Lector
766 2240 776 2256 ,
812 2221 851 2249 ut
875 2212 1112 2253 de-omnibus
1189 2212 1299 2249 VIII.
1332 2213 1378 2251 ad
1411 2214 1626 2251 Rani-icium
1657 2213 1766 2258 hujus
1799 2210 1952 2248 aetionis
1985 2214 2218 2253 mentionem

91 2256 352 2298 admoneretur
382 2273 402 2298 a
435 2263 549 2300 nobis.
591 2263 818 2299 crisimon.
845 2263 1110 2311 Accipeoratio-
1189 2261 1275 2301 fecit
1297 2291 1307 2308 ,
1345 2271 1385 2301 C.
1419 2262 1511 2300 Plin.
1543 2263 1662 2308 inquit
1685 2289 1697 2305 ,
1729 2270 1789 2308 pro
1825 2261 1933 2297 Accia
1967 2261 2108 2296 Variola
2139 2265 2217 2307 plus

90 2319 168 2344 nem
185 2336 194 2351 ,
221 2321 290 2347 σε.
315 2311 328 2359 ]ι
366 2313 488 2350 Probo
511 2313 713 2350 Casauboni
737 2313 1037 2351 emendationem
1060 2316 1110 2353 le-
1180 2311 1310 2360 gloriae
1343 2315 1382 2351 de
1416 2310 1684 2349 centumvirali
1709 2310 1865 2358 suggestu
1899 2311 2043 2346 domum
2068 2313 2218 2360 retulit,

89 2360 226 2405 gentis:
258 2363 463 2400 Orationem
478 2392 486 2406 ‚
516 2374 555 2399 ut
578 2363 628 2399 illi
651 2376 754 2399 arma
771 2391 780 2407 ‚
803 2363 982 2400 divinam.
1011 2365 1109 2404 Nam
1184 2375 1293 2410 quam
1317 2376 1395 2399 cum
1423 2370 1472 2399 Μ.
1497 2361 1588 2408 Ulpio
1614 2362 1764 2407 vajano
1786 2359 2055 2409 inccmparabili
2074 2363 2220 2410 principi

88 2411 171 2457 quia
202 2410 365 2448 divinam
400 2424 626 2457 vocaverat,
661 2425 751 2450 mox
783 2413 918 2462 subjicit
951 2414 1108 2454 Noster:
1183 2412 1490 2462 incomparabilem
1515 2411 1763 2460 panegyricum
1791 2411 1893 2448 dixit.
1943 2411 2095 2449 Variam
2124 2425 2218 2454 vero

90 2463 315 2510 ququid
340 2464 519 2511 firm-bins
552 2465 643 2512 romi
668 2473 682 2500 ?
722 2465 847 2511 Quare
877 2473 916 2502 ut
954 2465 1111 2504 nimium
1188 2463 1420 2511 Helzogabali
1443 2464 1565 2500 aviam
1588 2461 1819 2510 Lampridius
1844 2463 2096 2500 monumentis
2129 2476 2217 2513 pro..

85 2509 169 2547 illud
202 2520 311 2561 atque
343 2514 532 2560 superbum
568 2516 760 2562 corrigeret
793 2513 888 2563 quali
923 2514 1107 2563 restringe-
1184 2514 1275 2551 tulit.
1307 2514 1420 2551 Iuram.
1451 2514 1648 2561 Optimus:
1670 2520 1733 2561 pro
1756 2512 1864 2550 Attia
1891 2512 2058 2556 Viniola3
2091 2515 2215 2556 Ceteri

84 2568 209 2610 terque
234 2591 243 2606 ‚
279 2563 400 2611 adjicit
427 2578 435 2600 ι
475 2579 509 2602 νε
544 2579 629 2604 vera
655 2594 664 2609 ‚
700 2576 740 2601 ιιι
774 2576 868 2601 mter
891 2578 1006 2610 meas,
1029 2566 1109 2613 pul-
1192 2572 1300 2602 etium
1327 2564 1466 2602 Viriola.

85 2609 218 2649 cbram.
273 2615 453 2651 Divinam
489 2627 618 2653 vocare
651 2616 840 2661 supstbum
877 2624 981 2653 erat:
1031 2617 1106 2661 pul·
1234 2617 1256 2650 6
1284 2617 1405 2663 (Qum
1439 2614 1495 2652 ille
1533 2625 1721 2651 novercam
1755 2615 1787 2652 ei
1818 2627 1936 2651 amore
1967 2623 2087 2662 captus
2108 2617 2216 2653 indu-

85 2660 204 2700 ehram
230 2676 238 2700 τ
285 2676 406 2713 neque
441 2665 475 2702 id
502 2675 627 2704 tumen
660 2678 704 2702 ex
735 2667 1010 2711 commranone
1035 2667 1116 2716 11¹³<
1187 2677 1291 2702 xerat
1324 2671 1330 2711 ,l
1366 2666 1416 2702 lta
1441 2677 1571 2702 omnes
1599 2665 1754 2712 impr-effi
1782 2694 1792 2710 ,
1822 2667 1860 2703 ἃ*
1881 2667 2099 2703 recentiores
2134 2668 2215 2706 scri-

86 2721 189 2756 rum,
217 2726 304 2764 quas
325 2717 404 2760 alii3
437 2716 494 2753 scd
518 2728 605 2764 quas
628 2716 697 2764 ipse
722 2715 901 2762 isstsipi'iii‘ct
925 2745 933 2760 ,
963 2716 1081 2753 dicere
1097 2746 1106 2761 ‚
1190 2720 1254 2762 pti.
1297 2716 1430 2753 Melius
1455 2717 1619 2764 optimae
1642 2716 1879 2753 membranae
1905 2728 1913 2752 ι
1952 2729 2061 2764 quam-
2084 2717 2130 2755 illi
2153 2731 2214 2755 no-

87 2764 282 2811 modestiae
315 2774 400 2803 erat.
455 2767 581 2804 Sensus
620 2769 724 2813 igitur
759 2767 828 2803 eil:
857 2776 896 2804 ut
930 2766 995 2808 illi,
1024 2775 1110 2815 puta
1187 2779 1330 2802 verram
1365 2780 1484 2803 amore
1516 2778 1541 2802 c.
1575 2766 1595 2802 i.
1627 2765 1668 2802 In
1693 2765 1818 2804 iisdem
1842 2766 1890 2803 est
1915 2768 2022 2804 etiam
2042 2770 2214 2812 praetorio

87 2813 289 2864 Cyclopes,
319 2827 418 2855 arma
451 2817 600 2854 Aeneae
634 2817 836 2854 fabricanda
859 2816 1016 2865 sepositis
1037 2816 1110 2855 aliis
1184 2818 1286 2859 viro;
1316 2825 1351 2853 at
1372 2816 1527 2854 Helmst.
1551 2816 1661 2852 Arnz.
1686 2816 1752 2854 Ed.
1778 2817 1862 2855 Vet.
1898 2818 1936 2854 δε
1968 2816 2088 2855 Aldus
2112 2829 2215 2867 prae.

89 2865 254 2904 omnibus
275 2869 496 2916 accipiebant
517 2881 536 2906 a
557 2869 726 2905 Vulcano
749 2897 757 2912 ‚
796 2869 858 2917 qui
879 2869 951 2905 hoc
976 2868 1112 2915 praeci·
1184 2867 1251 2904 tori
1274 2868 1352 2904 viro
1368 2896 1378 2911 ‚
1408 2867 1543 2905 vitiose.

90 2914 189 2968 Piens
219 2918 311 2963 apud
341 2920 535 2966 Virgilium
567 2920 628 2957 illo
665 2919 740 2966 ipso
775 2919 901 2960 versu,
931 2930 1043 2966 quem
1074 2920 1109 2955 in
1233 2930 1250 2963 7
1285 2918 1521 2968 Quadruplici
1550 2917 1696 2965 judicio.
1728 2916 1744 2967 ]
1786 2917 1898 2965 Apud
1920 2918 2214 2965 Centumviros,

90 2965 264 3015 principio
284 2969 398 3014 posuit
422 2969 578 3014 Noster,
609 2970 793 3017 Cyclopes
818 2969 1013 3015 alloquitur
1028 2984 1037 3011 ;
1060 2969 1108 3006 ita
1181 2969 1240 3005 ubi
1276 2967 1410 3006 fiebant
1444 2977 1601 3016 quatuor
1630 2968 1791 3016 judicia,
1819 2968 1903 3006 ideo
1928 2979 2030 3006 erant
2050 2969 2210 3007 totidem

88 3018 130 3047 tu
164 3016 363 3064 orationem
400 3030 522 3058 meam
557 3021 719 3058 divinam
754 3031 794 3057 ea
823 3019 1036 3056 conditione.
1058 3019 1109 3056 le·
1184 3019 1409 3057 Tribunalia.
1438 3020 1504 3056 CA
1522 3033 1544 3057 τ
1561 3031 1580 3055 Α
1598 3030 1635 3055 Ν.
1662 3018 1761 3058 Vide
1783 3019 1885 3070 supra
1906 3019 1950 3059 ad
1966 3021 2047 3059 Lib.
2062 3019 2210 3070 LEptst.

87 3062 242 3109 &endam
263 3067 381 3116 accipe
402 3096 413 3115 ‚
446 3079 488 3110 ut
519 3080 638 3111 cetera
673 3071 800 3110 omnia
833 3071 943 3119 longe
965 3069 1107 3119 postha-
1187 3069 1336 3108 XVIII.
1363 3071 1520 3109 Vzarffl.
1557 3121 1594 3159 O
2120 3124 2149 3156 C

105 3134 107 3137 ⁴
1624 3132 1649 3159 Ο
1679 3132 1704 3159 Ο
2074 3133 2088 3159 1
2153 3131 2212 3155 073-

2275 789 2304 821 2.
