2616 3686
536 185 879 247 LIBER
945 179 1671 237 unumst-ona
1737 191 1832 241 xi.
2122 201 2212 266 273

112 277 321 335 satione¹
350 267 485 327 dixit
527 266 774 321 dolenter
809 261 873 317 -&
911 257 1146 331 graviter
1167 297 1186 323 ,
1250 267 1264 289 ¹
1301 257 1447 337 ⁴Quos
1482 259 1587 311 tibi
1605 260 1833 324 fortuna
1867 262 2012 318 ludos
2029 266 2219 332 facis?

115 349 274 404 Facis
297 344 432 398 enim
456 358 524 394 ex
534 333 908 410 pmftfforibus
918 336 1194 402 fi’nas‘ores
1209 370 1222 393 ⁹
1261 347 1330 383 εκ
1359 328 1696 413 sesnqtqribus
1718 335 2048 415 Profe-ffores'
2110 339 2217 394 Gai

111 417 398 476 sententiae
435 426 642 468 tantum
683 411 837 471 bilis,
887 419 1097 461 tantum
1140 401 1506 458 amaritudinis
1530 400 1699 465 inest,
1737 416 1794 457 ut
1820 407 1949 459 mihi
1975 409 2218 466 videatur

109 490 239 547 ideo
275 485 529 557 professus
554 524 569 548 ,
621 496 679 539 ut
717 482 821 536 hoc
858 478 1083 533 diceret.
1159 477 1309 532 Idem
1337 490 1508 548 quum
1532 482 1549 502 ²
1575 475 1789 528 Graeco
1815 477 1972 546 pal-lio
1995 482 2214 538 amictus
2269 507 2294 557 3

111 561 346 618 intraffet
387 563 601 630 (carent
637 555 778 611 enim
815 569 830 596 s
882 564 1041 622 togae
1080 549 1234 619 jure,
1274 548 1465 620 quibus
1491 563 1625 619 aqua
1652 545 1842 617 &igni
1869 551 2214 610 interdictum

112 636 226 696 est)
248 639 266 663 ⁴
289 632 558 704 postquam
591 629 642 683 se
678 623 977 695 composuit
1005 662 1021 688 ,
1059 620 1548 692 circumspexitque
1585 620 1822 675 habitum
1863 621 2012 676 suum
2039 662 2054 685 ,
2109 625 2221 680 La-

115 710 267 765 tine,
324 705 534 776 inquit,
592 700 978 755 declamaturus
1002 698 1140 767 sum.
1229 700 1241 726 ⁵
1294 693 1463 749 Dices
1500 732 1516 758 2
1566 692 1729 748 tristia
1796 691 1852 748 ἃ
1890 695 2216 827 miser²³2¹¹⁶3¹3²3⁵
2267 728 2300 779 4

2176 789 2220 827 1-

1202 907 1251 946 Et
1268 906 1431 958 adposite
1456 906 1592 945 Seneca
1611 905 1656 943 ad
1677 906 1808 955 Polyb.
1827 916 1905 955 cap.
1938 906 2100 946 XXXV.
2137 912 2223 948 Forss

1203 971 1293 997 tuna
1317 961 1506 1009 impotens,
1534 957 1653 1006 quales
1676 970 1717 994 ex
1743 958 1909 996 humanis
1931 958 2035 996 malis
2056 959 2122 998 tibi
2147 961 2221 1010 ipsa

117 1019 265 1057 Canu.
292 1020 388 1065 Quos
410 1017 475 1055 tibi
487 1018 642 1064 fortuna
657 1044 667 1060 ‚
688 1013 787 1064 eya]
806 1013 872 1051 Ista
895 1013 1005 1050 verba
1018 1014 1125 1053 mini-
1199 1010 1308 1048 ludos
1333 1010 1440 1047 facis!
1469 1009 1586 1046 Porro
1610 1007 1777 1045 ordinem
1795 1009 1988 1062 verborum
2005 1019 2121 1064 mutat
2134 1012 2222 1050 Me-

113 1079 173 1107 me
195 1079 264 1117 ego
286 1067 501 1106 sollicitanda
523 1068 709 1105 arbitrarer
731 1096 741 1113 ,
781 1065 866 1103 citra
889 1063 1020 1101 librum
1044 1065 1123 1104 scri·
1198 1060 1469 1116 diceusgfacis
1485 1059 1580 1096 enim
1613 1071 1656 1095 ex
1678 1058 1899 1107 senatorzbus
1924 1059 2117 1115 prqfiffores
2141 1089 2151 1105 ,
2176 1076 2220 1100 ex

109 1127 211 1168 ptum
245 1118 349 1163 effer,
379 1130 491 1168 quem
514 1119 566 1156 his
586 1117 709 1156 diebus
730 1117 774 1155 ab
796 1114 924 1163 infigni
944 1114 1124 1161 Jurecon-
1191 1111 1425 1161 professorzbus
1441 1114 1630 1159 senatores.
1655 1109 1916 1158 Pervulgatum
1938 1115 1987 1148 elt
2006 1110 2093 1149 illud
2113 1112 2224 1164 luite:

107 1168 199 1207 fulto
229 1169 394 1218 Philippo
431 1169 640 1208 Crescentio
671 1167 775 1206 dono
805 1168 929 1215 accepi
954 1179 961 1203 ε
1004 1165 1045 1203 In
1074 1179 1121 1205 eo
1196 1164 1283 1201 nahs
1306 1164 1376 1201 Sat.
1398 1161 1487 1200 VII.
1507 1171 1559 1199 vs.
1583 1171 1666 1209 197.

107 1220 196 1258 libro
217 1219 341 1259 diserte
363 1221 512 1268 legitur:
542 1221 617 1271 quis
640 1218 708 1256 tibi
724 1226 880 1265 fortuna
903 1216 996 1273 ludis
1015 1219 1123 1264 pacis.

108 1269 219 1307 Unde
240 1266 311 1319 ego
333 1281 418 1310 vere
440 1271 637 1320 legendum
661 1270 812 1308 arbitror
836 1282 844 1306 z
894 1270 1012 1324 Qets·
1033 1268 1098 1307 tibi
1113 1298 1123 1314 ,

99 1320 252 1368 fhrtuna
285 1349 296 1366 ‚
333 1321 426 1359 ludis
458 1322 590 1359 Parcis.
627 1322 728 1359 Vere
760 1320 867 1362 dim,
896 1330 981 1356 cum
1003 1331 1124 1368 impo-

109 1372 260 1410 tentiam
288 1371 387 1409 suam
411 1372 581 1410 fortunae
602 1372 765 1410 amaritie
790 1370 958 1409 laudabili
993 1381 1126 1418 expro-

107 1421 182 1460 bret
215 1423 379 1460 Valerius
402 1451 412 1467 ‚
451 1435 545 1472 quae
577 1423 678 1459 nullo
709 1422 835 1460 habito
856 1419 1128 1460 existimationis

107 1472 188 1510 suae
221 1471 382 1521 respectu
404 1501 414 1517 ,
451 1474 537 1510 nihil
569 1473 726 1509 erube-at.
776 1472 896 1517 Jocari
917 1480 978 1507 aut
1001 1472 1126 1510 ludere

106 1523 235 1561 dicitur
256 1523 400 1560 fortuna
416 1550 426 1566 ,
448 1533 533 1560 cum
555 1522 725 1559 homines
748 1529 916 1567 potentes
936 1520 1128 1569 deprimit,

107 1573 262 1611 humiles
285 1580 435 1623 repente
455 1573 581 1611 elevat.
608 1570 783 1608 Boethius
806 1569 887 1606 Lib.
908 1569 954 1606 II.
979 1573 1127 1610 carm.I.

166 930 183 956 1
211 919 305 966 Qus
335 913 399 952 tibi
422 916 577 962 fortuna
610 911 708 952 ludos
733 942 743 958 ,
787 908 899 959 eya]
937 910 1126 950 Homines

114 975 282 1018 tanquam
303 967 386 1016 pilas
406 966 548 1004 habens.
585 964 683 1004 Vide
705 964 869 1012 Juvenal.
891 961 1005 1010 Satyr.
1037 963 1126 1001 VII.

1246 1276 1279 1314 Si
1291 1277 1447 1324 fortuna
1468 1275 1562 1322 valet
1578 1304 1589 1320 ,
1609 1274 1679 1323 fias
1703 1274 1744 1312 de
1766 1272 1902 1312 rhetore
1922 1276 2058 1325 cousul3

1244 1328 1278 1365 Si
1298 1327 1393 1365 volet
1414 1327 1498 1366 haec
1521 1328 1641 1366 eadem
1656 1354 1666 1372 ‚
1686 1325 1757 1374 fias
1779 1327 1820 1364 de
1839 1326 1973 1376 consule
1995 1326 2127 1366 rhetor.¹

1198 1426 1313 1465 Cuius
1332 1428 1405 1466 loci
1427 1428 1600 1466 meminit
1622 1428 1733 1465 etiarn
1757 1426 1813 1463 Cl.
1837 1426 1978 1465 Minos.

1244 1489 1265 1513 2
1294 1483 1424 1516 Graeco
1452 1476 1611 1527 pallia]
1651 1478 1743 1525 Quo
1772 1475 1878 1514 vestis
1910 1488 2045 1525 genere
2090 1481 2223 1526 Giaeci

1195 1528 1396 1577 philosophi
1421 1529 1615 1566 utebantur
1637 1556 1647 1573 ,
1675 1528 1887 1576 quinimmo
1910 1530 2049 1566 mortui
2071 1534 2222 1572 amicie-

1194 1578 1346 1616 bantur:
1370 1578 1607 1617 descendebat
1654 1586 1780 1616 autem
1830 1578 1943 1628 usque
1980 1578 2026 1617 ad
2070 1583 2225 1624 calceos.

1201 1627 1232 1664 C
1237 1641 1355 1666 ATAN.

1244 1691 1263 1728 3
1294 1679 1389 1722 Jure
1409 1689 1507 1728 togae
1527 1678 1690 1727 carent.]
1721 1678 1812 1716 Non
1825 1679 1975 1728 poffunt
1986 1688 2110 1730 togam
2127 1683 2221 1726 ferre

1194 1736 1361 1767 veterum
1383 1730 1646 1767 Romanorum
1667 1728 1928 1768 indumentum
1953 1745 1962 1769 ε
2001 1741 2133 1781 utpote
2156 1739 2220 1785 qui

1188 1778 1272 1826 jure
1295 1781 1431 1818 civium
1455 1781 1718 1817 Romanorum
1750 1782 1880 1829 privati
1908 1781 1987 1820 fint.
2026 1785 2126 1822 Nam
2161 1791 2220 1829 cui

158 1675 207 1711 Sic
229 1674 319 1711 ludit
342 1673 405 1710 illa
421 1701 431 1718 ,
451 1671 500 1722 sic
516 1670 600 1719 suas
617 1672 745 1719 probat
766 1671 884 1716 vires,

159 1727 386 1774 Dignumque
405 1723 478 1822 rysu
505 1721 675 1769 monstrat
697 1719 885 1768 ostentum,
910 1722 942 1771 [i
960 1723 1037 1772 quis

164 1776 304 1825 Visatur
326 1788 399 1812 una
446 1784 548 1811 ratus
569 1785 608 1809 ac
620 1771 715 1820 felix
737 1770 836 1810 hora.

114 1875 293 1921 Iuvenalis
316 1876 387 1914 Sat.
409 1874 477 1913 111.

161 1976 307 2024 Qaleis
331 1989 371 2014 ex
395 1975 520 2014 humili
529 1977 674 2027 summa
696 1975 746 2012 ad
760 1976 904 2026 fastigia
926 1992 1044 2019 rerum

165 2027 318 2063 Extollit
335 2055 344 2072 ‚
370 2026 482 2065 voluit
503 2028 630 2078 quoties
641 2054 653 2072 ‚
674 2028 828 2074 fortuna
844 2057 854 2075 ‚
874 2028 998 2077 jocari.

112 2124 332 2166 Claudianus
353 2127 430 2167 Lib.
456 2128 483 2166 1.
504 2129 540 2166 in
561 2127 804 2177 Eutropium:

335 2249 404 2260 —
424 2229 475 2279 sic
497 2230 616 2267 omnia
639 2228 786 2269 volvis?

158 2281 232 2314 Hoc
254 2282 351 2327 regni
373 2308 384 2326 ,
402 2283 556 2329 fortuna
579 2310 588 2326 ‚
616 2291 706 2318 tenes
730 2291 744 2320 ,θ
773 2285 962 2331 Quonam
986 2282 1049 2331 ista
1069 2284 1123 2331 jo-

208 2332 315 2368 candi

155 2382 310 2418 saevitia
327 2391 341 2418 ,³
369 2380 538 2418 humanis
561 2394 736 2432 quantum
759 2381 968 2422 bacchabere
991 2384 1119 2422 rebus?

105 2477 319 2519 erfflus.
359 2482 410 2519 Ita
443 2482 592 2530 quidem
622 2484 782 2522 Barthius
804 2485 840 2523 in
864 2476 1014 2522 Ad'vers.
1041 2484 1118 2524 Lib.

106 2526 205 2568 XVI.
229 2543 305 2588 cap.
328 2532 506 2577 XXVIII.
555 2534 628 2589 ch
650 2546 739 2572 vero
761 2535 847 2571 nihil
870 2533 1117 2590 adscripscrat,

109 2582 370 2672 Ρῗὲεῖὲἱεέῆῗιί
405 2589 608 2672 &fert-‘2‘
629 2586 861 2673 1²3⁷ssstssssssss
881 2583 978 2672 {33¹³
996 2595 1118 2674 Ε”ΞΞ

111 2636 256 2719 {tragum
278 2662 390 2732 ipsum
415 2685 507 2721 bene
521 2663 574 2723 'de
595 2665 678 2724 ludo
691 2666 874 2734 fortunae.
899 2664 951 2723 Ita
973 2686 1120 2726 Plautus

119 2725 216 2778 Capt.
235 2733 375 2783 Prolog.
398 2746 447 2775 vs.
471 2746 526 2773 η.

164 2821 341 2873 Εθῖἷηυινσ
363 2835 412 2875 dii
434 2849 492 2874 nos
515 2834 615 2889 quasi
629 2836 720 2886 pilas
743 2836 897 2875 homines
920 2836 1052 2877 habent
1068 2867 1078 2884 ,

119 2922 167 2960 Et
195 2936 237 2964 ex
265 2929 464 2974 Menandro
495 2936 648 2978 Mercat.
683 2938 767 2977 Aet.
793 2938 838 2976 ΙΙ.
863 2938 918 2977 Sc.
941 2939 970 2981 I·
1004 2941 1117 2990 Princ-

121 2974 159 3011 δε
180 2973 330 3017 Rudent.
350 2984 428 3023 A&
451 2985 519 3026 111.
541 2989 595 3028 Sc.
617 2987 646 3026 1.
670 2990 782 3039 princ.

170 3072 275 3112 Miris
293 3078 396 3120 modis
416 3083 462 3123 dii
474 3086 579 3128 ludos
600 3089 736 3132 faciunt
757 3090 968 3131 hominibus.

1193 1839 1286 1879 aqua
1320 1832 1358 1869 ὃς
1390 1832 1466 1879 igni
1493 1830 1731 1868 interdietum
1770 1831 1842 1877 est,
1867 1844 1936 1870 nec
1957 1833 2220 1877 testamentum

1193 1880 1289 1919 valet
1304 1909 1314 1926 ,
1327 1883 1430 1931 quod
1448 1888 1534 1919 ante
1555 1881 1681 1919 fecerit
1695 1909 1705 1926 ,
1727 1892 1797 1919 nec
1820 1883 1923 1932 quod
1935 1883 2056 1932 postea
2070 1885 2220 1926 fecerit:

1191 1929 1289 1969 bona
1311 1943 1464 1982 quoque
1479 1960 1489 1977 ‚
1511 1943 1606 1981 quae
1625 1941 1714 1970 tunc
1733 1933 1861 1972 habuit
1877 1963 1888 1979 ‚
1911 1946 1996 1971 cum
2028 1935 2222 1977 damnare-

1190 1988 1271 2027 tur,
1299 1983 1596 2031 publicabantur:
1626 1986 1664 2022 ὃς
1685 1982 1888 2023 libertatem
1906 2013 1916 2030 ‚
1945 1988 1983 2023 δε
2008 1986 2217 2036 civitatem,

1190 2035 1428 2081 cognationes
1452 2063 1463 2079 ,
1511 2033 1701 2072 affinitates
1735 2046 1866 2074 ornnes
1891 2064 1901 2080 ,
1939 2048 2028 2086 quas
2049 2046 2135 2076 ante
2156 2040 2221 2077 ha-

1190 2082 1267 2122 buit
1292 2112 1302 2130 ,
1335 2086 1469 2124 amittit
1495 2098 1503 2122 :
1555 2087 1593 2123 ὃς
1627 2086 1703 2134 ejus
1727 2085 1946 2124 existimatio
1967 2088 2221 2137 consumitur,

1189 2143 1232 2170 ac
1265 2135 1419 2174 demum
1452 2137 1586 2174 ultimo
1615 2136 1791 2185 supplicio
1813 2136 2012 2175 secundum
2037 2139 2222 2184 Juriscon⁴

1191 2182 1299 2223 sultos
1321 2185 1415 2223 affici
1439 2187 1577 2225 dicitur.
1616 2185 1708 2224 Ideo
1730 2194 1853 2224 autem
1869 2218 1879 2232 ,
1908 2199 2021 2237 quem
2046 2190 2219 2230 Romana

1189 2236 1335 2273 civitate
1368 2237 1550 2285 pellebant
1577 2265 1588 2282 ,
1624 2249 1718 2286 aqua
1752 2238 1790 2274 ὃς
1822 2239 1895 2283 igni
1930 2237 2214 2286 interdicebant,

1190 2289 1460 2324 communione
1484 2288 1590 2324 omni
1612 2288 1765 2325 civitatis
1795 2289 1980 2335 privatum
2014 2286 2216 2334 significan-

1187 2340 1250 2371 tes.
1289 2335 1432 2373 ΙυεΜ.
1473 2338 1574 2384 Lege
1608 2338 1801 2374 Cuiacium
1833 2336 1879 2374 ad
1908 2352 1949 2372 π.
1980 2339 2042 2386 qui
2075 2338 2215 2380 testam.

1191 2383 1313 2422 facere
1336 2384 1424 2433 poss.
1446 2386 1564 2423 Tom.
1589 2387 1634 2423 11.
1661 2387 1759 2435 Opp.
1782 2398 1864 2435 pag.
1882 2398 1968 2432 207.

1235 2447 1258 2480 4
1287 2440 1381 2472 Cum
1406 2437 1443 2485 se
1475 2434 1750 2486 composuiffit.]
1790 2437 1888 2475 Nam
1922 2446 2026 2475 certo
2057 2439 2218 2488 habitu.

1188 2484 1330 2521 vultum
1355 2515 1365 2530 ‚
1405 2485 1552 2529 dextra,
1588 2486 1723 2524 vestem
1748 2486 1877 2526 dicturi
1910 2493 2213 2539 componebant,

1184 2532 1229 2570 de
1262 2537 1390 2584 quibus
1425 2536 1694 2583 Quinctiiianus
1731 2538 1813 2575 Lib.
1845 2539 1912 2577 XI.
1945 2550 2021 2588 cap.
2057 2540 2125 2579 III.
2165 2556 2212 2582 eir

1184 2595 1282 2631 parte
1306 2586 1482 2635 Apule-ius
1507 2587 1588 2625 Lib.
1614 2587 1659 2624 11.
1683 2587 1796 2626 Miles.
1821 2591 1859 2629 δε
1888 2588 2099 2638 Fulgentius
2130 2592 2211 2632 Pla-

1183 2635 1300 2673 ciades
1323 2638 1358 2673 in
1384 2638 1621 2676 Continentia
1640 2638 1851 2686 Virgiliana.
1879 2640 2086 2679 Euenum.

1246 2702 1261 2735 ς
1292 2689 1417 2724 Dicens
1441 2686 1552 2736 tristia
1573 2699 1617 2728 v·
1637 2689 1840 2738 miseranda
1861 2706 1871 2734 3
1900 2691 2061 2740 Dignum
2085 2703 2210 2733 tamen

1183 2737 1286 2774 illum
1313 2766 1323 2780 ,
1361 2750 1432 2776 (γε.
1457 2737 1472 2786 ]
1516 2739 1606 2776 Non
1635 2740 1838 2779 audiendos
1868 2743 2081 2780 arbitramur
2106 2774 2116 2789 ‚
2146 2748 2210 2795 qui

1183 2790 1269 2825 dices
1294 2789 1366 2825 hoc
1410 2789 1495 2825 loco
1540 2799 1735 2838 reponunt.
1787 2792 1885 2829 Nam
1927 2793 2054 2831 Latine
2101 2795 2210 2834 dicere

1182 2838 1286 2883 istum
1315 2840 1508 2876 hominem
1543 2839 1689 2877 Graeco
1717 2841 1855 2879 amietu
1886 2850 2056 2880 ornatum
2092 2855 2208 2892 mox,

1184 2901 1227 2926 cx
1249 2889 1422 2928 sententia
1444 2889 1503 2928 sua
1523 2898 1647 2927 tamen
1662 2919 1672 2935 ,
1703 2890 1750 2928 est
1783 2894 1991 2941 miseranda
2019 2904 2063 2932 ω’
2089 2895 2206 2942 mstia

1181 2941 1288 2977 (licere
1310 2953 1318 2977 ε
1349 2939 1497 2978 horsum
1520 2940 1619 2978 enim
1641 2940 1755 2979 allusit
1775 2942 1945 2982 Valerius
1970 2971 1979 2985 ‚
2009 2943 2099 2982 dum
2134 2952 2206 2982 La-

1180 2991 1251 3028 tine
1276 2990 1308 3027 se
1334 2989 1514 3028 difturum
1537 2992 1609 3034 ait,
1638 2994 1694 3029 cui
1719 3003 1762 3028 ea
1783 2993 1820 3030 in
1842 2994 1929 3032 urbe
1953 3005 2038 3032 cum
2053 2997 2207 3044 togajus

1179 3053 1270 3090 aqua
1305 3042 1343 3078 ἃ
1375 3042 1456 3079 iane
1487 3041 1612 3080 utendi
1654 3041 1813 3081 ablatum
1845 3053 1928 3082 erat.
1985 3045 2034 3082 Et
2066 3047 2103 3083 in
2131 3047 2205 3083 hoe

1178 3102 1335 3132 acumen
1359 3079 1409 3132 esf
1430 3092 1575 3181 utrffiue
1599 3093 1808 3134 sententiae.
1845 3095 1964 3146 Quod
1984 3096 2033 3136 ait
2054 3097 2202 3145 dignum

1553 3155 1593 3182 m
2128 3156 2209 3182 eum
