2616 3686
650 186 1005 238 PRAEF.
1071 189 1183 237 IN
1246 191 1370 239 PL.
1440 192 1768 246 EPIST.

141 329 367 393 scriptores
389 330 536 380 extat,
570 320 685 382 apud
711 319 820 366 hunc
838 335 993 384 quoque
1012 321 1244 367 invenitur.
1279 337 1379 368 nam
1403 325 1448 370 in
1469 339 1577 371 nona
1603 324 1704 370 libri
1726 327 1845 372 tertii
1866 325 2029 389 epistola
2049 326 2086 375 Ie
2112 345 2168 380 es.
2232 335 2316 385 Di.

156 406 232 442 cet
261 386 447 454 aliquiS‚
486 386 671 452 Judicas
697 386 844 449 ergo?
879 386 981 449 Ego
1005 401 1119 433 vero
1141 399 1238 433 non
1265 387 1452 450 judico:
1491 389 1682 436 memini
1726 403 1881 438 tamen
1928 405 2003 440 me
2039 344 2319 447 acfvocatum

153 473 215 506 ex
231 454 465 521 judicibus
488 453 662 502 datum.
698 451 776 497 Ad
791 451 912 495 aliud
941 453 1170 511 exemplum
1203 462 1251 497 ut
1285 456 1668 516 veniam‚legimus
1688 457 1733 500 in
1749 456 1916 518 epistola
1930 460 2034 505 libri
2044 463 2164 506 tertii
2181 461 2320 522 septi·

152 538 255 570 ma:
290 519 467 567 Annon
491 517 678 565 videtur
700 514 787 562 tibi
807 513 941 562 Nero
965 516 1105 563 modo
1127 515 1284 574 fuisse,
1323 533 1467 580 quum
1493 519 1682 566 interim
1707 536 1764 568 ex
1786 521 1840 568 iis
1856 558 1868 579 ‚
1907 524 1986 586 qui
2006 524 2086 571 sub
2120 524 2199 573 illo
2221 524 2318 588 ges-

153 588 307 636 serant
327 583 638 640 consulatum,
675 595 815 627 nemo
835 581 931 644 jam
954 579 1156 643 superest
1171 583 1193 627 ’.ἓ
1229 587 1374 643 Atque
1402 583 1500 630 huic
1520 586 1684 631 letiioni
1703 585 1998 643 adfi’ntiuntur
2020 604 2181 649 omnes,
2215 605 2321 651 quas

153 651 362 714 conficlai,
393 649 616 704 editiones,
648 644 883 704 adsentitur
915 646 971 697 {9⁹
1004 646 1211 707 quoddam
1243 659 1367 694 vetus
1399 651 1649 711 exemplar:
1693 650 1747 702 {9⁷
1781 661 1924 699 tamen
1959 655 2168 701 Ciceronis
2200 665 2321 703 aetas

144 722 289 780 potius
315 712 514 777 Supersit
535 709 718 773 dixiſjet.
763 711 869 758 Non
889 711 1004 770 apud
1011 711 1154 772 solum
1175 715 1333 775 alioqui
1354 715 1549 761 Plinium
1568 716 1699 761 talem
1720 719 1949 764 indicativi
1969 720 2079 765 modi
2099 719 2218 782 ufiim
2237 722 2321 768 mi*

155 785 202 830 ln·
220 782 364 829 videor
385 775 610 837 inventſjez
646 775 761 836 apud
782 777 993 822 Plautum
1013 778 1176 838 quidem
1197 791 1306 825 certe
1327 782 1516 826 inveniri
1551 782 1833 828 indicativum
1854 785 2020 830 modum
2037 783 2127 846 scio
2159 789 2204 832 in
2223 801 2319 831 non·

154 850 278 897 nullis
310 846 406 892 aliis
429 841 616 905 loquendi
637 842 880 904 generibus,
915 842 1061 903 quibus
1084 844 1162 888 illa
1172 843 1494 904 sabjunetivam
1507 848 1651 905 potius
1673 847 1938 909 adhibmffit.
1971 850 2146 911 -Majori
2189 853 2323 898 etiam

157 920 232 978 (ut
250 912 417 973 opinor)
454 922 544 955 cum
563 906 843 955 admiratione
859 908 986 970 leges:
1023 908 1216 955 Exfiluit
1239 910 1531 969 cathedram,
1569 911 1672 958 Lib.
1701 913 1784 958 ΠΙ.
1808 913 1950 974 Epist.
1987 916 2117 963 XVI.
2151 930 2196 963 n.
2233 931 2317 966 12:

143 980 223 1046 fid
251 976 507 1036 exemplaria
526 983 668 1019 tamen
691 989 797 1038 qnae
819 974 915 1020 vidi
935 975 1070 1018 omnia
1083 1006 1097 1030 ‚
1131 989 1258 1035 quum
1277 977 1322 1020 in
1334 977 1542 1038 plerisque
1560 978 1659 1022 aliis
1679 976 1774 1023 locis
1797 980 1924 1024 valde
1944 981 1972 1024 a
1982 979 2032 1040 se
2051 981 2322 1041 diffientiant,

153 1046 204 1093 de
222 1043 346 1108 huJ'us
368 1041 534 1087 lenione
547 1041 674 1099 plane
694 1046 803 1087 inter
814 1036 864 1100 se
883 1038 1152 1098 consentiant.
1189 1041 1312 1086 Certe
1353 1052 1498 1087 utrum
1522 1040 1769 1088 cathedram
1790 1059 1848 1088 an
1867 1044 2068 1091 cathedra
2102 1047 2240 1108 legas,
2260 1047 2323 1093 ad

138 1108 307 1174 finfhm
333 1106 464 1159 nihil,
498 1103 557 1150 ad
578 1105 864 1154 Latinitatem
885 1106 1063 1150 multam
1080 1105 1262 1166 interest,
1328 1106 1439 1153 Sunt
1460 1118 1602 1152 autem
1622 1110 1710 1154 alia
1744 1109 1918 1167 majoris
1949 1113 2146 1157 momenti
2179 1127 2319 1157 exem-

142 1177 218 1238 pla
229 1188 368 1221 eorum
389 1169 576 1234 loquendi
595 1185 819 1232 generum,
853 1185 958 1231 qnae
987 1173 1098 1216 mira
1112 1173 1282 1230 pariter
1304 1171 1357 1222 [9³
1384 1170 1574 1234 suspecta
1595 1174 1671 1233 effe
1694 1175 1774 1218 tibi
1785 1175 1934 1234 poffint
1948 1191 1964 1221 .·
1984 1174 2069 1237 sed
2086 1175 2193 1222 mihi
2212 1191 2322 1224 nunc

150 1245 195 1288 in
222 1249 400 1286 mentem
421 1252 499 1284 non
521 1238 718 1284 veniant:
743 1234 823 1299 secl
843 1246 891 1280 tu
902 1232 1108 1296 fortaffe,
1143 1237 1197 1281 ab
1219 1236 1286 1282 his
1306 1236 1671 1298 commonefactus,
1704 1240 1780 1285 illa
1790 1239 1945 1297 statim
1966 1241 2221 1302 observabis.

214 1305 294 1352 Ad
310 1304 517 1350 vocabula
542 1311 681 1349 autem
703 1300 812 1364 quod
827 1304 1008 1360 attinet,
1034 1299 1218 1365 st’orsitm
1243 1303 1296 1354 ἐρ’
1309 1315 1389 1362 per
1394 1302 1447 1362 se
1477 1308 1493 1360 (
1510 1313 1558 1348 at
1591 1314 1718 1349 antea
1751 1305 1876 1363 dixi)
1910 1308 2165 1368 confiderata
2186 1341 2203 1367 ‚
2235 1309 2320 1355 mi·

151 1373 244 1419 rari
253 1373 411 1431 poteris
431 1382 522 1415 cum
545 1370 634 1414 alia
649 1400 664 1425 ,
699 1378 789 1414 tum
822 1381 967 1413 nomen
990 1366 1239 1424 ConfusiO,
1272 1369 1317 1413 in
1336 1383 1386 1413 ea
1395 1369 1702 1430 fignificatione
1722 1385 1849 1431 qaam
1872 1371 2000 1418 habet
2022 1370 2141 1433 epist.
2171 1390 2248 1419 xx.
2266 1375 2324 1420 li-

148 1439 216 1484 bri
236 1438 380 1493 tertii,
415 1433 688 1493 ubidicitur,
723 1433 1060 1480 Procurrebant
1081 1447 1242 1479 omnes
1274 1447 1381 1479 cum
1416 1433 1503 1480 suis
1542 1434 1825 1484 candidatis:
1871 1437 2018 1485 multa
2049 1439 2235 1501 agmina
2269 1439 2321 1487 in

150 1501 333 1559 medio,
370 1498 597 1560 multique
632 1498 824 1556 circuli,
860 1496 910 1545 &
933 1497 1157 1546 indecora
1179 1497 1383 1557 confufio:
1405 1497 1488 1559 sed
1503 1500 1548 1543 in
1567 1515 1642 1558 ea,
1677 1515 1803 1560 quam
1824 1500 1949 1547 habet
1969 1504 2014 1549 in
2033 1502 2115 1549 hac
2132 1503 2333 1565 claufitlat

152 1567 339 1628 epistolae
359 1567 580 1626 vigefimae
592 1563 799 1625 ftcundae
822 1565 920 1608 libri
952 1577 992 1607 1.
1027 1563 1129 1609 Erit
1150 1561 1372 1622 confustoni
1395 1578 1527 1609 meae
1550 1577 1645 1609 non
1669 1564 1906 1612 mediocre
1928 1558 2142 1613 solatium
2157 1605 2170 1627 ‚
2207 1569 2238 1616 si
2268 1582 2322 1616 tu

161 1632 275 1678 nihil
308 1629 529 1691 quereris.
598 1629 784 1673 Ponitur
808 1629 914 1672 enim
935 1625 1004 1671 htc
1016 1639 1095 1686 pro
1111 1627 1426 1687 perturbatione
1448 1628 1606 1684 animi,
1641 1643 1767 1688 quam
1786 1645 1943 1675 moeror
1961 1630 2121 1692 adfert.
2176 1637 2338 1694 Atque·

152 1699 198 1742 in
218 1696 290 1741 hoc
309 1695 382 1756 ufic
396 1694 603 1738 Graecam
626 1691 824 1742 σύγχυσις
869 1695 884 1750 (
906 1694 971 1736 cai
991 1694 1118 1737 etiam
1140 1694 1185 1736 in
1198 1693 1341 1750 prima
1357 1695 1607 1751 propriaque
1614 1694 1921 1754 fignificatione
1950 1696 2192 1756 respondet)
2223 1700 2324 1746 imi·

152 1771 290 1807 tatur.
356 1758 522 1804 Eadem
545 1757 593 1802 de
613 1770 657 1800 re
681 1755 734 1807 δέ
757 1755 936 1800 verbam
961 1756 1260 1802 Confundere
1293 1755 1492 1816 afirmat,
1537 1757 1611 1801 ubi
1624 1759 1780 1818 scribit
1809 1775 1825 1804 .·
1860 1760 2106 1809 Praeterea
2139 1763 2320 1811 veritus

154 1826 279 1884 sum,
317 1839 376 1870 ne
402 1838 486 1870 vos
508 1820 633 1869 festis
661 1820 820 1867 diebus
852 1817 1166 1881 confunderem,
1202 1819 1234 1866 s1
1269 1820 1316 1866 in
1348 1820 1622 1869 memoriam
1659 1823 1912 1885 gravissimi
1946 1824 2095 1875 luctus
2117 1827 2336 1877 reduxist-

154 1891 262 1938 sem.
299 1888 408 1950 Ufiis
429 1887 484 1949 est
505 1898 645 1933 autem
667 1885 720 1937 δέ
744 1886 931 1931 Ovidius
945 1887 1172 1945 participio
1197 1885 1398 1932 Confusa
1421 1887 1556 1932 eodem
1577 1888 1692 1934 modo
1708 1905 1731 1934 .·,

219 1955 272 2000 N
276 1970 330 2001 ec
353 1953 503 2000 minus
534 1950 601 1999 est
620 1949 786 2012 confusa
808 1951 973 1997 Venus
995 1987 1008 2009 ,
1045 1950 1275 1997 moriente
1313 1952 1358 1998 T
1361 1951 1535 2011 ibullo,

285 2019 436 2085 Quam
467 2017 632 2080 juveni
655 2017 779 2078 rupit
808 2032 951 2079 quum
977 2015 1100 2063 ferus
1135 2017 1309 2079 inguen
1335 2033 1455 2078 aper.

143 2083 227 2146 sed
242 2083 463 2146 quamdam
489 2083 659 2127 verbale
679 2083 787 2127 illud
803 2081 1004 2142 majorem
1024 2080 1177 2127 habere
1202 2085 1435 2127 novitatem
1457 2084 1641 2131 videtur.
1689 2085 1766 2132 Ex
1789 2071 1863 2140 iii,
1891 2101 1998 2148 quae
2019 2089 2131 2134 mira
2155 2092 2325 2150 pariter

158 2150 212 2202 ἐξ
231 2147 422 2211 suspet‘ia
444 2148 516 2209 ff
537 2148 616 2192 tibi
632 2157 858 2206 poterunt,
892 2147 946 2208 est
967 2149 1096 2192 etiam
1129 2148 1303 2192 verbnm
1334 2148 1598 2197 Advertere
1620 2183 1636 2208 ‚
1670 2153 1715 2196 in
1746 2167 1790 2197 eo
1819 2151 1895 2210 ufic
1917 2185 1931 2211 ,
1975 2168 2096 2214 quem
2128 2153 2255 2202 habet
2278 2158 2338 2203 in·

153 2215 226 2274 isto
245 2217 325 2260 loco
345 2213 445 2259 Lib.
480 2213 514 2259 1⁷
539 2211 681 2274 Epist.
705 2213 760 2259 X.
787 2227 831 2258 n.
857 2227 903 2268 5.
973 2212 1214 2279 Quantum
1245 2212 1360 2259 mihi
1385 2225 1544 2260 tamen
1570 2231 1761 2264 cernere
1791 2216 1954 2275 datur,
1990 2219 2137 2267 multa
2160 2220 2208 2267 in
2229 2221 2333 2269 Eu·

154 2280 320 2341 phrate
347 2277 406 2324 sic
431 2277 638 2323 eminent
673 2276 723 2324 ἃ
756 2278 966 2334 elucent,
1003 2290 1056 2322 ut
1097 2277 1396 2324 mediocriter
1430 2293 1616 2340 quoque
1657 2281 1818 2328 doctos
1855 2282 2103 2329 advertant
2127 2283 2178 2332 &
2209 2286 2328 2333 adfi-

155 2344 297 2390 ciant.
364 2343 498 2407 Qiod
513 2358 580 2402 ego
601 2343 794 2402 quomodo
819 2344 966 2402 exponi
978 2343 1107 2401 peffet
1128 2357 1254 2402 qaum
1279 2345 1530 2403 cogitarem,
1567 2347 1728 2390 nullam
1751 2348 1953 2406 aptiorem
1983 2349 2172 2394 invenire
2199 2363 2318 2411 expo-

141 2412 339 2468 fitionem
357 2410 505 2466 potui,
540 2409 592 2451 iis
614 2407 776 2466 quidem
799 2418 905 2453 certe
928 2408 1072 2468 quibas
1095 2407 1256 2452 Graeca
1278 2410 1418 2468 lingua
1442 2408 1496 2467 est
1516 2408 1776 2468 familiaris,
1812 2425 1939 2471 quam
1957 2414 2002 2471 si
2029 2413 2204 2461 dicerem
2221 2417 2322 2464 Ad-

152 2486 339 2519 vertere
375 2471 446 2517 htc
465 2472 540 2531 effe
560 2471 670 2531 quod
691 2471 843 2518 Graeci
864 2472 1004 2516 dicunt
1027 2470 1267 2520 ἐπι-τρέφειν.
1300 2473 1385 2518 Sed
1403 2487 1527 2531 qaum
1555 2473 1629 2518 hoc
1658 2490 1812 2535 quoque
1843 2476 2018 2521 verbum
2047 2482 2191 2526 varios
2225 2479 2336 2544 ustis

149 2537 330 2594 habeat,
362 2537 496 2594 addo,
520 2551 584 2581 me
605 2536 654 2580 de
676 2551 718 2580 eo
740 2537 850 2597 loqui
869 2552 945 2597 quo
964 2550 1029 2580 res
1047 2538 1194 2596 aliqua
1216 2539 1289 2582 vel
1307 2535 1423 2580 homo
1445 2539 1579 2581 animi
1603 2542 1834 2598 corporisve
1859 2541 2022 2587 dotibus
2041 2554 2215 2592 ornatus
2237 2562 2335 2593 om·

148 2618 216 2654 nes
237 2603 297 2648 ad
303 2601 352 2660 ſse
373 2599 589 2652 ἐπιζρέφει-
616 2601 861 2661 quodetiam
876 2603 1031 2646 dicitur
1052 2599 1209 2642 πάντων
1242 2606 1310 2644 τες
1327 2597 1541 2650 &meatim
1571 2605 1625 2648 εἰς
1646 2602 1789 2644 ἑαυτόν
1806 2604 2052 2665 ἐπιςρέΦειν,
2075 2611 2151 2656 vel
2165 2610 2324 2653 πάντων

147 2666 222 2712 τὰς
238 2665 377 2714 fialam:
401 2675 448 2710 ut
473 2667 625 2726 legitur
650 2674 693 2710 in
722 2667 898 2728 quodam
927 2667 1166 2714 Herodiani
1195 2670 1276 2714 loco
1299 2700 1314 2725 ‚
1348 2681 1467 2727 quem
1503 2667 1548 2712 in
1582 2684 1667 2714 meo
1693 2667 1904 2731 Thesauro
1937 2672 2122 2720 Graecae
2155 2678 2340 2742 linguae

146 2732 301 2777 adtuli.
368 2730 455 2776 Sed
475 2731 529 2782 &
556 2733 844 2778 Convertere
870 2731 1064 2795 alicujus
1090 2733 1298 2780 animum
1328 2731 1376 2778 in
1398 2731 1444 2778 se
1465 2768 1477 2789 ‚
1514 2732 1616 2778 dicit
1641 2735 1815 2780 Livius.
1848 2735 2104 2801 Qinetiam
2121 2743 2216 2798 stne
2241 2745 2318 2790 ad.

137 2795 319 2856 jeaione
340 2796 369 2841 ὰ
392 2797 584 2842 Cicerone
604 2796 760 2842 dicitnr
781 2812 845 2842 res
865 2798 1009 2858 aliqua
1036 2799 1326 2846 Convertere
1355 2796 1413 2843 ad
1433 2795 1501 2843 se:
1529 2799 1706 2845 addente
1727 2801 1882 2845 alicubi
1906 2801 1961 2852 ἐς)
1986 2802 2191 2865 Rapere,
2225 2809 2319 2871 Ego

150 2873 258 2908 certe
283 2861 534 2908 Plinianum
557 2861 666 2908 illud
685 2861 950 2909 Advertere
986 2862 1040 2913 ἐῢ)
1062 2863 1135 2909 hoc
1156 2864 1422 2910 Ciceroniana
1443 2861 1498 2913 ἐφ’
1520 2864 1710 2911 Liviano
1730 2867 1801 2911 illo
1819 2881 1965 2928 genere
1986 2868 2176 2928 loquendi
2202 2887 2322 2934 expo-

150 2929 194 2971 ni
204 2927 313 2987 poſje
331 2927 534 2973 arbitror.
561 2927 648 2975 Sed
666 2928 695 2972 a
718 2928 849 2973 Livio
869 2928 1024 2973 dicitur
1044 2931 1173 2974 etiam
1197 2931 1486 2976 Convertere
1510 2926 1558 2975 in
1593 2929 1966 2977 admirationem.
2034 2937 2100 2979 At
2116 2939 2211 2998 stne
2241 2939 2322 2985 ad.

138 2989 314 3050 jeHione
333 2992 387 3038 ab
407 2994 541 3040 eodeni
554 3008 619 3039 res
637 2993 925 3055 etiamfiibita
945 2993 1103 3039 dicitur
1126 2996 1412 3041 Convertere
1433 2991 1480 3037 in
1506 2992 1574 3042 se:
1605 3005 1653 3039 ut
1673 2998 1717 3042 in
1735 2995 1908 3041 hocloco
1941 2997 2132 3046 Decadis
2154 3007 2338 3063 primae,-

149 3055 254 3101 libro
270 3059 429 3118 primo,
460 3060 517 3106 In
538 3056 770 3107 vestibulo
792 3058 952 3122 regiae
992 3073 1131 3122 quam
1165 3072 1361 3120 potuere
1399 3059 1805 3108 tumultuofissime
1845 3059 1960 3124 [nist
1981 3067 2127 3123 potius
2150 3072 2333 3118 tumul-.

1127 3125 1151 3151 a*
1164 3126 1186 3152 a
1201 3125 1222 3151 ,νε
1236 3125 1259 3151 ἦε
1295 3138 1322 3170 2
2217 3146 2333 3184 tuo-—
