2616 3686
297 202 393 270 830
458 268 461 269 ⁷
539 195 1054 250 o.1³1.1N11
1122 155 2212 249 C'AECILII'SECUNDI

760 347 1974 422 CIV.TRAJAnus·P1,1N10.

449 494 687 553 Gratum
710 495 804 554 fibi
830 497 980 554 fuiffe
1005 497 1210 559 scribit,
1258 495 1413 569 quod
1435 497 1546 552 dies
1571 498 1783 569 imperii
1810 497 1887 554 sui
1916 517 1946 555 a
1964 498 2216 555 Secundo
2239 498 2297 554 δε

849 570 1309 627 commilitonibus
1341 570 1516 626 fuiffet
1553 572 1875 630 celebratus

309 717 639 861 DIEM
666 721 862 795 imperii
899 720 998 774 mei
1027 695 1198 773 debita
1230 719 1428 774 laetitia
1465 719 1531 780 ὠ·
1569 720 1802 794 religione
1839 727 1853 751 ¹
1876 719 2320 783 commilitonibus,
2366 717 2433 781 &-

453 795 882 870 provincialibus,
919 805 1190 868 praeeunte
1225 805 1297 858 te,
1327 793 1665 859 celebratum,
1705 795 1944 863 libenter,
1971 804 2040 852 mi
2087 795 2313 853 Secunde
2351 811 2433 848 ca-

306 872 486 944 rtffime
501 910 518 938 ,
557 873 768 947 cognovi
791 870 954 925 literis
975 881 1097 924 tuis.

736 1019 868 1077 CV.
941 1017 1384 1075 Pntnrus
1463 1016 1971 1088 TRAJANO.

868 1167 964 1239 Jus
997 1168 1297 1242 Quiritium
1335 1164 1544 1222 Latinis
1581 1166 1682 1223 suis
1722 1169 1877 1241 petit.

815 1314 968 1370 Petit
1002 1318 1089 1390 jus
1127 1318 1420 1389 Qiritinm
1442 1330 1539 1391 pro
1577 1315 1696 1371 trib.
1735 1314 1943 1373 libertis.

448 1464 692 1529 AleriuS‚
729 1463 1002 1529 Domine,
1042 1464 1324 1530 PaulinuS,
1364 1480 1599 1538 excepto
1619 1481 1761 1528 uno,
1802 1465 1923 1535 'jus
1954 1464 2279 1520 Latinorum
2308 1465 2431 1522 suo-

446 1558 569 1596 rum
599 1541 731 1595 mihi
754 1541 999 1615 reliquit:
1042 1557 1110 1597 ex
1131 1541 1321 1614 quibus
1347 1558 1485 1614 rogo
1513 1539 1681 1596 tribus
1710 1542 1928 1596 interim
1964 1546 1977 1573 ³
2009 1539 2090 1609 jus
2130 1539 2429 1612 Quiritium

352 1729 394 1770 '1.
421 1736 461 1770 A
487 1731 862 1783 commilitonibus.]1ta
883 1734 1100 1773 recentiores
1120 1733 1194 1771 fine
1214 1732 1335 1772 suffra-

305 1781 368 1829 gio
408 1783 731 1822 vetustisfimorum
761 1784 950 1823 librorum.
1037 1785 1136 1821 Nam
1167 1785 1206 1821 ὃς
1233 1782 1337 1822 Voff.

309 1833 350 1868 &
373 1833 441 1870 Ed.
463 1834 525 1881 Jo.
550 1835 596 1873 de
615 1834 774 1873 Tridino
788 1861 800 1879 ,
828 1834 910 1874 Aldi
925 1862 937 1880 ,
963 1835 1140 1872 Schurerii
1157 1834 1337 1883 praeposi-

306 1883 449 1920 tionem
479 1895 557 1922 non
596 1885 830 1934 agnoscunt,
862 1897 931 1924 nee
964 1887 1083 1924 minus
1113 1885 1341 1923 consentiunt

309 1933 544 1973 Casaubonus
579 1938 618 1973 ὃ(
648 1937 799 1978 Minos,
835 1934 995 1985 ideoque
1024 1946 1106 1974 earn
1131 1935 1218 1973 hinc
1245 1936 1340 1975 eiici-

308 1993 413 2028 mus,
441 1984 645 2033 flagitante,
672 1995 714 2024 ut
735 1984 839 2024 nobis
870 1986 1037 2032 videtur,
1065 1986 1255 2033 Traiano,
1282 1990 1342 2027 cui

310 2045 396 2070 cum
424 2035 540 2073 Plinio
559 2036 624 2075 suo
641 2037 714 2074 hoc
732 2037 905 2075 familiare
923 2035 993 2075 effe
1006 2063 1017 2080 ,
1045 2036 1342 2075 Commentarius

309 2084 430 2121 noster
450 2085 574 2134 paffim
595 2087 751 2125 docebit.
779 2086 860 2124 Lib.
885 2087 953 2125 IV.
979 2086 1086 2134 Epist.
1114 2086 1217 2124 X111.
1236 2099 1343 2126 n.10.

310 2138 435 2184 Atque
456 2136 595 2174 utinam
616 2148 692 2175 tam
712 2136 820 2175 claros
834 2145 1056 2187 praeceptores
1082 2137 1276 2181 inducatis,
1302 2148 1342 2175 ut

312 2183 474 2224 finitimis
495 2187 636 2235 oppidis
649 2187 769 2238 fludia
790 2187 869 2224 hinc
902 2195 1080 2235 petantur.
1106 2188 1143 2224 ὃς
1165 2187 1344 2236 Trajanus

314 2234 425 2281 Epist.
452 2237 593 2275 XLlII.
620 2249 657 2275 n.
687 2249 717 2276 1.
744 2237 809 2275 Sed
831 2238 1104 2281 meminerimus,
1127 2237 1344 2285 provinciam

313 2284 413 2331 istam
427 2297 492 2331 ,ω’
508 2288 680 2337 praecipue
698 2300 754 2326 eas
779 2288 960 2332 civitates,
987 2287 1156 2334 ejusmodi
1186 2287 1345 2325 functio-

315 2337 420 2375 nibus
441 2334 512 2375 effe
532 2347 687 2377 vexatas.
713 2338 760 2376 ibi
787 2338 852 2376 alia
883 2338 1137 2387 congeffimus.
1163 2337 1344 2376 Casaubo-

318 2398 408 2431 nus,
437 2388 497 2432 &,
523 2400 542 2426 a
565 2400 640 2438 quo
661 2400 738 2426 non
758 2389 872 2426 latum
901 2399 1064 2438 unguem
1094 2387 1260 2433 discedit,
1289 2389 1345 2427 CI.

315 2437 445 2476 Minos
465 2440 642 2477 omittunt
662 2439 748 2477 duas
766 2438 978 2487 posteriores
1002 2438 1178 2487 Epistolae
1209 2450 1343 2483 voces,

317 2488 442 2527 litteris
460 2489 540 2528 tuis.
575 2490 644 2528 Sed
663 2491 710 2529 ita
731 2489 935 2538 Imperator
957 2491 1064 2540 Epist.
1093 2490 1192 2529 LXI.
1220 2491 1288 2528 Lo
1302 2502 1345 2529 u·

324 2551 521 2578 GOLIU&

372 2602 406 2627 2.
433 2590 508 2636 Jus
524 2589 722 2628 libertorum
737 2591 883 2640 suorum
902 2588 989 2628 mihi
1006 2590 1183 2641 reliquit]
1211 2591 1265 2628 Ut
1281 2591 1346 2629 ba·

317 2639 443 2678 berem
464 2640 561 2678 idem
579 2641 668 2690 juris
690 2643 725 2679 in
743 2653 829 2684 eos;
859 2641 959 2690 quod
977 2650 1146 2690 patronus
1175 2642 1211 2678 in
1239 2642 1346 2680 liber-

316 2698 388 2729 tos.
418 2691 566 2729 Licebat
574 2693 657 2741 jure
677 2691 760 2730 XII.
786 2692 984 2729 tabularum
1005 2692 1134 2730 liberto
1151 2699 1346 2738 patronum

316 2742 419 2779 suum
444 2742 660 2780 testamento
677 2743 865 2790 praeterire
879 2771 888 2784 ‚
901 2742 1021 2790 postea
1040 2754 1085 2778 ex
1107 2741 1228 2780 edicto
1247 2753 1349 2790 prae-

318 2792 403 2829 toris
424 2792 571 2830 dimidia
590 2793 774 2830 bonorum
795 2792 867 2830 five
884 2792 999 2830 testati
1028 2791 1100 2829 five
1129 2792 1279 2831 intestati
1306 2793 1349 2831 li-

318 2840 405 2878 berti
428 2851 583 2889 patrono
606 2843 876 2892 relinquebant,
904 2844 1011 2880 etiam
1034 2842 1158 2880 relidit)
1180 2841 1254 2880 filio
1284 2843 1348 2880 suo

321 2890 575 2936 adoptivo.lex
595 2894 699 2941 Papia
722 2893 945 2940 deindejura
967 2900 1204 2941 patronorum
1229 2894 1350 2938 auxit,

322 2939 381 2977 sed
407 2940 606 2988 Imperator
625 2943 838 2989 Justinianus
851 2955 892 2989 ,a
911 2955 987 2993 quo
1006 2944 1094 2982 haec
1115 2943 1327 2991 sumpsimus
1342 2972 1352 2989 ,

325 2988 504 3026 constituit
538 3001 577 3028 ut
607 2996 747 3031 tertiam
787 2995 972 3032 bonorum
1005 2994 1117 3031 liberti
1145 3003 1282 3041 partem
1312 2996 1349 3031 in

327 3039 458 3078 casibus
480 3040 612 3078 ibidem
636 3047 816 3083 contentis
835 3045 977 3094 patroni
1006 3045 1282 3094 consequantur.
1305 3043 1349 3081 ad

2292 1658 2305 1668 .
2342 1615 2434 1670 des

1405 1732 1494 1771 haec
1511 1731 1689 1782 Ulpianus
1716 1730 1761 1770 de
1791 1730 1905 1770 liberis
1934 1730 2188 1779 agnoscendis,
2215 1730 2430 1779 respondet,

1405 1783 1508 1833 quod
1527 1784 1641 1822 liberti
1657 1791 1848 1825 tenentur,
1874 1782 1968 1819 alere
1985 1790 2154 1830 patronos
2170 1810 2181 1827 ,
2199 1783 2239 1819 &
2259 1792 2432 1820 nonnun-

1406 1846 1517 1884 quam
1545 1841 1783 1882 patronorum
1814 1832 1928 1877 filios,
1965 1843 2032 1879 pro
2059 1832 2176 1870 modo
2205 1832 2430 1870 facultatum.

1405 1885 1483 1933 lege
1512 1885 1609 1933 plura
1650 1882 1688 1921 ff.
1722 1882 1920 1920 XXXVII.
1955 1882 2000 1920 de
2025 1883 2106 1932 jure
2147 1890 2354 1932 patronatus
2390 1883 2429 1920 ὃς

1407 1935 1622 1974 xxxvnl.
1659 1934 1718 1972 De
1749 1935 1866 1982 operis
1891 1932 2140 1970 libertinorum
2174 1934 2211 1971 &
2240 1932 2302 1970 De
2327 1933 2431 1971 bonis

1404 1986 1626 2024 libertorum.
1653 1996 1724 2023 nec
1741 1995 1803 2023 me
1823 1984 1988 2033 praeterit
2001 2010 2010 2026 ,
2036 1984 2143 2021 etiam
2164 1983 2257 2031 legi,
2277 1984 2338 2033 jus
2359 1988 2431 2020 La-

1406 2037 1583 2082 tinorum,
1610 2035 1698 2074 ficut
1725 2036 1761 2073 in
1791 2035 2041 2082 inscriptione,
2071 2033 2208 2071 Latinis
2227 2034 2325 2082 suis,
2351 2041 2431 2072 tan-

1406 2099 1515 2135 quam
1537 2086 1563 2124 fi
1582 2087 1694 2125 liberti
1715 2085 1849 2124 Valerii
1877 2085 2012 2123 Paulini
2031 2082 2156 2122 'essent
2183 2085 2364 2124 minorem
2390 2085 2432 2122 li·'

1406 2137 1581 2175 bertatem
1601 2136 1812 2179 consecuti,
1839 2137 1876 2172 ὅ(
1899 2135 2020 2173 Latini
2040 2147 2083 2172 ex
2103 2135 2184 2182 lege
2212 2135 2304 2181 Julia
2332 2135 2432 2173 Nor-

1406 2187 1496 2224 bana
1514 2186 1599 2224 faeti
1617 2184 1749 2231 essent,
1776 2187 1813 2224 &
1834 2185 1870 2223 id
1882 2185 1941 2233 jus
1958 2185 2060 2234 quod
2083 2185 2233 2223 habebat
2266 2185 2431 2224 Paulinus

1406 2238 1442 2275 in
1472 2237 1626 2275 libertos
1645 2237 1748 2280 suos,
1786 2237 1945 2274 moriens
1973 2236 2155 2285 reliquerit
2179 2235 2316 2275 Plinio:
2344 2246 2428 2274 nam

1406 2288 1486 2336 lege
1514 2289 1619 2335 Papia
1645 2286 1795 2324 adaucta
1826 2287 1926 2324 fuere
1955 2287 2032 2333 jura
2068 2297 2330 2335 patronorum,
2368 2286 2431 2335 qui

1407 2338 1662 2386 locupletiores
1683 2338 1829 2375 libertos
1845 2336 2038 2374 habebant.
2065 2337 2098 2374 C
2111 2348 2199 2375 ATA
2216 2350 2254 2377 N.
2279 2333 2428 2375 Voffi&

1408 2389 1571 2437 princeps
1593 2388 1660 2426 Ed.
1684 2399 1750 2436 pro
1769 2400 1836 2424 uno
1856 2387 2000 2426 exhibet
2020 2387 2192 2425 paullino.

1464 2449 1496 2488 3.
1524 2440 1597 2492 Jus
1617 2438 1831 2493 Quiritium.
1887 2438 2098 2476 Romanam
2127 2438 2331 2480 civitatem,
2350 2444 2432 2483 per-

1410 2489 1495 2527 inde
1524 2501 1565 2527 ac
1585 2488 1610 2527 fi
1633 2490 1794 2537 Quirites
1815 2501 1834 2527 e
1865 2495 1936 2527 ent.
1972 2489 2069 2526 Nam
2088 2486 2290 2525 manumiffi
2311 2484 2426 2522 modo

1412 2540 1593 2586 majorem
1615 2542 1653 2578 &
1666 2539 1795 2591 justam
1812 2540 2012 2578 libertatem
2033 2537 2335 2585 consequebantur
2350 2561 2361 2577 ,
2389 2533 2429 2569 &

1413 2589 1547 2629 fiebant
1565 2591 1662 2628 cives
1682 2592 1859 2628 Romani:
1887 2589 2003 2627 modo
2022 2589 2198 2626 minorem
2214 2613 2225 2629 ‚
2252 2587 2296 2638 ὅτ·
2310 2584 2430 2619 Latini

1415 2653 1459 2679 ex
1476 2644 1555 2690 lege
1573 2641 1677 2688 Junia
1698 2641 1868 2678 Norbana
1886 2639 2037 2678 fiebant:
2066 2636 2180 2674 modo
2197 2634 2401 2672 inferiorem
2416 2659 2427 2675 ‚

1416 2692 1454 2729 ὅ(
1481 2691 1612 2730 fiebant
1641 2703 1686 2730 ex
1716 2691 1794 2739 lege
1822 2690 1922 2728 Aelia
1949 2690 2064 2726 Sentia
2096 2684 2337 2741 dedititiorum
2361 2694 2429 2719 nu·

1416 2754 1533 2781 mero.
1587 2741 1711 2779 Credo
1743 2741 1821 2788 post
1850 2742 1942 2778 hanc
1961 2735 2114 2776 Secundi
2132 2733 2314 2782 epistolam
2333 2734 2432 2770 secu-

1415 2802 1493 2830 tum
1523 2793 1672 2841 Trajani
1695 2791 1876 2833 edietum,
1905 2799 1980 2837 quo
2009 2786 2148 2824 libertos
2176 2785 2284 2821 etiam
2313 2783 2430 2821 invito

1416 2844 1454 2881 &
1475 2845 1665 2891 ignorante
1685 2849 1838 2890 patrono
1868 2839 1912 2877 ad
1931 2838 2106 2890 civitatem
2137 2835 2345 2871 Romanam
2369 2845 2434 2871 ve·

1416 2895 1493 2931 nire
1513 2892 1681 2942 permisit.
1712 2890 1770 2928 sed
1800 2891 1886 2927 ficut
1910 2888 2035 2923 vivum
2065 2895 2183 2921 elvem
2216 2886 2429 2922 Romanum

1417 2944 1523 2989 fecit,
1551 2943 1598 2981 fic
1628 2949 1813 2980 mortuum
1849 2938 2042 2978 Latinum,
2077 2934 2113 2972 id
2144 2933 2213 2979 cst,
2235 2942 2276 2972 ut
2305 2935 2430 2973 haere-

1417 2994 1502 3030 dem
1524 3001 1713 3041 patronum
1730 2989 1886 3026 haberet.
1912 2986 1992 3023 Ιοε
2009 2998 2048 3022 Μ.
2094 2985 2249 3022 Meliora
2275 2995 2362 3033 cape
2385 2995 2431 3023 ex

1419 3042 1520 3081 dietis
1541 3042 1585 3081 ad
1607 3039 1712 3089 Epist.
1737 3037 1804 3076 IV.
1831 3050 1865 3076 n.
1890 3048 1926 3075 2.
1955 3042 2040 3075 Item
2068 3048 2164 3086 rogo,
2191 3035 2434 3093 desjuquui·

2313 3094 2430 3125 rmum
