2616 3686
299 207 388 271 178
543 201 1055 252 C.PL1N11
1122 174 2275 259 CAEC1L11,8ECUND1'

298 279 412 340 set,
450 285 462 306 ¹
500 269 758 331 inveniffe
800 275 905 332 sese
944 292 1069 331 exta
1111 277 1341 346 duplicia
1369 315 1385 340 ‚
1425 274 1618 347 quibus
1659 280 1957 347 portendi,
1996 284 2180 338 millies
2223 284 2278 339 &
2318 285 2430 343 du*

199 370 254 419 14
304 351 505 405 centies
541 347 866 403 habiturum.
909 349 979 404 Et
1014 349 1256 414 habebit,
1298 351 1332 404 si
1371 349 1572 409 modo,
1614 365 1671 401 ut
1696 351 1922 420 coepit,-
1944 353 2112 410 aliena
2139 355 2421 414 testamen-

309 436 363 476 ta
395 457 409 480 ‚
461 418 644 490 (quod
679 420 755 475 est
794 419 1250 493 improbissimum
1298 439 1466 495 genus
1514 419 1656 488 falfi)
1692 419 1810 492 ipfis
1835 460 1851 486 ,
1907 437 2140 493 quorum
2165 427 2283 484 sunt
2313 432 2435 496 illa,

297 504 315 524 ²
354 490 651 548 distaverit.
690 491 842 547 Vale.

301 629 357 668 Ita
378 628 579 668 Terentius
593 657 603 674 ,
632 629 766 666 Cicero
788 635 899 677 atque
921 629 979 666 31·ιί
999 627 1114 666 moliri
1137 627 1235 667 nude
1247 627 1329 666 scri·
1468 640 1490 666 ι’
1516 628 1698 678 Jseexta
1719 630 1933 682 duplicata]
1947 633 2051 671 Dum
2066 633 2432 682 sacrificaret,invenit

303 682 395 718 bunt
409 707 419 721 ‚
446 680 552 728 piane
566 708 576 723 ,
604 687 643 716 ut
665 691 763 724 agere
777 706 787 722 ‚
813 679 950 726 agitare
964 708 974 723 ‚
1003 678 1191 728 tranfigerc
1214 678 1252 715 T
1256 680 1328 717 aci·
1419 681 1604 725 geminata
1625 689 1706 718 exta
1730 682 1767 718 in
1789 682 1901 720 hostia
1915 712 1926 728 ,
1954 686 1991 721 ὅ(
2015 683 2091 722 duo
2113 690 2230 736 capita
2240 688 2434 736 habentia,

304 739 364 768 tus
387 731 516 768 Germ.
538 741 614 779 cap.
636 729 721 766 XV.
742 736 782 765 ut
803 729 859 766 aiii
882 728 1029 778 deserere
1043 757 1053 773 ,
1075 738 1205 778 parare
1224 757 1235 772 ‚
1273 729 1331 766 de·
1421 728 1524 775 quod
1547 738 1621 766 erat
1644 728 1784 778 signum
1808 732 2012 772 admodum
2035 735 2183 775 laetum.
2214 737 2314 778 Hinc
2325 739 2439 779 Vale-

301 780 446 829 stituerc
462 809 470 823 ‚
485 781 627 823 metiri,
654 777 907 825 administrare
921 806 931 823 ‚
953 781 1053 817 cuius
1063 781 1204 828 generis
1217 780 1332 817 multa
1421 779 1492 815 rius
1524 779 1689 818 Marcelli
1717 781 1927 822 sacrificium
1959 784 2107 824 laudans
2129 816 2141 832 ‚
2168 787 2309 833 scribit,
2339 790 2437 834 jecur

308 830 528 868 adduximus
548 829 592 866 ad
617 827 749 866 Sallust.
774 828 851 876 lug.
873 840 947 878 cap.
972 829 1093 868 XCII.
1116 843 1149 868 n.
1173 843 1210 878 9.
1257 830 1334 868 Mi-
1420 838 1506 883 cum
1529 827 1670 866 duobus
1690 832 1861 880 capitibus
1883 836 1916 873 ei
1938 836 2144 884 apparuiffe„
2173 839 2293 877 Etiam
2318 833 2442 878 Tran-

308 882 386 918 lites
410 893 515 929 neque
535 879 628 916 inter
651 878 772 916 vineas
792 878 870 928 fine
887 879 1034 928 periculo
1064 879 1333 926 administrare,
1420 877 1548 926 quillus
1581 879 1687 935 tradit
1719 882 1924 923 immolanti
1953 886 2121 934 Augusto
2142 891 2311 927 omnium
2334 890 2441 930 vieti-

311 933 350 970 &
372 930 418 968 ad
442 931 582 968 Lucan·
606 929 688 967 Lib·
711 928 759 967 ῙῙ·
780 940 833 968 VS·
856 941 937 977 727·
1423 939 1568 984 marum
1590 930 1752 975 jecmora
1774 932 1941 979 replicata
1962 935 2167 976 intrinsecus
2191 940 2233 976 ab
2256 941 2327 976 ima
2352 939 2439 979 fibra

1422 978 1643 1027 appannis&
1672 980 1711 1016 &
1733 980 1943 1030 responsum
1962 995 2026 1032 per
2044 987 2135 1025 haec
2156 990 2245 1026 lacta
2259 992 2297 1027 &
2309 1001 2441 1038 magna

771 1050 844 1062 —-
895 1030 1024 1081 Iaffata
1046 1030 1235 1082 triumphis
1424 1029 1604 1076 portendi.
1632 1030 1785 1077 Legitur
1808 1033 1917 1069 etiarn
1929 1033 2090 1081 duplicia.
2118 1038 2185 1076 CA
2201 1052 2223 1076 τ
2240 1052 2261 1076 Α
2277 1051 2312 1076 Ν.
2334 1046 2441 1078 Inve-

365 1080 540 1120 Destituit
562 1082 718 1129 fortuna
746 1082 831 1119 tuis.
1425 1079 1555 1128 niffese
1577 1091 1661 1117 exta
1684 1079 1904 1129 duplicata.]
1955 1083 2183 1125 Noviffimae
2204 1090 2345 1138 aliquot
2364 1090 2441 1129 edi-

1425 1130 1544 1168 tiones
1563 1131 1728 1177 invenille
1743 1133 1850 1180 sexta
1873 1133 2052 1182 duplicata
2070 1162 2082 1178 ,
2122 1137 2296 1183 pudendo
2329 1141 2443 1188 sphal-

317 1180 427 1220 Taiia
450 1182 530 1220 sunt
551 1183 588 1220 in
612 1182 689 1219 iure
710 1181 834 1219 nostro
857 1181 1042 1228 exhibere,
1068 1183 1165 1221 edere
1190 1182 1341 1231 &pium
1427 1188 1539 1218 mate.
1579 1181 1613 1218 G
1628 1194 1651 1218 R
1668 1194 1691 1217 υ
1710 1195 1732 1218 τ
1748 1193 1767 1218 1-:
1783 1195 1821 1218 n.
1858 1182 2092 1222 Boxhornius
2123 1188 2159 1222 in
2179 1186 2262 1224 leet.
2280 1192 2440 1238 variant,

316 1233 427 1270 verba
452 1233 543 1269 alia:
571 1231 686 1269 Unde
707 1243 728 1268 a
750 1233 977 1271 vetustissimi
1002 1236 1040 1271 &
1064 1232 1343 1271 emendatissimi
1426 1238 1530 1268 notat
1553 1258 1564 1275 ,
1602 1231 1778 1280 quosdam
1811 1233 1931 1280 legere
1955 1233 2112 1283 sestertia
2141 1235 2300 1284 duplicia.
2353 1241 2445 1282 Sane

317 1282 469 1320 Codicis
502 1282 664 1321 leetione
696 1293 772 1320 non
810 1282 1023 1322 recederem
1044 1282 1142 1333 apud
1166 1283 1345 1321 Senecam
1427 1281 1557 1330 absque
1578 1280 1686 1320 sensu·
1717 1282 1830 1319 Conf·
1853 1294 1940 1320 cum
1974 1284 2053 1322 sana
2091 1285 2251 1324 leffione
2275 1314 2286 1331 ‚
2333 1299 2446 1338 quarn

321 1333 546 1381 Agamemn.
569 1343 622 1371 vs.
645 1342 730 1381 239.
1428 1330 1658 1370 exhibuimus
1688 1361 1698 1378 ,
1746 1331 1801 1369 Fr.
1837 1333 2085 1384 Lindenbrog.
2119 1335 2165 1374 ad
2197 1337 2328 1375 Amm.
2366 1339 2446 1380 Lib.

1429 1382 1550 1420 XXII.
1577 1381 1733 1420 Vnum.
1762 1383 1980 1432 Legendum
2000 1385 2036 1433 se
2058 1398 2143 1424 exta
2168 1415 2178 1432 ,
2205 1399 2273 1436 pro
2295 1388 2448 1430 absurdo

368 1436 488 1469 Amor
508 1431 634 1481 iugalis
655 1435 798 1478 vincit,
826 1447 865 1471 ac
887 1434 994 1483 flet'iit
1026 1444 1127 1472 retro.
1420 1433 1540 1482 sexta.
1572 1432 1652 1472 Bia
1662 1447 1725 1472 ιιι.
1764 1434 2059 1484 Lindenbrogius
2079 1437 2123 1474 ad
2148 1438 2339 1477 Ammian.
2363 1441 2447 1480 Lib.

370 1481 591 1522 Referemus
611 1483 720 1530 illuc,
747 1485 840 1523 unde
861 1498 930 1523 non
952 1486 1063 1524 decuit
1080 1485 1181 1535 prius
1429 1483 1551 1521 XXiI.
1572 1486 1683 1533 princ.
1707 1484 1819 1523 veluti
1841 1496 1979 1523 novam
1995 1515 2005 1531 ,
2035 1488 2073 1525 δε
2095 1488 2194 1525 suam
2217 1489 2447 1531 emendatio-

367 1531 490 1572 Abjre,
1427 1546 1514 1572 nem
1537 1535 1746 1583 proposuit:
1767 1535 1805 1583 se
1827 1546 1911 1574 exta
1934 1536 2114 1586 duplicata
2135 1567 2144 1583 ,
2182 1550 2264 1577 cum
2304 1541 2447 1589 pridem

1428 1586 1509 1629 ahi,
1539 1584 1670 1633 &ipse
1692 1585 1877 1635 Gryphius
1897 1587 1945 1624 ita
1975 1587 2136 1627 ediderit.
2163 1588 2454 1641 Vossssinveniffe

322 1634 519 1681 Referemus
543 1635 584 1673 sc.
606 1635 759 1685 gradum
786 1651 796 1681 ;
825 1636 1008 1676 Fecerunt
1043 1649 1233 1676 remeemus
1261 1665 1272 1681 ,
1298 1650 1351 1676 re-
1431 1636 1596 1675 sextertia
1620 1635 1777 1685 duplicia.
1825 1635 2016 1675 Mediceus
2039 1651 2048 1676 ε
2087 1639 2253 1689 invenisse
2274 1640 2344 1680 sese
2363 1653 2461 1680 exta.

315 1685 497 1731 feramur.
524 1686 586 1723 De
608 1687 722 1724 verbo
739 1686 928 1734 salutare,
959 1691 998 1727 &
1017 1688 1238 1736 consalutare
1249 1688 1350 1728 idem
1433 1687 1611 1737 dupiicia,
1638 1695 1750 1736 atque
1770 1687 1844 1725 hoc
1866 1687 2007 1726 aneton
2039 1688 2269 1728 reddidimus.
2320 1692 2450 1742 Dupli-

325 1737 471 1773 notavit
494 1736 688 1774 Duckerus
707 1737 752 1775 ad
774 1737 869 1775 Flor.
894 1739 976 1777 Lib.
1001 1739 1069 1776 IV.
1092 1750 1169 1787 cap.
1191 1738 1354 1789 V1.n„3.
1429 1737 1504 1781 cia,
1532 1747 1572 1776 ut
1595 1737 1690 1786 apud
1713 1738 1834 1776 Valet.
1855 1738 1960 1776 Max.
1978 1750 2016 1775 ca
2040 1750 2080 1776 ut
2111 1740 2267 1780 iecinoris
2297 1742 2424 1792 duplex
2436 1772 2457 1790 ,.

328 1783 376 1822 de
407 1786 522 1824 verbo
552 1786 685 1824 ambire
707 1815 716 1832 ,
747 1796 862 1838 petere
893 1789 1043 1839 aliisque
1072 1801 1126 1827 res
1157 1801 1193 1826 in
1226 1791 1355 1838 vuigus
1429 1791 1468 1827 &
1489 1789 1586 1838 apud
1609 1789 1674 1826 Iul.
1699 1789 1993 1839 Obsequ.cap.C
2033 1789 2135 1829 XIX.
2161 1777 2470 1832 Immolamidu-J

318 1839 419 1874 'nota
442 1835 500 1874 est.
526 1837 654 1874 Paullo
675 1841 831 1887 apertius
852 1839 1006 1878 Iustinus
1026 1840 1108 1878 Lib.
1122 1839 1277 1890 XI.cap.
1290 1841 1355 1878 XI.
1431 1839 1534 1889 plicia
1561 1848 1642 1878 exta
1668 1841 1925 1888 adparuerunt.
1953 1840 2108 1879 Con-ris.

331 1898 367 1924 n.
389 1898 421 1924 2.
463 1888 527 1924 Ad
555 1893 675 1925 lovem
696 1889 819 1928 deinde
845 1897 1080 1930 Hammonem
1097 1891 1207 1940 pergit
1222 1919 1232 1936 ‚
1265 1903 1357 1929 con-
1477 1902 1499 1928 2
1527 1890 1772 1939 Diflaverit.]
1814 1891 1856 1930 Id
1878 1891 1927 1930 est
1950 1921 1961 1937 ,
1988 1890 2226 1930 Testamenta
2249 1919 2260 1936 ,
2286 1903 2381 1941 quae
2402 1893 2449 1931 ad

331 1937 485 1975 susturus
515 1949 559 1977 (9·
591 1938 632 1977 de
662 1951 796 1980 eventu
815 1944 1029 1989 futurorum
1052 1969 1064 1988 ,
1101 1952 1146 1981 O·
1167 1942 1208 1981 de
1229 1942 1356 1994 origine
1428 1942 1516 1980 alios
1544 1943 1625 1989 jure
1649 1941 1823 1980 deberent
1869 1944 2061 1993 pervenire
2085 1971 2096 1988 ,
2123 1953 2191 1992 pro
2215 1941 2280 1982 suo
2302 1943 2469 1982 arbitrio-2

330 1987 413 2036 sua.
442 1988 596 2028 Come.
1426 1993 1644 2042 disposuerit.
1672 1993 1826 2032 Cum.

2485 45 2510 65 ⁶.

2553 146 2560 158 '
2612 141 2616 147 ι

2556 177 2591 194 ι,-

2562 230 2592 243 «st

2568 310 2576 319 μ

2123 3094 2557 3165 C.12L1.·'
