2616 3686
805 204 876 277 D
945 199 1003 274 E
1067 203 1139 279 D
1213 202 1242 275 1
1308 201 1380 278 c
1450 198 1514 275 Α
1564 158 1647 274 ’Τ
1720 201 1750 275 1
1820 204 1922 281 O.

254 318 497 463 BffiR
519 377 1004 465 MANNE,
1056 372 1326 454 Cortizts
1380 375 1583 451 Tuus
1641 379 1817 452 olim
1876 373 2126 453 merus
2183 379 2285 456 est
2338 408 2455 457 ex-

255 574 496 658 cerpta
546 549 902 624 variorum
951 540 1293 633 codicum
1327 601 1346 632 ‚
1416 544 1488 616 in
1539 545 1782 647 primis
1814 542 2244 620 vetustiffimi
2301 575 2462 653 cap-

257 716 628 818 tissimique
703 707 1004 789 Codicis
1079 706 1390 786 Medicei
1428 770 1448 799 ,
1519 710 1645 813 qui
1713 706 2058 785 octavum
2129 710 2387 788 librum
2438 773 2458 801 ,

259 908 476 989 quem
525 879 753 957 nunus
814 878 1254 980 reliquorum
1303 870 1710 982 agnosceret
1743 934 1761 964 ‚
1833 874 2168 952 rarissimo
2236 903 2467 955 exem-

260 1050 387 1154 plo
441 1045 779 1122 exhibuit.
884 1043 1128 1119 Tanto
1164 1044 1342 1121 Viro
1373 1068 1445 1118 es
1492 1044 1749 1118 merito
1806 1039 1980 1116 Tuo
2034 1040 2469 1148 jungendus,

263 1216 345 1291 H
368 1207 1147 1292 UMANISSIME
1202 1207 1348 1286 d‘O
1372 1207 1778 1286 RVILLI
1809 1265 1829 1295 ‚
1885 1209 2008 1311 qui
2064 1234 2151 1283 ex
2202 1209 2473 1315 elegan«

165 1446 171 1453 ,
262 1378 508 1459 tissima
539 1436 560 1467 ‚
615 1402 795 1480 quae
841 1374 1013 1450 Tibi
1068 1374 1171 1451 est
1206 1435 1225 1464 ,
1277 1375 1544 1451 libraria
1612 1369 2036 1479 supellectile
2100 1374 2175 1447 in
2248 1374 2475 1454 Cestii

264 1519 495 1667 aeque·
542 1560 687 1634 Tui
730 1552 1157 1634 concesseras
1199 1551 1357 1631 usus
1408 1551 1796 1633 Boxhomzii
1842 1550 2254 1628 Editionem
2293 1550 2473 1631 duo-

267 1727 403 1806 bus
445 1751 615 1803 cum
655 1723 865 1801 MSS.
924 1723 1275 1799 collatam.
1358 1720 1482 1797 Est
1536 1746 1833 1824 quoque
1880 1717 2053 1793 Tibi
2095 1742 2472 1824 acceptum

271 1889 746 1980 referendum,
803 1887 1008 1993 quod
1059 1883 1502 1967 Riccczrdiani
1550 1854 1818 1961 codicis
1853 1886 2061 1988 copia
2117 1881 2348 1959 eidem
2379 1882 2474 1959 fa-

277 2075 394 2153 &a
411 2072 615 2149 fuerit
633 2132 651 2162 ,
683 2068 1256 2173 Clariffimusque
1290 2030 1622 2148 ‘Antonius
1643 2061 2033 2170 Frcmcjsczts
2055 2059 2315 2141 Gorius
2334 2065 2478 2162 ejus

281 2242 739 2318 collationem
787 2238 858 2311 in
913 2233 980 2312 se
1022 2233 1388 2339 susciperet
1420 2292 1439 2321 ,
1518 2240 1593 2308 δε
1639 2257 1818 2334 quae
1871 2231 1994 2306 alia
2047 2256 2199 2304 non
2251 2231 2482 2306 minus

289 2434 493 2514 parca
542 2428 756 2481 manu
809 2398 899 2477 ad
954 2390 1371 2477 PLINIU
1405 2397 1493 2472 M
1552 2394 2042 2473 exornandum
2104 2394 2484 2474 contulisti.

291 2571 681 2676 Postquam
729 2570 939 2644 etiam
986 2593 1091 2644 res
1137 2561 1227 2641 eb
1272 2562 1616 2669 perducta
1662 2562 1794 2638 fuit
1829 2621 1849 2651 ,
1902 2582 1982 2636 ut
2037 2557 2489 2638 SECUN-

295 2748 539 2830 DUS
585 2754 775 2857 typis
819 2742 1353 2836 describeretur,
1407 2771 1539 2822 nec
1574 2769 1707 2819 nos
1740 2740 1864 2846 ipfi
1904 2745 1982 2817 iis
2016 2733 2314 2846 praeesse
2357 2767 2491 2846 poa

299 2941 600 2994 teramus
621 2979 638 3006 ,
681 2912 906 2994 Cortii
942 2900 1254 3019 meisque
1285 2910 1608 3018 precibus
1642 2905 1821 2983 adeo
1856 2906 1967 2982 Te
1994 2903 2266 2982 facilem
2298 2932 2489 3013 prae-

303 3094 550 3188 buisti,
602 3117 717 3185 ut,
752 3092 801 3172 fi
839 3088 1127 3198 quando
1175 3115 1430 3198 operae
1468 3084 1904 3176 haesitarent,
1956 3078 2224 3187 semper
2266 3080 2354 3160 ad
2395 3080 2503 3157 Te

2317 3214 2505 3297 pate-
