2616 3686
334 190 445 273 294⁷
592 208 653 259 c.
720 197 1113 260 PL1N11
1180 189 1691 253 cancrum
1761 191 2282 248 sucunot

317 283 659 340 subtiliorem
698 283 824 340 deni
869 299 937 339 ue
977 282 1140 337 tulit:
1191 295 1353 351 quem
1394 291 1499 345 ego
1548 289 1672 329 cum
1707 285 1779 329 ex
1816 273 2173 331 admiratione
2221 273 2451 349 diligere

327 358 616 429 coepissem
644 396 660 419 ,
716 375 828 429 quo
906 355 1124 410 evenire
1168 365 1361 407 contra
1397 349 1565 409 solet,
1606 348 1774 418 magis
1806 344 2096 402 admiratus
2119 347 2265 414 sum,
2305 351 2448 419 post-

245 435 275 484 5
328 446 489 502 quam
519 430 731 502 penitus
759 430 979 500 inspexi.
1056 427 1261 494 Inspexi
1290 422 1438 476 enim
1465 422 1695 500 pen-itus.
1771 416 1783 435 ¹
1810 418 1953 472 Nihil
1978 435 2007 472 a
2035 434 2122 472 me
2156 420 2250 486 ille
2279 420 2451 481 secre-

243 502 275 543 6
334 518 477 566 tum,
522 502 962 572 non²joculare‚
999 516 1107 554 non
1125 499 1346 554 serium,
1386 490 1692 555 nontriste,
1732 507 1838 544 non
1859 490 2074 543 laetum.
2118 490 2450 550 Adolescen-

238 963 273 1066 ΟΟὫ

333 576 472 629 tulus
501 592 673 636 eram,
713 575 727 601 ³
756 575 807 627 &
833 573 939 642 jam
969 571 1094 624 mihi
1122 569 1184 621 ab
1209 568 1301 620 illo
1341 567 1545 627 honor,
1583 576 1744 632 atque
1775 565 1966 625 etiam,
2007 560 2255 631 (audebo
2302 566 2454 623 dice..

330 649 424 704 re)
454 648 786 707 reverentia,
826 659 883 698 ut
913 642 1145 713 aequali,
1182 635 1492 692 habebatur.
1569 634 1656 688 Ille
1682 653 1831 690 meus
1856 637 1873 660 ⁴
1901 637 1952 688 in
1980 633 2229 705 petendis
2279 635 2454 693 hono,

326 707 472 773 ribus
511 717 824 788 suffragator
851 755 866 778 ‚
921 715 975 768 &
1020 713 1196 767 testis:
1250 710 1338 763 ille
1379 713 1391 737 ³
1437 710 1488 761 in
1511 706 1823 761 inchoandis
1852 706 2118 762 deducior
2154 708 2204 759 ἅ*
2236 723 2454 766 comes:

326 793 412 845 ille
437 797 490 846 in
519 789 771 863 gerendis
793 784 810 806 ⁶
855 786 1162 841 consiliator
1190 784 1243 837 δε
1273 779 1478 836 reeior:
1514 779 1598 832 ille
1628 779 1863 851 denique
1889 782 1942 833 in
1967 779 2218 833 omnibus
2253 781 2455 837 officiis

328 864 517 917 nostris
543 901 558 924 ,
609 877 918 932 quanquam
957 860 1009 913 δε
1052 855 1346 913 imbecillus
1387 851 1439 903 &
1479 851 1653 904 senior
1673 873 1690 914 ·‚
1745 850 1888 922 quafi
1918 851 2128 920 juvenis
2169 852 2222 905 &
2251 854 2456 909 validus

330 934 780 1007 conspiciebatur.
857 932 1139 1002 Quantum
1176 929 1263 981 ille
1306 924 1476 979 famae
1516 938 1664 976 meae
1709 923 1885 984 domi,
1923 925 1976 977 in
2005 923 2252 993 public0‚
2289 942 2460 996 quan-

326 1021 441 1062 tum
466 1007 635 1062 etiam
663 1005 806 1079 apud
835 1005 1139 1074 Principem
1166 1001 1183 1027 ⁷
1210 995 1501 1053 adstruxit?
1542 995 1678 1048 Nam
1704 1012 1827 1048 cum
1859 994 2000 1048 sorte
2029 993 2099 1049 de
2128 996 2283 1051 bonis
2308 998 2461 1067 juve-

326 1081 482 1136 nibus
527 1079 670 1149 apud
711 1079 947 1133 Nervam
984 1076 1375 1145 Imperatorem
1416 1067 1592 1122 sermo
1631 1066 1897 1122 incidisset
1925 1105 1941 1131 ‚
1990 1065 2043 1120 δε
2094 1069 2333 1139 plerique
2373 1089 2461 1127 me

338 1153 582 1206 laudibus
617 1153 817 1207 ferrent
849 1167 861 1203 :
914 1149 1174 1220 paulisper
1213 1145 1268 1200 se
1304 1145 1442 1197 intra
1479 1140 1744 1195 silentium
1772 1141 1976 1202 tenuit,
2015 1139 2167 1209 quod
2195 1142 2268 1195 illi
2295 1144 2467 1210 pluri.

330 1242 482 1280 mum
522 1224 850 1280 aneioritatis
890 1221 1161 1276 addebat:
1214 1217 1233 1243 ⁸
1268 1215 1466 1271 deinde
1491 1214 1750 1284 gravitate
1778 1252 1793 1275 ‚
1832 1229 1992 1284 quarn
2021 1228 2211 1276 noras,
2251 1212 2462 1285 Neceffe

323 1298 394 1365 est
447 1299 685 1369 (inquit)
731 1297 950 1368 parcius
1003 1290 1205 1346 laudem
1254 1286 1540 1342 Secundum
1571 1323 1586 1347 ,
1650 1287 1775 1358 qnia
1821 1284 1964 1339 nihil
2005 1283 2109 1350 nist
2145 1304 2215 1338 ex
2264 1291 2464 1354 consilio

332 1388 437 1424 meo
448 1372 615 1440 facit.
691 1369 815 1441 Qua
845 1385 980 1424 voce
1011 1364 1197 1433 tribuit
1223 1361 1384 1425 mihi,
1425 1372 1684 1432 quantum
1715 1372 1899 1429 petere
1926 1369 2058 1412 voto
2102 1357 2461 1416 immodicum

2318 1448 2460 1503 erat,

326 1581 521 1620 Mediceus
540 1590 682 1621 tantum
708 1596 716 1620 t
744 1580 948 1633 graviorem
974 1607 984 1624 ‚
1004 1577 1226 1629 subtiliorem
1250 1574 1360 1620 tulit,
1431 1571 1508 1627 QU'l
1532 1567 1686 1626 astella-ti
1711 1565 1806 1605 diff&-
1822 1594 1841 1625 ,ι
1858 1566 2008 1623 Ῐῖψάᾌΐε
2030 1569 2068 1606 &
2092 1567 2357 1607 commendare
2381 1582 2466 1610 can-

329 1634 458 1669 ceteris
488 1634 632 1671 otnissis.
689 1634 799 1672 Forte
831 1633 1007 1669 absonum
1042 1629 1193 1668 credidit
1216 1628 1364 1678 subtili<
1400 1640 1403 1644 ’
1432 1620 1576 1678 ὼᾷἃῐθὲ
1610 1621 1702 1677 1Ρὲοξ
1734 1626 1862 1674 ΕΕἙΕΠΒ
1884 1617 2055 1674 1015bant·
2102 1621 2189 1667 Qua
2211 1618 2256 1656 de
2275 1629 2313 1656 fe
2346 1622 2467 1660 noster

330 1697 425 1720 orem
440 1712 448 1726 ‚
478 1683 556 1732 post
571 1685 785 1733 sant‘Iiorem
810 1712 820 1727 ,
847 1692 1039 1730 tamquam
1061 1680 1241 1719 infirmius
1264 1680 1365 1728 poni.
1433 1672 1516 1710 Lib·
1539 1671 1606 1708 ῙῙῙ·
1628 1668 1736 1718 hplst·
1757 1668 1842 1707 XX·
1859 1677 1975 1717 tangit
1998 1672 2036 1709 &
2058 1669 2238 1719 Panegyr-
2249 1669 2293 1708 C.
2306 1670 2467 1714 LXXII.

322 1734 405 1771 ·Sed
439 1735 538 1771 liunc
572 1746 734 1773 errorem
766 1734 1008 1772 refutavimus
1040 1732 1131 1769 olim
1165 1731 1211 1770 ad
1232 1729 1366 1770 Sallust.
1434 1723 1651 1764 Euenum„

327 1783 414 1830 „Cau
438 1796 514 1834 cap.
539 1786 586 1823 V.
611 1798 644 1823 n.
671 1799 700 1835 ς.

385 1860 400 1886 1
436 1848 538 1886 Nihil
567 1861 588 1884 a
620 1862 673 1886 mo
704 1848 762 1886 ille
776 1841 991 1896 simorum]
1023 1841 1163 1880 Scribe:
1184 1839 1368 1896 *illisecre-

326 1908 434 1942 tum,
464 1898 506 1936 sc.
544 1897 620 1937 fuit.
661 1899 813 1937 Bam-H.
855 1894 1096 1934 Recentiores
1130 1891 1279 1941 quidam
1302 1892 1369 1930 sta-

330 1950 400 1986 tim
426 1949 573 1988 Bartliio
596 1949 756 1988 obsecuti
779 1949 860 1986 sunt
883 1975 894 1991 ,
932 1947 970 1983 ὃ(
993 1944 1047 1981 illi
1071 1945 1107 1982 in
1129 1950 1235 1980 textu
1268 1944 1371 1981 exhi-

328 1998 500 2038 buerunt.
515 2002 566 2039 At
580 2012 712 2039 omnes
727 1999 872 2038 codices
897 1996 953 2034 ille
972 1995 1204 2044 praeferunt,
1217 1993 1320 2042 quod
1333 1995 1372 2032 ὃς

331 2049 547 2090 sententiam
580 2053 703 2089 minus
738 2051 952 2098 ambiguam
985 2044 1118 2084 fundit.
1150 2057 1174 2080 a
1196 2057 1250 2082 me
1274 2043 1370 2083 deest

330 2100 514 2139 Voffiano
530 2131 542 2148 ,
569 2102 628 2141 sed
652 2111 856 2152 perperam.

382 2173 403 2198 2
434 2162 647 2214 Joculare]
678 2163 854 2210 Jocosum
880 2190 891 2207 ‚
927 2161 1005 2210 joci
1026 2159 1129 2197 causa
1153 2158 1293 2198 dictum
1318 2159 1372 2199 fa-

330 2210 498 2249 &umve
527 2215 608 2252 Sic:
637 2214 827 2252 Paulatim
851 2225 934 2251 vero
958 2209 1256 2260 invalescentibus
1271 2211 1371 2251 vitiis
1399 2235 1402 2238 ·

326 2261 510 2311 jocularia
545 2275 589 2303 ω’
627 2264 784 2302 latebras
816 2262 930 2313 omisit
954 2290 965 2306 ‚
993 2273 1038 2300 <9¹
1055 2260 1127 2310 post
1139 2260 1313 2309 jocularia
1333 2263 1372 2301 in

333 2312 535 2361 defhc'lionis
560 2315 660 2353 duces
688 2314 849 2351 carmina
871 2312 1065 2362 lasciveque
1095 2310 1285 2349 modulata
1308 2312 1372 2362 su-

329 2371 391 2411 per
413 2364 756 2414 abundantiffi’mam
779 2377 919 2403 coenam
931 2361 1150 2412 gesticulatus
1162 2360 1218 2408 est.
1246 2362 1370 2401 Tran-

333 2415 433 2462 quill.
469 2417 505 2452 in
539 2417 703 2455 Nerone.
732 2417 927 2455 Canu.
964 2411 1064 2452 Vide
1087 2412 1188 2463 supra
1213 2411 1296 2452 Lib.
1320 2414 1367 2453 II.

336 2463 446 2513 Epist.
473 2465 578 2503 XIII.
602 2479 637 2505 n.
662 2482 690 2516 ς.

391 2539 410 2576 3
443 2527 490 2565 Et
517 2529 593 2576 jam
629 2529 728 2568 mihi.
750 2528 768 2578 ]
798 2529 854 2567 Ita
876 2525 1116 2566 membranae
1135 2526 1268 2576 aliique
1293 2528 1370 2566 Co-

336 2577 445 2616 dices.
495 2579 595 2617 Male
628 2580 696 2617 Ed.
728 2581 813 2618 Vct.
843 2582 881 2617 &
919 2578 1067 2616 Aldus:
1114 2578 1227 2616 etiam
1268 2578 1370 2617 mihi.

338 2629 442 2668 Male
466 2629 668 2668 Helmstad.
697 2629 992 2680 Adolescentnlus
1012 2629 1125 2667 etiam
1146 2641 1247 2666 eram
1279 2629 1370 2668 mihi

340 2689 410 2718 CCt.

387 2756 410 2788 4
443 2748 482 2779 ln
513 2743 666 2786 petendis
694 2773 704 2788 ‚
741 2735 841 2792 οἶα]
882 2750 1034 2782 Honores
1067 2744 1128 2782 hic
1148 2743 1371 2793 magistratus

338 2790 419 2827 sunt
435 2822 444 2837 ,
472 2803 511 2830 ut
533 2795 635 2843 saepe
658 2795 754 2845 apud
775 2795 953 2834 auetores.
983 2796 1065 2833 Hos
1089 2797 1152 2846 qui
1175 2797 1371 2843 petebant,

345 2851 430 2877 cuin
465 2843 575 2881 client
609 2847 740 2890 citati,
777 2845 947 2884 dicebant
982 2845 1045 2894 ipsi
1075 2857 1143 2895 pro
1174 2845 1208 2883 se
1231 2847 1276 2884 de
1299 2848 1371 2884 vita
1437 2833 1617 2870 adstruere
1639 2842 1758 2868 autem
1781 2855 1792 2871 ’

1430 2883 1539 2930 stum.
1568 2883 1680 2928 Supra
1704 2877 1814 2916 Helm

344 2888 405 2925 sua
422 2918 430 2932 ‚
459 2904 551 2939 qua:
574 2894 618 2928 ad
641 2906 719 2931 rein
743 2894 879 2940 essent,
907 2909 1110 2946 earumque
1135 2925 1146 2942 ‚
1174 2908 1263 2945 quas
1284 2896 1374 2935 affe-

1484 1801 1503 1837 ς
1537 1794 1577 1825 In
1599 1787 1807 1825 inchoandis
1823 1816 1832 1832 ‚
1859 1784 1958 1836 effa]
1987 1786 2089 1824 Nam
2107 1785 2169 1834 qui
2182 1783 2370 1825 studebant
2381 1799 2467 1826 can·-

1433 1837 1585 1881 elidaris,
1613 1840 1651 1879 hi
1675 1843 1753 1878 voti
1775 1845 1972 1887 compotes
1995 1839 2033 1875 in
2066 1836 2292 1885 Capitolium
2328 1839 2367 1876 &
2401 1839 2468 1877 do-

1433 1900 1539 1927 muin
1564 1891 1673 1934 inde,
1699 1890 1852 1928 honoris
1873 1888 1974 1926 causa
1993 1915 2004 1934 ,
2032 1887 2226 1936 prosequi,
2255 1885 2329 1926 five
2352 1889 2467 1928 dedu-
2500 1931 2504 1937 ,

1434 1951 1516 1978 cere
1549 1939 1720 1979 solebant.
1765 1940 1889 1977 Varro
1914 1940 1997 1977 Lib.
2020 1938 2090 1976 111.
2114 1937 2158 1975 de
2181 1949 2219 1976 re
2242 1939 2366 1976 rustica
2390 1950 2466 1989 cap.

1434 1989 1502 2028 111.
1541 1992 1703 2029 Comitiis
1735 1991 1914 2029 Aedilitiis
1945 2004 2022 2027 cum
2047 1988 2120 2026 Sole
2147 1988 2262 2026 calido
2281 2003 2336 2039 ego
2360 1994 2470 2041 09..-

1431 2043 1553 2079 Anius
1576 2048 1723 2080 Senator
1747 2041 1883 2080 tribuni
1906 2070 1914 2086 ,
1934 2040 2148 2091 suffragium
2181 2039 2394 2089 tulissemus,
2421 2050 2486 2082 ω·Χ

1430 2093 1625 2130 candidato
1639 2123 1647 2138 ,
1681 2095 1735 2131 cui
1761 2091 1992 2139 studebamus
2006 2120 2016 2135 ,
2044 2090 2214 2128 vellemus
2235 2090 2294 2141 effe
2314 2091 2460 2142 praesto}

1432 2155 1511 2180 cum
1536 2145 1680 2182 domum
1702 2145 1832 2182 rediret
1846 2172 1856 2187 ‚
1882 2154 1956 2182 cyc.
1983 2142 2031 2180 Et
2044 2141 2157 2179 rursus
2171 2150 2340 2180 extremo
2351 2143 2456 2182 libro:

1434 2199 1507 2231 Nos
1530 2194 1613 2232 haec
1639 2223 1649 2240 ,
1687 2206 1727 2232 at
1741 2193 1904 2243 strepitus
1928 2206 1951 2229 a
1979 2195 2110 2231 dextra
2134 2209 2143 2229 .·
2174 2203 2218 2231 v·
2240 2205 2353 2231 eccum
2373 2194 2461 2231 rma

1433 2246 1667 2284 Candidatus
1690 2244 1798 2293 noster
1821 2243 2020 2294 designatus
2046 2243 2193 2281 Aedilis.
2242 2245 2309 2281 Cui
2334 2257 2393 2282 nos
2411 2255 2465 2281 oc-

1431 2297 1629 2342 currimus,
1656 2307 1701 2335 &
1719 2295 1900 2346 gratulati
1919 2295 1957 2333 in
1976 2292 2193 2345 Capitolium
2220 2294 2464 2344 prosequs‘mur.

1432 2345 1495 2383 Jlle
1541 2347 1623 2386 inde
1667 2347 1778 2385 eundo
1820 2346 1930 2397 suam
1985 2347 2130 2385 domum
2155 2373 2167 2392 ,
2205 2358 2266 2383 nos
2301 2341 2460 2389 nstram-

1433 2397 1548 2435 lum.

1485 2463 1508 2498 6
1535 2463 1761 2515 Consiliator.
1783 2463 1800 2515 ]
1840 2465 1958 2515 Cujus
1981 2463 2226 2502 foemininum
2248 2453 2461 2512 confiliatrix

1433 2515 1584 2563 protulit
1607 2515 1798 2566 Apulejus.
1852 2516 1885 2554 Is
1906 2523 2030 2554 autem
2053 2513 2100 2551 est
2131 2511 2191 2559 qui
2221 2514 2356 2544 ratione
2390 2504 2459 2543 alte

1433 2566 1544 2613 petita
1575 2566 1677 2615 plura
1709 2566 1938 2618 perpendens
1962 2567 2000 2604 &
2032 2567 2242 2608 comparans
2273 2553 2379 2591 habet
2407 2556 2461 2592 in-

1435 2617 1655 2656 ventionem
1681 2620 1720 2657 &
1737 2618 2008 2668 judicationem
2030 2614 2067 2650 in
2083 2610 2118 2647 se
2145 2602 2343 2644 secundum
2379 2617 2464 2643 mo.

1433 2677 1499 2705 res.
1528 2668 1683 2708 Cin-rim.

1486 2742 1505 2778 7
1538 2729 1786 2779 Adstruxit.]
1817 2728 1888 2766 Lib
1921 2717 2298 2778 1112Epist‚·11‚·n-5-
2338 2726 2462 2772 mque

1437 2782 1560 2831 magni
1581 2781 1720 2829 aestimo
1735 2809 1746 2825 ‚
1774 2774 1938 2828 dignitati
1958 2783 2028 2809 eius
2061 2769 2198 2823 aliquid
2229 2768 2461 2812 adstruere...

1843 2825 1910 2863 ,ΜΛ
1921 2821 1971 2871 fit
1983 2818 2209 2868 splendidum
2236 2848 2245 2864 ,
2275 2834 2333 2858 nec
2358 2823 2461 2862 mole.

1819 2841 1856 2912 il.
1879 2875 1918 2911 δε
1939 2870 2052 2908 Arm.
2074 2870 2168 2908 domi
2191 2900 2201 2915 ,
2238 2872 2273 2909 in
2302 2873 2459 2922 publico,

346 2939 473 2976 rebant
487 2968 496 2983 ‚
526 2953 645 2979 rerum
666 2946 904 2981 nominabant
925 2946 1051 2984 testes:
1070 2956 1114 2984 ut
1128 2976 1138 2991 ,
1161 2947 1222 2984 sub
1245 2947 1374 2996 quibus
1439 2933 1513 2970 fine
1534 2940 1721 2979 quamam·

345 2988 578 3032 militassent,
607 2992 875 3038 Quaestorcsve
911 2994 1065 3032 fuissent.
1117 2999 1374 3035 Provocabant

1491 2997 1512 3033 8
1542 2991 1714 3040 Deinde.]
1745 2989 1855 3028 Deest
1876 2988 1968 3026 haec
1988 2988 2164 3027 Particu’a
2187 2988 2372 3029 Mediceo.
2401 2989 2460 3029 In·

345 3041 459 3077 etiam
483 3040 528 3078 ad
552 3040 798 3088 suffragatores
823 3070 832 3084 ,
862 3045 934 3081 hoc
957 3043 1005 3080 est
1030 3072 1039 3085 ‚
1078 3047 1283 3090 senatores,
1308 3047 1371 3096 qui
1442 3045 1494 3082 fra
1518 3045 1628 3080 Arnz.
1646 3042 1859 3089 gravitate,
1886 3050 1957 3089 qua
1979 3053 2083 3077 noras
2099 3069 2108 3084 ,
2138 3043 2199 3088 qui
2223 3050 2350 3079 tamen
2376 3051 2465 3079 con-

345 3089 396 3129 ad
428 3088 577 3129 ferenda
604 3091 650 3129 de
685 3091 896 3131 Candidatis
924 3092 1085 3141 suffragia
1108 3104 1371 3137 convenerant.
1438 3103 1491 3133 tra
1514 3090 1683 3131 meliores
1706 3090 1826 3130 Codd.
1847 3102 1926 3129 non
1947 3091 2145 3131 audiendus
2168 3091 2225 3130 est.

2313 3151 2330 3181 1
2360 3136 2460 3176 Nihil
