2616 3686
540 182 879 242 LIBER
944 181 1662 239 lv.EP1s’ro-LA
1728 196 1797 243 11.
2108 210 2260 270 249.

117 275 241 340 1015
289 262 611 330 subfistemus
654 256 866 314 fortasse
916 247 931 269 ¹
968 255 1025 309 &
1058 256 1303 340 sequenti
1333 275 1348 311 ι
1383 257 1473 313 sed
1502 272 1651 313 tanto
1677 268 1845 334 magis
1867 268 2008 324 viam
2034 272 2194 343 ipsam
2264 275 2267 278 ’

117 346 137 366 ι
158 339 516 412 corripiemus,
593 331 891 401 Contingat
915 326 1085 412 modo
1112 342 1166 383 te
1187 329 1458 401 filiamque
1484 342 1636 412 tuam.
1668 350 1682 376 ³
1726 333 1892 392 fortes
1924 343 2192 401 invenire!
2237 351 2270 399 7

118 431 238 473 nam
262 411 448 470 hilares
468 418 679 463 eertum
704 401 810 467 est,
846 399 884 455 fi
907 415 1006 456 nos
1031 401 1329 457 incolumes
1354 416 1678 473 receperltls.
1716 403 1865 461 Vale.

257 570 317 627 ΙΙ.
391 568 458 625 C.
531 565 972 622 ptumus
1045 569 1063 594 ⁴
1135 559 1693 620 Onerat-:1411
1764 565 1941 623 Suo
2015 573 2069 628 S.

176 733 261 790 M.
286 731 538 804 Regulum
560 725 751 781 malum
771 721 1074 790 caustdicum
1104 735 1273 806 morte
1281 723 1399 794 filii
1424 727 1646 781 dolorem
1655 725 1988 795 stmulantem
2011 733 2156 806 apud

345 844 348 845 γ
709 795 1020 852 Clementem
1047 796 1356 851 notabtltter
1379 808 1555 854 taxat.

250 948 449 1020 Egulus
482 948 649 1004 filium
686 948 891 1002 amisit:
953 945 1059 999 hoc
1101 963 1212 1001 uno
1240 946 1381 1028 malo
1407 946 1419 973 ⁵
1446 947 1723 1020 indignus,
1764 953 1912 1023 quod
1942 955 2116 1010 nescio
2131 971 2197 1012 an

248 1023 444 1076 malum
467 1032 637 1090 putet.
711 1018 841 1073 Erat
865 1035 998 1090 puer
1024 1019 1154 1072 acris
1179 1019 1415 1089 ingemi,
1453 1019 1544 1074 sed
1571 1021 1803 1090 ambigui
1832 1059 1850 1086 ,
1887 1028 1979 1097 qui
2019 1041 2199 1081 tamen

115 1094 278 1168 poss'et
315 1090 456 1147 refia
479 1090 686 1151 sef’tari,
723 1089 760 1144 fi
781 1084 800 1108 ⁶
825 1104 1031 1161 patrem
1060 1107 1171 1145 non
1196 1088 1438 1146 referret.
1514 1090 1683 1147 Hunc
1709 1093 1950 1166 Regulus
1975 1095 1991 1122 ⁷
2015 1115 2202 1152 eman·
2250 1111 2281 1153 ι’

2057 1169 2202 1240 cipa-

117 1301 349 1346 vitcelebrare
392 1316 422 1340 c.
468 1303 596 1340 Oxon.
623 1313 725 1352 quem
754 1301 792 1340 &
823 1299 871 1338 ibi
903 1298 1069 1338 celebrare
1101 1310 1128 1336 c.
1188 1299 1388 1348 patruelem
1416 1300 1521 1341 suum
1549 1304 1703 1353 jugulari
1728 1304 1859 1355 jussit}
1905 1306 2073 1356 quamvis
2109 1308 2206 1356 apud

116 1353 226 1392 Arnz.
248 1355 357 1392 etiam
379 1355 417 1392 in
438 1353 550 1392 alium
566 1352 693 1390 locum
716 1362 850 1389 vocem
861 1350 1127 1400 epulati-aiecit,
1191 1350 1357 1388 Dionem
1399 1354 1574 1392 mendose
1612 1357 1749 1402 legatur
1790 1356 1917 1395 Fabius
1959 1368 2027 1406 pro
2068 1356 2207 1397 Flavio.

116 1404 156 1442 &
181 1405 241 1442 hic
270 1412 437 1441 tantum:
490 1415 566 1440 uem
599 1401 769 1439 celebrare
800 1401 966 1448 constitui.
1007 1401 1049 1439 In
1082 1413 1123 1438 o-
1193 1399 1383 1439 Clementis
1407 1405 1583 1442 Patavini
1602 1405 1712 1442 Mart.
1735 1408 1966 1444 mentionem
1988 1406 2085 1446 facit.
2124 1407 2208 1448 Fuit

117 1454 262 1492 mnibus
282 1454 446 1501 alioquin
493 1452 752 1490 edicationibus
781 1451 919 1500 epulum
952 1451 1124 1489 sollemne
1192 1451 1230 1486 &
1252 1452 1433 1489 Corvinus
1454 1453 1613 1492 Clemens
1635 1456 1889 1493 eruditissimus
1914 1483 1924 1500 ,
1952 1458 1991 1493 &
2012 1466 2207 1505 poetarum

117 1510 216 1546 erat,
244 1511 285 1540 ut
307 1502 473 1539 discimus
495 1513 539 1537 ex
562 1502 688 1538 Dione
710 1500 791 1537 Lib.
815 1499 1124 1549 LVII.pag.610.
1190 1498 1411 1539 suaviffimus
1437 1530 1448 1547 ,
1483 1512 1604 1541 metro
1629 1505 1828 1543 Alexandri
1862 1506 2082 1545 Macedonis
2109 1508 2207 1556 gesta

117 1552 265 1590 Gruteri
285 1551 444 1600 Inscript.
465 1561 544 1599 pag.
563 1561 643 1595 414.
663 1560 699 1585 n.
719 1559 752 1584 2.
786 1560 948 1597 eumque
978 1561 1123 1588 morem
1192 1550 1429 1606 compleitus,
1457 1554 1496 1590 &
1525 1555 1687 1602 Apuleio
1723 1555 1912 1594 familiaris.
1942 1556 2049 1612 ⁴Ego
2080 1566 2207 1598 tamen

121 1601 340 1638 Christianos
372 1597 593 1638 continuaffe
616 1626 627 1641 ,
672 1599 815 1634 notavit
848 1598 901 1635 Io.
925 1599 1060 1636 Savaro
1079 1600 1124 1638 ad
1191 1597 1404 1637 crediderim
1437 1601 1622 1650 epistolam
1652 1605 1818 1653 scriptam
1850 1606 1966 1643 Caelto
2008 1606 2207 1654 Clementi,

121 1650 245 1689 Sidon.
269 1651 350 1688 Lib.
373 1650 440 1687 IV.
463 1648 574 1698 Epist.
594 1648 680 1684 XV.
704 1648 812 1696 princ.
1192 1659 1304 1696 quem
1323 1648 1386 1688 fibi
1404 1652 1442 1688 in
1463 1653 1724 1691 Proconsulatu
1745 1655 1982 1694 successorem
2004 1657 2083 1694 alibi
2117 1660 2207 1698 reci-

171 1714 186 1739 1
218 1707 266 1738 Et
292 1700 447 1749 sequenti
479 1698 545 1736 die.
570 1696 586 1747 ]
627 1699 682 1735 Sic
712 1696 824 1735 Aldus
849 1724 860 1741 ‚
896 1697 1123 1744 Catanaeus,
1191 1704 1242 1734 tat
1261 1697 1460 1738 Secundus.
1499 1702 1577 1740 Nifi
1600 1715 1662 1740 me
1682 1704 1877 1752 impediret
1898 1715 2003 1743 vetus
2023 1707 2207 1756 inscriptio

121 1751 305 1800 Gryphius
331 1778 341 1793 ,
383 1750 439 1787 alii
471 1760 556 1786 cum
594 1746 844 1785 recentioribus
875 1747 1016 1796 scriptis.
1071 1750 1125 1787 At
1193 1758 1238 1784 ex
1260 1747 1342 1786 Lib.
1360 1749 1389 1786 I.
1410 1751 1472 1788 ubi
1505 1752 1661 1801 legimus
1695 1754 1804 1792 Atrio
1837 1754 2013 1794 Clementi
2046 1757 2208 1799 eundem

121 1800 353 1838 veterrimae
400 1800 562 1848 aliaeque
598 1797 763 1835 meliores
799 1797 1034 1836 membranae
1071 1801 1124 1837 die
1192 1796 1357 1847 scripsisse
1380 1827 1391 1844 ,
1427 1800 1600 1840 Clementi
1620 1806 1772 1852 inquam
1794 1806 1989 1844 Patavina.
2016 1807 2082 1845 CA
2098 1823 2121 1846 τ
2135 1822 2157 1847 Α
2171 1823 2209 1849 Ν.

122 1849 307 1897 ignorant:
337 1849 439 1899 quod
461 1860 546 1886 curn
570 1859 615 1886 ex
637 1847 871 1897 superioribus
894 1847 998 1887 facile
1020 1850 1125 1888 intel·
1194 1847 1356 1887 Riccard.
1375 1851 1414 1888 in
1436 1851 1562 1890 Indice
1585 1854 1733 1891 Attium
1755 1854 1972 1894 Clementem
1996 1867 2105 1895 vocat:
2125 1888 2136 1903 ‚
2168 1869 2209 1900 ut

123 1897 249 1946 ligatur
263 1928 272 1944 ,
300 1912 346 1937 eo
368 1898 553 1936 Secundus
574 1909 648 1935 non
671 1897 872 1936 onerandus
894 1897 971 1936 fuit.
1193 1898 1368 1954 eumdem
1390 1901 1603 1941 intellexerit
1624 1931 1635 1944 ‚
1673 1904 1718 1941 ad
1740 1913 1852 1955 quem
1877 1906 1958 1944 Lib.
1979 1907 2008 1944 I.
2029 1908 2136 1957 Epist.
2160 1910 2208 1950 X.

175 1959 196 1984 2
223 1947 504 1997 corripiemus.]
540 1948 596 1985 Ut
624 1948 827 1986 Horatius:
864 1949 1028 1999 corripuit
1043 1964 1129 2001 gra·
1194 1950 1317 2038 {Ugia
1347 1949 1395 1988 est
1416 1980 1427 1996 ,
1473 1953 1534 1992 ubi
1565 1953 1716 1992 Attium
1748 1955 1899 2006 quidam
1938 1957 2059 1997 Codd.
2093 1971 2212 2011 agnog

126 1998 539 2097 dugnffnrntsriffvmim]
555 2048 1131 2099 SanosCArm.Invenire.]Ver-
1247 2063 1264 2098 ς
1295 2029 1466 2101 indignus
1486 2053 1616 2105 quod]
1647 2055 1773 2096 Sensus
1794 2057 1843 2095 est
1868 2086 1879 2103 ,
1905 2061 2111 2099 merebatur
2132 2062 2210 2102 Re:

124 2094 212 2132 bum
244 2098 316 2134 hoc
347 2108 423 2134 non
452 2098 652 2146 agnoscitur
681 2109 701 2135 a
729 2099 903 2136 Palatino.
942 2100 1130 2139 Genua.
1195 2103 1297 2147 gulus
1329 2112 1492 2141 mortem
1523 2104 1608 2150 filii,
1633 2106 1658 2144 fi
1687 2120 1769 2146 eam
1793 2109 1932 2146 malum
1955 2119 2107 2158 putaret.
2138 2114 2209 2152 Sed

128 2150 270 2190 Fortes,
299 2149 319 2184 i.
336 2147 430 2185 bona
450 2147 666 2186 valetudine.
694 2149 844 2187 But-rii.
873 2150 938 2187 Sic.
961 2150 1042 2188 Lib.
1061 2151 1128 2189 VI.
1195 2160 1279 2188 cum
1311 2153 1520 2192 timendum
1557 2157 1699 2194 obitum
1723 2159 1798 2206 ejus
1823 2158 1998 2207 optasset,
2025 2169 2066 2198 ut
2086 2163 2210 2200 haeres

127 2193 231 2242 Epist.
256 2197 323 2233 IV.
343 2209 378 2234 n.
427 2227 434 2234 .
489 2198 655 2247 Equidem
685 2200 794 2236 etiam
828 2199 961 2238 fortem
994 2212 1027 2237 te
1060 2213 1129 2237 non
1197 2198 1259 2238 filii
1282 2201 1470 2249 existeret,
1498 2204 1583 2243 ideo
1605 2207 1794 2254 indignum
1827 2209 1956 2246 censeo
1985 2210 2058 2246 hoc
2088 2211 2210 2256 malo,

120 2243 193 2291 fine
225 2259 308 2283 cura
345 2209 580 2293 daefflderarsm.
627 2249 707 2286 Lib.
738 2249 827 2286 VII.
858 2249 964 2297 Epist.
988 2251 1130 2288 XXIII.
1197 2251 1283 2298 quia
1304 2252 1441 2289 malum
1464 2265 1542 2291 non
1561 2256 1696 2299 credit,
1725 2256 1782 2293 sed
1806 2258 1902 2295 utile.
1932 2259 2084 2296 CATAN.

124 2295 233 2341 princ.
288 2298 427 2334 Gaudeo
457 2298 592 2346 quidem
623 2298 680 2346 effe
711 2309 744 2335 te
776 2310 852 2335 tam
886 2300 1020 2338 fortem
1036 2329 1045 2345 ‚
1072 2313 1130 2338 cet.
1243 2301 1266 2335 6
1293 2302 1325 2337 si
1345 2310 1482 2347 patrem
1507 2317 1576 2341 non
1599 2305 1786 2354 referret.]
1817 2306 1919 2355 Lege
1941 2308 2032 2346 infra
2055 2310 2136 2348 Lib.
2161 2312 2213 2349 V.

125 2344 292 2382 Verbum
315 2348 474 2384 invenire
497 2348 533 2384 in
553 2349 721 2385 omnibus
742 2348 866 2387 nostris
877 2350 1130 2387 conservatum
1195 2348 1300 2398 Epist.
1325 2350 1428 2388 XVI.
1452 2364 1484 2388 n.
1509 2367 1542 2401 9.

126 2392 196 2438 est,
226 2397 262 2433 ὅ(
294 2398 437 2434 merito.
488 2396 611 2435 Mutat
637 2405 763 2435 tamen
793 2399 886 2437 aliud
920 2400 1131 2442 Mediceus‚
1248 2411 1266 2443 7
1298 2402 1489 2450 Emancipa
1501 2402 1591 2451 vin]
1622 2404 1859 2452 Manumisit,
1884 2407 2060 2448 liberavit.
2098 2411 2210 2449 Libe-

125 2443 161 2481 in
182 2456 258 2492 quo
280 2446 369 2483 haec
390 2449 437 2484 ita
460 2447 732 2496 concipiuntur:
760 2450 953 2495 Contingat
965 2452 1065 2485 modo
1077 2462 1132 2494 te,
1196 2458 1275 2485 rum
1299 2449 1346 2485 est
1367 2451 1423 2495 ei,
1451 2454 1513 2500 qui
1536 2452 1647 2490 filium
1671 2455 1778 2494 lubet
1794 2485 1803 2501 ‚
1836 2458 1879 2496 de
1903 2459 2076 2506 potestate
2100 2463 2211 2510 patria

122 2491 300 2544 filiamque
331 2507 431 2532 tuam
452 2498 564 2543 form
596 2497 754 2534 immin
777 2501 792 2533 J
830 2511 913 2534 ,mm
948 2501 1133 2547 continget
1195 2497 1407 2536 dimittere:
1448 2505 1665 2552 emancipari
1697 2515 1822 2544 tamen
1853 2520 1929 2545 non
1949 2519 2118 2557 poterat,
2146 2512 2212 2550 nist

129 2541 275 2587 hilares,
303 2545 331 2592 fi
349 2559 407 2582 no«
427 2546 609 2584 incolumes
629 2547 838 2595 receperitis,
865 2548 966 2596 quod
996 2550 1134 2596 prorsus
1195 2558 1268 2584 erat
1300 2550 1335 2585 in
1371 2551 1618 2598 imaginariam
1651 2554 1813 2593 servilem
1848 2558 1988 2596 causam
2023 2560 2212 2602 deductus.

128 2590 327 2631 Plinianum
349 2595 421 2638 est,
451 2598 489 2632 ὃς
515 2608 579 2644 pro
603 2598 772 2644 vulgato:
803 2611 886 2633 nam
912 2597 1040 2636 hilares
1065 2612 1134 2637 cer·
1197 2598 1501 2647 Ermncipatione
1530 2612 1653 2642 autem
1683 2605 1848 2644 desinunt
1878 2609 1978 2647 liberi
2001 2609 2071 2649 effe
2093 2614 2130 2649 in
2153 2625 2216 2661 pa-

135 2651 207 2679 tum
226 2644 293 2692 est,
320 2645 460 2683 audior-i
486 2646 550 2683 suo
572 2646 671 2684 reddi
690 2656 858 2685 merctur.
1198 2649 1260 2684 tria
1277 2649 1473 2697 potestate,
1501 2651 1558 2689 sed
1579 2656 1802 2705 emancipatio
1825 2667 1929 2696 antea
1953 2660 2099 2708 quidem
2117 2691 2126 2705 ,
2155 2662 2215 2702 vel

183 2704 204 2738 4
228 2694 438 2742 Clementi.]
467 2698 661 2733 clementes
684 2709 746 2745 per
769 2709 810 2734 ca
835 2708 1000 2746 tempora
1020 2700 1136 2747 plures
1199 2710 1260 2746 per
1292 2702 1475 2749 antiquam
1508 2702 1593 2750 legis
1636 2704 1928 2745 observationem
1972 2712 2214 2763 procedebat,

137 2738 288 2781 invenio.
316 2745 387 2782 Sub
409 2745 559 2784 Nerone
581 2747 756 2784 salientem
778 2749 990 2785 Clementem
1005 2755 1121 2788 &Sue
1201 2760 1293 2796 quae
1316 2763 1376 2798 per
1397 2752 1619 2799 imaginarias
1641 2755 1872 2795 venditiones
1892 2761 1929 2796 ὅ(
1952 2760 2216 2801 intercedentes

145 2785 236 2825 dium
262 2793 471 2832 clementem
506 2797 550 2833 ab
581 2797 735 2834 Othone
758 2798 848 2836 claffi
883 2797 1132 2845 pi‘acfcftum:
1201 2800 1497 2839 manumissiones
1519 2804 1786 2850 celebrabatur,
1813 2808 1872 2845 vel
1894 2821 1937 2848 ex
1963 2810 2137 2859 imperiali
2158 2824 2218 2858 re·¹

146 2832 237 2891 Item
256 2845 437 2882 aretinum
462 2845 675 2884 Clementem
699 2848 827 2886 domui
850 2847 1039 2896 Vespasiae
1075 2861 1137 2897 per
1203 2848 1329 2896 ἐξήψω
1352 2878 1362 2894 ,
1402 2863 1529 2889 verum
1564 2854 1747 2899 Justiniani
1780 2857 2037 2898 constitutione
2068 2861 2142 2898 hoc
2174 2864 2211 2901 in

147 2882 343 2928 affinitatem
373 2895 608 2943 conjunftum
643 2909 662 2933 a
693 2897 865 2935 Muti-ano
899 2899 1136 2936 Przietoi‘ianis
1203 2902 1329 2936 meiius
1354 2901 1563 2940 reformato,
1607 2906 1833 2951 emancipati
1858 2907 2007 2946 auetore
2034 2910 2216 2961 Pompejo

148 2936 408 2989 pmepfffltum:
447 2945 483 2983 ὃς
515 2947 609 2994 prius
632 2947 852 2986 Domitiano
875 2949 1135 2997 gratissimum,
1169 2982 1171 2987 .
1205 2948 1343 2986 duobus
1378 2951 1495 2988 modis
1525 2953 1769 3002 intelliguntur
1792 2983 1802 2999 ,
1853 2965 1913 2994 aut
1947 2960 2008 3006 qui
2043 2972 2087 2997 ex
2112 2964 2215 3009 patris

168 2983 422 3039 amilmemque
443 3022 453 3038 ‚
483 2996 520 3033 ὅ(
543 3008 632 3034 mox
653 2998 698 3036 ab
725 3011 771 3036 eo
784 3009 953 3037 necatum
970 3027 980 3042 ,
1007 3009 1138 3046 quem-
1199 2999 1280 3046 jur„-
1313 3002 1476 3041 exierunt
1499 3030 1510 3047 ,
1548 3012 1609 3040 aut
1643 3006 1705 3053 qui
1738 3005 1892 3043 alioruin
1926 3006 2017 3047 fiunt
2050 3010 2212 3049 domini:

150 3029 347 3074 admodum
384 3040 478 3083 idem
507 3053 680 3100 tyrannus
719 3049 885 3102 Flavium
922 3048 1136 3099 Clementem
1202 3059 1399 3100 utrumque
1422 3050 1462 3090 fit
1482 3055 1786 3103 emancipatione.
1813 3056 1966 3097 Catari.

1535 3102 1549 3140 I
1575 3106 1587 3142 1
2062 3122 2077 3148 1
2107 3112 2217 3156 Man-3
