2616 3686
299 190 398 255 782

546 191 606 240 C.
670 189 1064 241 PL·1N11
1135 185 1640 238 CAECJLM
1696 188 2228 244 SECUNDt

832 332 1091 407 Ejusdem
1132 331 1201 387 ad
1239 331 1306 390 L.
1346 319 1590 407 Abpium
1633 330 1959 392 Maximum.

871 485 1202 540 Domitianas
1222 481 1532 538 commendat
1556 481 1889 557 Archippum.

320 614 439 748 A
463 611 740 686 Rehippam
761 609 1125 684 philofhpham,
1143 608 1324 662 bonum
1345 610 1553 672 virum,
1589 608 1659 670 όν
1692 621 1705 642 ¹
1750 607 2146 683 prvfhffionesua
2169 615 2320 668 etiam
2344 631 2453 675 ma-

445 688 645 760 jorz'bas
668 685 1029 760 respondentem
1055 724 1070 749 ,
1121 682 1516 738 commendatum
1536 684 1720 739 habeas
1745 685 1899 738 velem
1924 725 1940 749 ‚
1977 693 2048 739 mz'
2071 692 2302 743 Maxime
2326 728 2341 751 ‚
2386 690 2450 748 ἐφ’

310 761 511 832 plenam
533 762 953 816 et‘hamam‘tatera
965 760 1402 835 taam-praestesm
1416 761 1483 815 izjs
1496 797 1513 824 ‚
1529 776 1655 832 quae
1677 764 1997 816 verecundea
2017 773 2065 816 te
2077 764 2454 836 dcss'deraverzt.

1039 909 1293 968 Ediftum
1334 881 1463 966 Divi
1498 910 1726 966 Nervae.

471 1096 605 1133 RUM
634 1095 1028 1139 EDICIT,NEC
1051 1092 1517 1132 zsPECTANDUS
1547 1097 1663 1137 EST
1690 1099 1756 1136 IN
1789 1096 1868 1135 IIS
1897 1098 2109 1140 BONUS
2136 1099 2448 1146 PRINCEPS.

316 1037 732 1201 QUAEDAM
772 1035 915 1075 SINE
952 1035 1194 1080 nonio,
1240 1033 1582 1082 QUIRITE8,
1620 1033 1757 1074 IPSA
1798 1010 2166 1081 ¹FremchAs
2206 1039 2452 1078 ΤΕΜΡΟ-

471 1158 711 1205 QUIBUS
742 1158 966 1197 'ILLUM
1007 1156 1367 1196 INTELLIGI
1398 1156 1579 1195 SATIS
1607 1158 1757 1206 EST,
1797 1158 1938 1197 CUM
1969 1160 2103 1199 HOC
2131 1159 2248 1198 SIBI
2278 1161 2451 1209 QUIS·

305 1211 448 1262 QUE
488 1216 728 1256 CIVlUM
765 1218 1053 1257 MEORUM
1092 1216 1436 1257 SPONDERE
1471 1219 1727 1268 POSSIT,
1784 1221 1913 1259 aME
1949 1221 2448 1268 SECURITATEM,

360 1327 399 1356 .1.
426 1321 621 1370 P-rofhfflotze
633 1321 703 1370 saa
723 1322 829 1360 etiam
850 1319 1037 1371 majoribus
1057 1319 1345 1371 respondentem]

312 1365 349 1404 Si
369 1379 450 1405 vcra
472 1371 519 1408 est
538 1372 627 1408 haec
647 1372 755 1410 restio
777 1402 786 1415 ‚
815 1372 996 1421 duplicem
1018 1371 1158 1409 videtur
1181 1373 1348 1420 recipere

313 1418 671 1466 interpretationem:
703 1424 760 1462 vel
771 1425 872 1463 ,hanc
892 1423 1041 1465 scilicet,
1070 1422 1172 1471 quod
1193 1423 1349 1471 Archip-

314 1478 406 1514 pum
435 1469 520 1510 dicit
548 1474 643 1520 Imp.
671 1476 777 1512 rebus
807 1475 987 1512 altioribus
1014 1475 1055 1510 ὃ(
1087 1474 1346 1512 sublimioribus

316 1519 466 1568 dignum
485 1534 499 1559 ,ε
529 1524 588 1561 vel
616 1524 737 1569 hanc,
786 1525 888 1573 quod
921 1524 1121 1572 Archippus
1155 1535 1280 1572 parem
1313 1527 1346 1563 se

317 1571 467 1619 praestet
489 1575 669 1623 majorum
689 1576 832 1624 gloriae.
884 1575 981 1613 Vide
1009 1584 1133 1612 tamen
1163 1587 1210 1612 ne
1231 1576 1348 1613 verius

315 1621 381 1666 fit,
409 1630 449 1660 ut
466 1624 629 1671 legamus
649 1639 656 1664 :
685 1627 867 1675 proseffi'oni
879 1626 966 1674 suae
984 1627 1091 1663 etiam
1114 1625 1275 1664 moribus
1297 1641 1350 1664 re-

314 1673 546 1721 spondentem.
611 1677 796 1714 Nimirum
837 1689 951 1714 omne
987 1677 1072 1722 iliud
1108 1677 1349 1725 philosophari

314 1733 443 1771 parurn
467 1724 536 1769 est,
563 1725 628 1763 nisi
648 1729 686 1764 ὃ(
711 1739 834 1766 mores
857 1726 1065 1775 profeffioni
1086 1727 1347 1776 respondeant,

314 1773 449 1824 absque
467 1786 543 1824 quo
563 1789 713 1815 manum
734 1790 810 1815 non
835 1779 1002 1816 verterim
1043 1778 1091 1814 ob
1119 1778 1236 1816 solum
1264 1779 1347 1817 Phi-

316 1824 458 1874 losophi
472 1830 596 1874 ο-χῆμκ
617 1830 654 1865 &
678 1840 832 1867 nomen.
851 1829 913 1866 odi
932 1829 1029 1867 enim
1056 1828 1226 1867 homines
1243 1830 1344 1878 igna-

317 1886 365 1913 va
387 1888 519 1926 opera,
548 1878 757 1928 philosopha
779 1880 950 1922 sententia
972 1907 982 1924 ‚
1019 1887 1057 1918 ut
1072 1879 1129 1917 ille
1151 1879 1239 1917 olim
1266 1881 1345 1918 1cri-

317 1924 407 1975 pfit:
443 1931 535 1972 μιτῶ
557 1930 698 1975 (παρις-ἦν
719 1932 829 1979 μέχρι
854 1934 898 1969 τὲ
918 1930 1051 1974 λέγειν,
1069 1931 1144 1966 ἄνευ
1168 1933 1214 1968 τέ
1233 1933 1346 1980 7:502?-

316 1993 394 2016 τειν.
421 1979 454 2016 R
468 1992 482 2016 1
497 1992 520 2017 τ
537 1991 561 2016 τ
575 1991 597 2017 ε
611 1995 633 2018 a
649 1995 665 2018 s
679 1994 704 2018 H
719 1996 741 2019 u
754 1994 779 2020 s.
802 1982 848 2025 In
873 1979 1093 2019 Rittershufii
1104 1988 1217 2029 partes
1231 2009 1241 2026 ,
1255 1993 1342 2031 quas

315 2028 466 2075 quidem
487 2030 644 2080 sequitur
664 2032 892 2070 Boxhornius
905 2061 917 2076 ‚
947 2044 993 2070 ne
1013 2059 1023 2076 ,
1050 2033 1182 2080 quaeso
1196 2060 1206 2076 ,
1234 2032 1341 2071 disce-

316 2079 390 2118 das.
420 2080 593 2119 Nesciunt
612 2095 742 2122 omnes
763 2083 868 2121 nostri
890 2083 998 2122 talem
1018 2083 1342 2129 emendationem,

316 2129 382 2168 nifi
404 2131 504 2180 quod
523 2133 560 2171 in
579 2133 637 2178 Jo.
658 2134 704 2172 de
726 2134 883 2172 Tridino
897 2162 907 2177 ,
936 2135 972 2170 δε
994 2133 1088 2170 forte
1109 2134 1219 2173 etiarn
1239 2134 1342 2172 Voss.

317 2181 430 2219 exstet
451 2184 637 2234 profeffiom'
649 2185 735 2234 snae
756 2196 821 2233 pro
838 2184 1023 2233 profffone
1032 2184 1111 2232 saa.
1156 2184 1342 2223 Commo·

321 2231 412 2275 dum
433 2232 572 2275 sensum
593 2236 700 2273 habet
721 2236 863 2284 vuigata
885 2249 893 2272 :
925 2234 1106 2284 Respondet
1125 2236 1343 2287 majoribus,

319 2284 384 2333 qui
403 2283 535 2322 eadem
555 2283 626 2324 fide
649 2285 857 2336 eademque
880 2285 1092 2324 dexteritate
1115 2312 1126 2328 ‚
1153 2298 1223 2334 qua
1244 2296 1346 2325 vete·

320 2344 376 2372 res
397 2333 578 2381 solebant,
605 2347 659 2376 res
677 2337 753 2376 suas
771 2337 899 2375 trae‘tet
914 2365 924 2381 ,
949 2336 1126 2385 idemque
1146 2337 1197 2378 est
1219 2350 1260 2375 ac
1277 2339 1344 2376 bo-

320 2397 412 2430 nus,
438 2385 597 2436 ideoque
616 2389 728 2436 major
749 2391 785 2424 ὅ(
808 2388 924 2427 melior
948 2387 1149 2436 promiscue
1165 2387 1254 2434 dici,
1279 2389 1347 2427 do-

323 2436 382 2474 ‹ste
415 2436 633 2482 adnotarunt
662 2441 710 2478 V.
741 2440 782 2482 C.
813 2439 1005 2477 Burmann.
1033 2440 1078 2476 ad
1109 2439 1224 2477 Ovid.
1254 2441 1346 2479 Met.

318 2489 420 2526 XIII.
439 2500 491 2528 vs.
513 2502 594 2529 102.
626 2490 904 2533 Drackenborch
932 2490 976 2527 ad
1006 2488 1065 2527 Sil.
1086 2489 1153 2527 IV.
1187 2502 1236 2529 vs.
1252 2491 1345 2539 824.

316 2538 366 2576 Et
393 2539 480 2587 quid
516 2541 695 2580 veteribus
735 2542 938 2580 auctoribus
971 2541 1194 2588 frequentius
1230 2553 1341 2590 quarn

317 2603 409 2627 more
427 2592 601 2641 majorum
615 2619 625 2636 ,
653 2594 753 2641 cujus
772 2593 869 2631 idem
890 2592 939 2631 est
961 2591 1185 2639 significatus.
1213 2593 1344 2632 Cicero

315 2652 384 2690 pro
408 2641 581 2684 Cluentio
608 2654 683 2692 cap.
704 2644 899 2683 XXXVII.
927 2646 1024 2679 Atta
1047 2641 1199 2690 estenim
1218 2644 1345 2693 cauffiz.

316 2702 424 2730 more
449 2694 631 2742 majorum
648 2722 658 2736 ‚
684 2694 758 2733 fine
778 2696 833 2739 vi,
861 2693 935 2732 fine
955 2701 1056 2731 metu
1070 2722 1080 2739 ‚
1109 2693 1182 2732 fine
1203 2696 1342 2742 pericu-

317 2744 368 2782 10.
395 2743 526 2788 Plane,
555 2753 594 2782 ut
617 2745 731 2785 Plinio
751 2746 876 2785 dicitnr
896 2745 1061 2794 antiquus
1083 2745 1163 2788 vir,
1191 2748 1340 2798 antiqua

313 2805 391 2837 res,
418 2795 581 2844 antiquus
601 2793 722 2843 similis
744 2806 816 2836 cet.
844 2797 936 2834 vide
967 2797 1043 2834 Lib.
1065 2795 1111 2833 II.
1147 2796 1256 2843 Epist.
1279 2801 1342 2840 IX.

318 2853 355 2879 n.
374 2855 409 2882 4.
444 2845 549 2893 Epist.
567 2846 633 2884 XI.
670 2860 695 2885 n
732 2848 789 2886 18.
826 2848 902 2885 Lib.
919 2847 1006 2886 VII.
1038 2845 1147 2895 Epist.
1165 2847 1340 2890 XXXIII.

320 2902 356 2927 n.
375 2904 409 2936 9.
436 2895 472 2930 ἃ
494 2907 587 2944 quae
611 2897 696 2936 dixit
716 2898 924 2936 Buchnerus
942 2898 987 2936 ad
1019 2898 1099 2936 Lib.
1123 2898 1209 2938 VII.
1230 2902 1340 2951 Epist.

317 2942 491 2981 XXXHI.
517 2957 552 2983 n.
570 2958 604 2990 9.
633 2950 671 2984 ὃ(
691 2950 804 2987 Corte
825 2949 870 2986 ad
900 2949 1038 2988 Lib.V.
1067 2948 1211 2995 Epist.I.
1232 2965 1341 2992 n.rr.

314 2991 405 3028 item
445 2993 655 3035 Gronovius
692 3000 736 3039 ad
777 3001 859 3045 Ljv.
898 3001 980 3038 Lib.
1006 2999 1033 3037 1.
1076 3010 1154 3049 cap.
1184 3003 1340 3043 XXXII.

314 3041 350 3084 L
365 3055 387 3078 o
401 3054 425 3083 u
440 3054 461 3082 o
476 3056 498 3080 o
509 3056 528 3081 r
543 3057 556 3081 1
571 3057 592 3082 υ
609 3061 637 3089 s.
1115 3050 1117 3054 ’

1462 1333 1502 1361 .2.
1530 1321 1785 1375 speetandus]
1832 1325 1899 1364 Pro
1929 1337 2005 1375 quo
2033 1322 2285 1363 Rittershufius
2311 1324 2446 1362 iterum

1421 1375 1498 1412 vult
1527 1375 1783 1423 exspectandas.
1811 1378 1900 1415 Non
1924 1388 2021 1425 nego
2041 1405 2052 1422 ‚
2088 1375 2229 1413 librariis
2264 1374 2447 1414 interdum

1416 1424 1477 1462 has
1499 1436 1610 1463 voces
1629 1427 1723 1464 inter
1741 1427 1775 1464 se
1795 1437 2038 1465 commutatas
2057 1425 2128 1464 effe
2150 1453 2160 1470 ,
2196 1435 2235 1462 ut
2255 1427 2290 1464 in
2315 1426 2448 1466 Sallust.

1414 1478 1495 1512 Lat.
1516 1477 1595 1515 XX.
1623 1488 1657 1516 n.
1677 1490 1711 1515 2.
1737 1477 1874 1515 factum
1894 1477 1965 1516 effe
1991 1506 2001 1521 ‚
2039 1487 2127 1514 nota
2159 1477 2272 1515 Cortii
2305 1476 2439 1519 docem

1417 1526 1489 1563 hoc
1519 1537 1606 1564 vero
1632 1527 1717 1565 loco
1744 1528 1780 1566 id
1807 1540 1882 1566 non
1909 1529 2045 1566 faenum
2075 1526 2145 1566 effe
2168 1554 2179 1571 ,
2216 1529 2346 1576 quovis
2370 1528 2446 1566 fere

1418 1578 1569 1625 pignore
1585 1589 1670 1616 curn
1691 1579 2212 1627 Rittershusso,contenderim.
2231 1580 2445 1618 Retinemus

1411 1640 1505 1676 ergo
1525 1629 1731 1677 speetamlm
1756 1656 1765 1672 ‚
1792 1630 1893 1679 quod
1914 1631 2020 1668 nostri
2038 1630 2113 1668 libri
2132 1641 2262 1667 omnes
2284 1641 2358 1666 uno
2380 1641 2444 1668 ore

1417 1687 1564 1716 tuentur
1578 1692 1656 1727 ‚ac
1678 1692 1807 1718 vereor
1825 1709 1835 1726 ,
1862 1693 1929 1723 ne.
1966 1681 1991 1718 fi
2013 1681 2078 1718 alia
2094 1680 2203 1718 leetio
2223 1688 2438 1729 cooptetur,

1417 1731 1538 1767 omnis
1576 1731 1625 1768 vis
1668 1732 1866 1770 verborum
1911 1739 2042 1780 pereat.
2078 1731 2288 1779 Inteliigitur
2325 1731 2441 1769 bonus

1414 1782 1599 1829 princeps,
1626 1792 1710 1819 cum
1734 1795 1865 1821 omnes
1893 1783 2107 1831 praeclaram
2129 1781 2174 1818 de
2207 1783 2282 1831 ejus
2304 1783 2442 1820 virtuti-

1416 1832 1482 1869 bus
1509 1832 1683 1870 habemns
1710 1835 1938 1882 opinionem.
1972 1834 2103 1871 Piinius
2133 1832 2212 1869 Lib.
2234 1832 2300 1868 VI.
2332 1831 2443 1881 Epist.

1414 1882 1575 1919 XXVII.
1602 1894 1638 1921 n.
1660 1895 1692 1920 2.
1722 1897 1788 1922 non
1807 1895 1993 1935 tamquam
2013 1884 2098 1922 liber
2119 1893 2160 1922 εν
2181 1883 2354 1933 constans,
2374 1883 2440 1933 sed

1415 1946 1600 1984 tamquam
1619 1934 1817 1984 intelligens
1833 1936 1997 1985 Principis
2010 1934 2111 1982 nestri
2125 1962 2133 1978 ,
2148 1933 2244 1981 cujas
2256 1933 2440 1978 videbam,

1412 1983 1505 2021 hanc
1524 1984 1585 2035 effe
1600 1986 1817 2035 praecipuam
1836 1987 1975 2025 laudem
2001 1994 2071 2024 cet.
2105 1985 2186 2023 Lib.
2207 1985 2311 2022 VIII.
2330 1985 2441 2034 Epist.

1413 2034 1554 2076 XXIII.
1579 2048 1615 2073 n.
1640 2050 1657 2085 ς
1699 2051 1798 2086 quem
1821 2037 1974 2086 legatam
2003 2035 2177 2074 Tribunus
2195 2035 2247 2073 ita
2271 2047 2312 2074 εἴ
2333 2036 2438 2074 intel-

1409 2086 1496 2124 lexit
1515 2113 1525 2126 .
1562 2098 1604 2126 &⁶
1633 2087 1711 2137 cepit
1733 2116 1741 2130 ,
1784 2100 1825 2127 ut
1861 2102 1903 2126 ex
1934 2088 2126 2125 Germania
2157 2089 2191 2124 in
2217 2087 2434 2124 pannoniam

1410 2138 1668 2184 transeuntem,
1696 2150 1763 2175 nott
1785 2150 1824 2177 ut
1847 2139 2029 2176 commilito
2051 2166 2064 2183 ‚
2093 2137 2157 2187 sed
2186 2147 2225 2174 ut
2245 2151 2349 2175 comes
2370 2139 2435 2174 ad-

1402 2186 1618 2238 [materque
1642 2189 1851 2238 sequeretur.
1887 2191 1946 2227 ubi
1983 2191 2047 2227 alia
2082 2189 2250 2237 adscripta
2279 2189 2439 2227 fuerunt.

1412 2237 1552 2276 Contra
1585 2239 1760 2288 spectatur
1790 2242 1907 2278 bonus
1938 2241 2101 2289 princeps
2123 2267 2132 2284 ,
2170 2250 2253 2278 cum
2287 2240 2429 2289 publico

1411 2288 1640 2327 documento
1660 2301 1828 2329 amorem
1848 2292 1950 2329 suum
1969 2292 2007 2328 in
2024 2291 2120 2328 ciVes
2138 2289 2435 2335 declarat‚i11um-

1412 2351 1484 2388 que
1505 2340 1702 2378 videndum
1725 2342 1880 2390 praebet.
1907 2343 2051 2382 Notum
2075 2342 2124 2380 est
2147 2341 2272 2380 Ovidii
2286 2341 2312 2379 1.
2326 2341 2362 2378 T
2363 2339 2430 2379 rist.

1411 2391 1511 2442 Eleg.
1532 2391 1581 2430 V.
1608 2404 1662 2435 vs.
1681 2393 1742 2432 28.

1460 2493 1588 2533 Scilicet
1607 2505 1648 2534 ut
1659 2494 1813 2543 salvum
1832 2497 2008 2547 speetatur
2029 2497 2066 2536 in
2084 2495 2219 2546 ignibus
2240 2506 2378 2530 aurum.

1412 2595 1644 2647 Ceteroquin
1663 2599 1784 2637 fateor
1802 2626 1814 2643 ‚
1850 2599 1941 2636 mire
1959 2599 1996 2636 in
2014 2595 2222 2635 hoccdieto
2241 2590 2428 2648 variare-'li-

1409 2647 1491 2686 bros
1513 2680 1524 2694 ,
1561 2650 1879 2697 quemadmodum
1915 2649 2029 2686 statim
2066 2645 2151 2683 Aldi
2173 2672 2183 2687 ‚
2220 2642 2392 2680 Schurern
2414 2669 2427 2685 ,

1412 2700 1655 2751 Gryphiizqus'
1671 2701 1832 2750 pusillum
1853 2698 2022 2747 intelligit.
2037 2695 2134 2734 'satis
2153 2693 2196 2738 est
2209 2720 2218 2736 ‚
2245 2704 2354 2741 quam
2371 2695 2379 2731 1
2386 2704 2427 2730 e·

1411 2751 1573 2790 &ionem
1594 2763 1659 2801 pro
1670 2754 1826 2789 variante
1842 2751 1947 2788 etiam
1960 2747 2173 2785 adnotarunt
2183 2743 2427 2789 Casaubonus,

1410 2803 1535 2841 Minos
1557 2805 1593 2840 δε
1608 2803 1844 2840 ssoxhor-mus.
1869 2798 2032 2845 Vulgati:
2047 2796 2165 2848 quibus
2181 2795 2279 2834 illum
2298 2797 2428 2838 intelli.

1407 2853 1913 2902 gifattsest.[.0›100mu
1936 2860 1966 2883 s.

1466 2915 1499 2950 3.
1526 2910 1588 2940 Me
1596 2901 1814 2952 securitatem
1833 2898 1985 2937 omnium
1996 2899 2199 2949 quietirneae
2210 2899 2425 2951 praetuliffe]

1413 2952 1498 2991 Idea
1520 2954 1610 2992 haec
1629 2952 1677 2989 est
1695 2952 1779 2988 boni
1799 2948 1963 2995 Principis
1985 2975 1995 2991 ‚
2032 2950 2094 2997 qui
2126 2951 2231 2987 unice
2251 2951 2311 2988 dat
2340 2961 2429 2999 ope..

1407 3014 1482 3040 ram
1503 3030 1513 3046 ,
1542 3012 1580 3040 ut
1597 3010 1834 3039 communem
1849 2998 2073 3036 securitatem
2095 3008 2202 3048 atque
2222 3002 2337 3039 otium
2359 3013 2426 3051 pu-

1407 3053 1541 3094 biicum
1561 3057 1728 3102 procuret
1749 3077 1760 3095 ,
1800 3049 1859 3088 vel
1878 3059 1962 3087 cum
1984 3050 2185 3089 diterimine
2204 3052 2242 3089 ὃς
2261 3052 2423 3100 ἀρχαίῳ.

2345 3104 2422 3142 sua:
