2616 3686
303 205 401 271 804

547 201 608 252 c,
672 165 1061 250 1³-L1N11
1131 156 1653 245 oAEcrmr?
1712 191 2239 250 s-ECUNDr

306 283 416 340 dem
440 289 608 355 capere
625 284 642 310 ¹
652 277 843 354 poffi’nt
864 280 902 332 ii
915 277 1033 353 ‚qui
1054 291 1150 330 non
1168 277 1386 330 minores
1408 281 1426 305 ²
1447 274 1664 330 duorum
1688 273 1761 337 ’όν
1785 279 1980 351 vzginti
1995 296 2245 341 annorum
2271 274 2453 354 offeni}

313 357 380 420 ό·
401 363 418 394 ³
442 358 530 431 qui
549 352 864 431 accepiffimt,
901 357 954 408 in
957 353 1197 426 senatum
1217 353 1457 426 cujusque
1479 363 1510 391 4·
1526 353 1759 406 civitatis
1787 357 2128 426 per-venirent}
2204 358 2441 412 Ceterum

309 453 407 490 non
428 443 567 508 capto
591 431 894 505 magistratu
909 467 924 494 ,
949 445 1024 484 eos
1045 429 1134 501 ‘qm'
1154 429 1373 480 minores
1394 422 1570 482 XXX.
1591 444 1837 482 annorum
1841 427 1951 498 fint
1967 467 1982 493 ,
2001 436 2016 467 ⁵
2031 433 2163 504 quia
2177 432 2456 506 magistra-

313 522 424 567 mm
451 523 618 583 capere
638 506 842 581 poffint,
879 510 932 560 z‘n
958 518 1153 558 curtam
1174 504 1325 556 etiam
1346 500 1699 578 loci.cujusque
1720 521 1822 558 non⁴
1844 503 2064 575 existimo
2091 505 2188 580 legi
2203 507 2347 582 poffe.

489 652 798 713 LXXXV.
874 651 1173 710 LXXXII.
1247 653 1689 710 Permus
1766 632 2287 723 TRAJANO.
2362 646 2363 649 ¹

521 781 608 838 De
641 779 848 841 Dione,
891 780 985 852 qui
1009 779 1256 853 reliquias
1285 756 1505 834 suorum
1532 778 1783 852 religioso
1807 779 1934 834 loco
1962 780 2248 852 posuisset..

420 905 640 984 Trojano
663 908 828 964 mittit
851 904 1036 959 Dionis
1064 903 1119 962 &3
1142 903 1631 981 Eumolpifitppltces
1651 903 1861 970 libellos,
1898 911 2328 981 prommciaturus

944 980 1186 1056 quicquid
1213 984 1485 1055 imperator
1506 978 1835 1055 refer-ipsamet„

378 1164 381 1165 ⁷
435 1137 568 1191 'UM
607 1136 626 1164 ‘
656 1131 853 1189 Prusae
875 1132 942 1188 ad
974 1132 1303 1208 Olympum,
1343 1132 1586 1189 Domine
1611 1172 1626 1198 ‚
1663 1131 1890 1205 publicis
1917 1133 2155 1205 negociis
2183 1136 2320 1192 intra
2348 1138 2448 1195 ho-

458 1211 695 1284 spitium,
735 1208 936 1264 eodem
967 1209 1055 1264 die
1081 1210 1322 1264 exiturus
1347 1227 1594 1264 vacarem
1625 1248 1640 1273 ,
1680 1214 1697 1245 ⁷
1734 1207 2078 1280 Asclepiades
2117 1212 2462 1283 magistratus*

308 1286 564 1344 indicavit
595 1325 621 1352 ,ff
666 1284 990 1359 appellatum
1020 1301 1107 1340 me
1151 1302 1193 1338 a.
1217 1287 1233 1314 ⁸
1271 1283 1506 1341 Claudio
1535 1282 1811 1356 Eumolpo
1842 1301 1852 1337 :
1908 1300 2036 1338 cum
2058 1293 2075 1318 ⁹
2108 1287 2447 1359 Coccejanus

2292 1363 2443 1421 Dion

353 1459 385 1488 1.
412 1450 542 1500 Poſjent
568 1449 630 1500 ii.]
657 1445 763 1486 Voff.
789 1448 828 1485 &
855 1446 910 1493 Jo.
937 1444 983 1484 de
1010 1444 1328 1497 Tridin0:poffint
1409 1442 1568 1483 barbaris
1591 1457 1674 1483 vero
1695 1456 1792 1482 omne
1798 1441 1957 1493 spacium
1982 1442 2149 1483 circulare
2170 1444 2336 1484 ultimum
2346 1446 2446 1496 lym-

303 1498 369 1544 hi,
408 1509 447 1538 ut
476 1501 589 1540 solent
611 1500 737 1539 librarii
761 1527 771 1544 ,
810 1498 855 1536 de
878 1508 956 1547 quo
977 1496 1022 1535 ad
1042 1497 1324 1546 praecedentem

301 1550 486 1599 epistolam
506 1551 673 1591 diximus.
709 1551 895 1588 Praeterea
913 1549 1159 1587 recentiorum
1180 1548 1327 1598 quidam

300 1612 378 1640 non
393 1601 545 1652 poffent,
571 1602 631 1641 sed
651 1600 788 1651 poffim,
815 1599 890 1638 sine
906 1607 1074 1638 veterum
1095 1599 1275 1648 suffragio.

352 1664 387 1691 2.
413 1653 586 1691 Duorum
609 1652 796 1702 &viginti
814 1654 1026 1700 annorum]
1064 1649 1169 1690 Voff.
1188 1651 1264 1688 duo
1282 1661 1324 1690 e9⁴

298 1703 425 1751 viginti
443 1717 637 1749 annorum,
656 1715 769 1753 quem
789 1710 913 1740 tamen
933 1702 1051 1747 nulla,
1079 1700 1103 1740 fi
1124 1702 1324 1751 principem

296 1754 498 1795 editionem
517 1756 670 1804 excipias
683 1783 693 1798 ‚
720 1754 842 1792 secuta.
858 1753 918 1791 est.

353 1817 386 1855 3.
413 1806 487 1854 Qi
519 1804 776 1855 accepiffent.]
812 1804 921 1842 Forte
948 1802 1144 1852 legendum
1167 1804 1324 1854 cepiffe'nt.

297 1856 398 1897 Nam
419 1865 531 1904 capue
551 1857 794 1907 magistratum
815 1854 965 1893 dicimus
982 1868 990 1892 ε
1015 1856 1052 1892 &
1072 1853 1119 1891 sic
1135 1855 1324 1903 aliquoties

295 1917 382 1945 curn
401 1908 437 1946 in
457 1908 526 1945 hac
551 1909 622 1956 ipsa
644 1935 654 1951 ‚
697 1915 777 1944 tum
807 1907 844 1944 in
880 1905 1120 1955 praecedente
1155 1906 1322 1954 epistola;

294 1958 440 2009 accipere
468 1970 546 1996 non
575 1960 677 1997 item.
703 1958 761 1995 Rs
779 1969 874 1994 TTF.
894 1969 917 1994 R
931 1971 946 1993 s
961 1969 1020 1993 nu
1036 1970 1063 1993 s.
1091 1955 1149 2003 Jo.
1172 1956 1217 1995 de
1238 1957 1324 1994 Tri·

295 2008 384 2048 dino
400 2011 435 2049 in
455 2009 546 2047 libro
568 2009 633 2047 suo
656 2008 820 2046 exhibet:
849 2008 930 2058 quia
950 2006 1130 2056 coepissent.

347 2073 385 2107 4.
409 2060 615 2111 Civitatis]
645 2058 794 2097 Deinde
814 2060 912 2096 enim
933 2059 1068 2102 scribit,
1096 2056 1224 2095 eadem
1246 2059 1326 2105 lege

295 2120 442 2150 cautum
455 2111 557 2149 fuisse
569 2139 579 2156 ,
591 2123 638 2148 ne
656 2110 736 2159 quis
750 2110 884 2146 alicnus
904 2110 988 2146 civis
1008 2107 1261 2147 adscriberetur
1274 2109 1323 2144 al-

293 2163 402 2202 terius
421 2162 569 2201 civitatis
584 2162 712 2200 curiae.
740 2160 773 2197 C
789 2171 809 2196 A
823 2172 841 2196 τ
860 2172 880 2195 A
896 2171 932 2196 n.

350 2228 385 2263 ς.
412 2214 518 2267 Qia
539 2213 784 2263 magistratum
811 2218 921 2259 capere
940 2211 1103 2268 ,tos-sinu]-
1139 2207 1252 2257 Quafi
1272 2207 1328 2245 di-

294 2273 351 2302 cat
388 2264 461 2302 hoc
492 2263 609 2302 solum
640 2276 718 2301 non
736 2262 783 2300 est
805 2261 881 2303 satis
900 2269 1105 2310 argumenti
1128 2288 1138 2303 ‚
1167 2259 1322 2310 potuisse

294 2327 424 2365 capere
444 2314 691 2364 Magistratum
708 2343 717 2359 ,
736 2312 809 2350 five
828 2323 996 2361 capacem
1022 2312 1099 2360 ejus
1118 2310 1318 2355 fuisse,nifi

297 2369 336 2407 &
355 2379 394 2406 re
414 2367 485 2416 ipsa
507 2366 642 2415 ceperit
662 2366 756 2416 quis:
787 2362 850 2401 nisi
870 2363 1033 2412 potentia
1053 2363 1112 2400 seu
1131 2362 1230 2400 aecus
1252 2362 1323 2408 pri«

295 2430 378 2456 mus
388 2419 431 2456 *in
451 2417 573 2455 astum
594 2417 793 2455 secundum
816 2414 923 2452 fuerit
942 2412 1155 2463 perduCtus,
1183 2421 1220 2450 ut
1239 2412 1322 2451 Phi-

293 2469 434 2518 losophi
449 2469 650 2517 loquuntur
692 2469 724 2506 R
739 2480 750 2504 1
767 2479 790 2504 T
806 2479 829 2503 τ
846 2478 864 2502 E
876 2479 901 2504 R
917 2479 933 2502 s
948 2478 969 2502 Η
986 2477 1009 2502 u
1021 2476 1047 2502 s.

350 2522 384 2558 6.
411 2520 577 2571 Prusae]
605 2522 715 2568 Quae
734 2516 778 2555 ad
793 2517 1117 2566 Olympnmjacet.
1141 2516 1200 2554 hic
1212 2525 1319 2552 mons

295 2570 440 2621 Mysiae
458 2584 466 2609 :
506 2571 692 2620 Bithynica
710 2571 742 2608 ei
760 2568 938 2616 subjacent
957 2566 1155 2605 secundum
1177 2566 1319 2604 Strabo-

294 2634 382 2661 nem
404 2651 414 2667 ,
457 2633 539 2672 quo
572 2621 721 2659 aufiore
752 2619 860 2657 colles
879 2620 1044 2668 quaterni
1063 2618 1142 2656 sunt
1163 2616 1321 2665 Olympi

294 2675 449 2712 nomine
469 2674 601 2721 vulgati
618 2701 628 2718 ,
653 2672 737 2709 liae
755 2671 881 2709 scilicet
898 2669 943 2707 ad
963 2668 1139 2706 Antandri
1162 2669 1318 2716 plagam,

296 2726 335 2763 &
359 2724 492 2777 Myfiae
513 2724 680 2774 Olympus
702 2751 712 2768 ,
740 2733 838 2760 nunc
858 2732 876 2758 a
899 2720 1068 2758 Secundo
1092 2718 1293 2768 designatus
1308 2746 1318 2762 ,

290 2777 393 2823 Juxta
405 2788 516 2826 quern
531 2803 542 2820 ‚
573 2774 772 2812 Ptolemaei
789 2771 998 2811 testimonio
1012 2799 1021 2815 ‚
1037 2771 1146 2821 Prusa
1173 2769 1319 2807 condita

296 2827 365 2870 est,
395 2829 432 2864 ὃς
453 2839 546 2877 quae
569 2826 613 2864 X.
634 2826 729 2874 apud
751 2823 963 2861 Strabonem
990 2830 1186 2860 narrantur.
1222 2821 1319 2859 Mel-

293 2875 324 2911 12
346 2902 356 2917 ‚
393 2879 480 2914 item
505 2877 705 2926 Stephanus
730 2904 740 2920 ,
769 2888 813 2913 ex
834 2873 1045 2912 autumnate
1067 2873 1240 2915 Arriani,
1270 2876 1320 2907 O·-

296 2925 403 2973 lympi
418 2925 546 2973 Myfiae
567 2928 782 2965 meminere.
808 2925 1020 2973 Xenophon
1037 2926 1072 2962 in
1095 2923 1321 2973 aequivocis,

298 2974 463 3024 Olympus
477 3003 487 3018 ‚
509 2978 646 3024 inquit,
671 2977 775 3026 plura
790 2975 959 3025 fignificat
972 2988 1080 3012 :nam
1099 2976 1204 3012 omm's
1224 2987 1321 3010 mons

297 3026 403 3064 altior
419 3025 591 3074 cujuslibet
608 3029 747 3075 regionis
774 3028 943 3075 olympus
965 3039 987 3061 a
1009 3027 1146 3062 Graecis
1165 3025 1320 3067 dicitur,

294 3077 386 3119 unde
406 3089 448 3121 Φ·
468 3077 577 3131 plures
596 3078 748 3125 Olympi
769 3077 851 3115 dieta·
872 3104 883 3122 ,
899 3075 1013 3130 'quasi
1031 3076 1095 3114 toti
1116 3074 1282 3123 lympidi.-
1296 3084 1319 3108 a

1393 2622 1469 2663 pus.

1410 1505 1475 1543 pus
1496 1496 1608 1534 dicius
1628 1494 1672 1539 est
1694 1522 1704 1539 ,
1734 1505 1778 1534 ω’
1799 1507 1876 1530 cum
1899 1493 2054 1533 interiori
2076 1509 2158 1534 area
2180 1497 2388 1546 Olympus,
2414 1511 2439 1536 a

1408 1559 1472 1596 quo
1509 1545 1730 1589 astrolabium
1770 1545 1974 1593 Olympus„
2003 1557 2045 1585 ω’
2069 1548 2211 1596 sacrum
2245 1550 2439 1597 pomerium

1407 1598 1593 1646 Olympus
1613 1597 1667 1647 est.
1693 1604 1729 1634 at
1751 1595 1892 1633 Theon
1915 1594 2017 1636 Arati
2034 1598 2229 1646 interpres,
2250 1599 2438 1648 Olympus

1400 1656 1462 1697 pro
1483 1648 1567 1686 coelo
1586 1649 1697 1686 dicius
1717 1647 1788 1684 ἀπὶ
1809 1648 1854 1684 ⁷2}
1877 1647 1953 1686 ἕλος
1977 1675 1987 1692 ,
2023 1647 2063 1685 id
2085 1649 2134 1686 est
2155 1660 2175 1685 a
2202 1649 2316 1687 verbo
2339 1661 2431 1689 totus

1404 1697 1574 1747 aspirato,
1604 1701 1641 1737 &
1658 1698 1807 1742 λαμπάς
1827 1696 1979 1742 lucidus,
2009 1709 2079 1746 qua
2100 1700 2239 1737 ratione
2256 1701 2293 1738 in
2318 1702 2433 1749 prima

1405 1750 1542 1798 aspirari
1561 1749 1730 1794 deberet,
1757 1747 1856 1798 quasi
1877 1745 2087 1799 hotolampus
2101 1777 2115 1795 ‚
2138 1751 2174 1789 id
2198 1751 2246 1789 est
2264 1758 2362 1789 totus
2379 1752 2434 1790 lu:

1405 1801 1515 1840 cidus.
1543 1801 1575 1838 C
1591 1813 1611 1837 Λ
1627 1812 1734 1838 Tan.
1772 1797 1932 1836 Condita
1962 1799 2028 1838 fuit
2057 1800 2148 1839 haec
2169 1803 2279 1852 Prusa
2299 1813 2320 1840 a
2342 1803 2434 1841 Pru·

1405 1852 1452 1890 fia
1477 1878 1490 1898 5
1524 1851 1586 1901 qui
1605 1863 1689 1890 cum
1717 1850 1855 1888 Croeso
1877 1848 2011 1888 bellum
2032 1852 2134 1898 geffit
2157 1880 2168 1898 ,
2206 1860 2247 1890 ut
2266 1852 2359 1891 testis
2379 1854 2432 1893 est

1405 1902 1530 1940 Strabo
1552 1902 1632 1940 Lib.
1650 1901 1735 1941 XlI.
1763 1911 1844 1949 pag.
1867 1899 1954 1948 845.
1984 1901 2157 1940 Meminit
2185 1903 2294 1941 etiam
2325 1904 2432 1955 hujus

1405 1953 1498 1991 urbis
1518 1953 1664 1991 Nicetas
1681 1955 1720 1992 in
1739 1951 1901 1989 Balduin.
1939 1963 2016 1999 cap.
2041 1953 2087 1990 ΙΙ.
2122 1954 2250 2002 anue
2271 1955 2388 2002 probe
2409 1967 2432 1995 a

1406 2005 1519 2054 Prusa
1546 2003 1590 2041 ad
1614 2004 1785 2052 Hypium
1821 2002 1859 2038 &
1889 2003 2053 2056 Prusiade
2079 2002 2326 2052 distinguenda
2355 2006 2431 2054 est,

1405 2062 1583 2093 monente
1604 2055 1758 2092 Cellario
1778 2051 1897 2091 Notit.
1918 2054 2009 2092 Orb.
2037 2054 2128 2093 Ant.
2156 2056 2238 2094 Lib.
2259 2055 2327 2095 111.
2354 2069 2432 2108 cap.

1404 2105 1510 2143 VllI.
1536 2117 1571 2142 n.
1593 2105 1629 2144 6.
1656 2107 1693 2142 &
1718 2115 1777 2151 31-

1458 2166 1492 2202 7.
1522 2155 1774 2205 Asclepiades.]
1811 2154 2036 2203 Magistratus
2057 2155 2120 2205 qui
2141 2156 2367 2205 publicorum
2389 2163 2434 2208 o}

1405 2218 1534 2254 perum
1551 2208 1608 2255 jus
1628 2206 1788 2244 habebat.
1817 2206 1850 2242 C
1865 2219 1885 2243 Α
1902 2219 1925 2244 T
1941 2220 1961 2243 e.
1977 2220 2013 2245 N.

1458 2257 1493 2295 8.
1520 2257 1668 2295 Claudio
1689 2257 1853 2307 Eumolpo
1878 2257 1893 2307 ]
1924 2257 2135 2296 Advocato,
2154 2259 2242 2297 Fuit·
2253 2260 2338 2299 alius
2356 2262 2434 2299 Emi

1404 2309 1536 2358 molpus
1552 2307 1640 2346 filius
1661 2308 1802 2356 Orphei
1824 2335 1834 2352 ,
1872 2315 1957 2346 ante
1977 2309 2191 2347 Homerum
2213 2318 2321 2359 poeta
2339 2339 2351 2356 ,
2384 2311 2426 2349 δε

1402 2359 1501 2407 lyrae
1522 2358 1748 2397 citharoedus
1772 2386 1782 2403 ,
1818 2357 1917 2397 unde
1946 2371 2089 2398 nomen
2107 2360 2246 2399 traxiffe
2264 2361 2425 2405 videtur,

1402 2411 1459 2448 cui
1491 2411 1732 2448 initiationem
1772 2409 2030 2458 mysteriorum
2066 2411 2253 2450 Eleusinae
2289 2410 2426 2449 Cereris

1400 2460 1577 2507 adscripsit
1600 2460 1722 2500 Suidas
1739 2488 1749 2505 ,
1764 2459 1894 2498 Plinius
1915 2462 2023 2500 etiam
2050 2462 2178 2500 virium
2198 2465 2235 2500 &
2255 2460 2422 2498 arborum

1400 2512 1565 2549 culturas.
1593 2511 1680 2550 1013
1696 2525 1737 2550 M.
1772 2509 1940 2560 Princeps
1977 2513 2087 2552 editio
2120 2524 2204 2550 cum
2223 2508 2324 2548 Voss.
2343 2510 2424 2548 MS.

1401 2562 1589 2613 Euamolpo
1609 2590 1620 2607 ,
1648 2560 1968 2612 quemadmodum
1991 2564 2113 2611 postea
2132 2563 2239 2598 etiam
2260 2560 2429 2597 Euamol·

1452 2677 1487 2713 9.
1515 2666 1722 2714 Cocccjanus
1742 2664 1874 2711 Dim]
1914 2661 2042 2700 Graeci
2064 2659 2246 2715 scriptores
2265 2662 2424 2709 Coccejau

1402 2729 1488 2753 num
1509 2717 1655 2754 Dionem
1670 2714 1862 2753 Nicensem
1884 2713 2187 2751 scribunt:Dmnts
2208 2709 2423 2760 philosophi,

1401 2768 1460 2805 ubi
1483 2766 1663 2816 quaedam
1685 2765 1731 2803 de
1753 2762 1970 2812 Vespasiano
1991 2758 2139 2803 traCtat,
2165 2761 2331 2799 meminit
2345 2764 2427 2802 Phi-

1400 2818 1584 2855 lostratus:
1615 2817 1676 2864 qui
1693 2816 1774 2853 alibi
1794 2814 1904 2852 scribit
1927 2838 1936 2855 ,
1965 2810 2110 2847 Dionem
2131 2819 2314 2848 oratorem
2335 2812 2425 2851 Pru-

1399 2868 1536 2906 sensem
1556 2896 1566 2912 ,
1605 2869 1720 2904 virum
1747 2864 1850 2902 omni
1885 2860 1988 2898 laude
2027 2859 2225 2907 praedirum
2265 2862 2375 2909 (nam
2403 2877 2425 2903 a

1399 2918 1612 2968 quibusdam
1631 2915 1872 2961 cornucopiae
1909 2912 1947 2946 &
1977 2910 2255 2967 Chrysostomus
2285 2924 2429 2963 cogno.

1400 2969 1626 3015 minabatur)
1655 2963 1804 3004 extitiffe
1837 2961 2060 3008 temporibus
2083 2962 2271 3007 Apollonii
2295 2965 2330 3002 ὃ(
2351 2965 2428 3005 Ειι-

1399 3019 1551 3066 phratis,
1578 3028 1619 3054 ac
1637 3017 1762 3052 Roma
1779 3011 1914 3060 pulsum
1931 3039 1940 3053 ,
1961 3013 2044 3059 quia
2064 3013 2322 3062 philosophiam
2342 3027 2428 3064 pro·-

1400 3068 1558 3107 fiteretur
1578 3095 1590 3113 ,
1639 3074 1799 3113 eumque
1839 3062 2042 3112 TraJ'anum
2091 3064 2350 3115 imperatorem
2389 3070 2427 3107 in

2285 3126 2445 3158 currum...
