2616 3686
543 169 1880 237 LI‘BER21X.EPIST0LA.1V.

2218 208 2322 269 ⁶35

197 260 256 328 2&
277 265 392 326 illos
415 260 675 338 §quidem
699 259 1067 326 contendere,
1106 261 1268 315 eniti:
1311 259 1410 315 hos
1436 261 1716 334 quiescere
1744 301 1761 327 ‚
1802 267 2032 337 remitti,
2067 286 2168 327 nec
2200 274 2321 333 bre-

196 359 321 402 vem
343 341 506 397 vitam
525 345 543 370 ²
568 338 782 394 caducis
806 335 1077 392 laboribus
1098 335 1348 407 fatigare:
1392 350 1452 390 ut
1477 333 1640 392 video
1664 340 1864 394 multos
1880 383 1893 402 ,
1940 345 2122 398 misera
2143 347 2315 415 fimul,

195 419 250 474 &
268 424 286 453 ³
306 419 510 488 ingrata
529 416 758 487 imagine
793 411 1104 473 industriae,
1133 411 1201 466 ad
1225 415 1245 445 ⁴
1267 412 1527 466 vilitatem
1551 410 1627 464 sUi
1654 417 1951 483 PesVenife·
2028 415 2187 473 Haec
2211 434 2352 494 ‘³803

192 505 410 555 tecum,
452 508 588 563 quae
613 487 862 563 quotidie
887 501 1104 541 mecum
1127 525 1143 550 ‚
1182 498 1242 540 ut
1267 483 1501 540 definam
1531 498 1751 541 mecum
1779 517 1794 551 3
1837 494 1852 521 ⁵
1877 488 1912 541 fi
1937 488 2206 548 diffenties
2231 511 2312 551 tu:

192 582 498 642 quanquam
520 583 630 620 non
655 564 951 619 diffenties,
973 576 1032 616 ut
1056 563 1150 634 qui
1174 562 1380 633 semper
1405 563 1436 637 {v
1455 563 1660 617 clarum
1686 562 1887 635 aliquid
1902 602 1918 628 ,
1937 564 1990 618 δε
2015 567 2316 626 immortale

188 650 207 716 ζ
228 642 515 699 meditaris
556 641 696 700 Vale.

382 785 488 844 1V.
562 786 628 843 C.
704 786 1145 842 PL1N1us
1222 782 1719 843 Mncnluo
1795 787 1971 845 Suo
2047 787 2156 843 S..

187 935 420 1012 Excusat
439 938 709 993 orationem
707 934 861 1006 snam
870 972 887 999 ,
907 943 1084 998 contra
1100 932 1372 988 Caecilium
1386 932 1648 1004 Claffi'cum
1665 974 1682 1000 ‚
1699 945 1943 1010 tanquam
1956 939 2007 989 in
2022 939 2312 1014 universum

337 1012 564 1088 longam,
599 1016 651 1066 in
667 1010 904 1086 partibus
926 1011 1159 1064 brevem.-
1198 1015 1274 1063 ita
1299 1021 1359 1062 ut
1384 1008 1566 1083 legenti
1585 1013 1808 1064 taedium
1830 1030 1924 1067 non
1944 1011 2150 1081 afferat.

157 1169 163 1179 '
210 1161 212 1164 ’
320 1161 519 1220 Ererer
548 1200 564 1225 ‚
613 1178 682 1215 ne
714 1161 1067 1217 immodicam
1105 1159 1410 1216 orationem
1433 1155 1669 1234 putareS,
1717 1177 1878 1233 quam
1906 1179 2032 1216 eum
2056 1164 2155 1218 hac
2202 1167 2312 1237 epi..

181 1164 445 1308 Vstola
483 1237 781 1313 {accipie3,
847 1234 942 1290 nisi
976 1234 1100 1290 effet
1137 1237 1343 1307 generis
1380 1237 1535 1307 ejuS,
1573 1248 1633 1290 ut
1657 1235 1810 1308 saepe
1831 1237 2069 1308 incipere
2094 1276 2109 1301 ,
2152 1239 2305 1311 saepe

227 1436 267 1476 ⁷1.
291 1437 446 1485 Qidem
465 1435 685 1480 contendere,
711 1435 817 1473 eniti.-
845 1433 941 1484 cra]
967 1433 1024 1472 Sic
1047 1434 1124 1473 fere
1142 1435 1207 1474 Pa-

2074 1312 2316 1370 definere

1275 1432 1368 1472 Edd.
1394 1433 1498 1472 Vett.
1535 1435 1586 1471 ad
1605 1434 1796 1473 utilitatem
1817 1462 1828 1479 ,
1855 1436 2023 1483 proxime
2044 1448 2146 1476 vero.
2181 1439 2215 1476 G
2231 1450 2311 1475 Ru-

179 1485 329 1531 latinus,
354 1486 401 1524 fic
421 1487 552 1524 Aldina
575 1486 695 1523 Editio
708 1513 720 1529 ‚
745 1486 910 1532 vulgatae
930 1485 1048 1529 enim,
1070 1497 1112 1525 ω’
1133 1486 1207 1523 illos
1278 1498 1298 1521 τ
1311 1497 1384 1522 niz.
1409 1484 1529 1522 Etiam
1549 1486 1658 1523 nostri
1676 1485 1890 1523 recentiores
1918 1486 2023 1523 MSS.
2050 1489 2100 1525 ad
2119 1487 2309 1527 utilitatem

180 1539 319 1588 quidem
336 1537 531 1574 contendere
553 1563 564 1581 ,
592 1536 631 1572 δε
652 1546 730 1580 non
748 1534 880 1573 remitti
903 1561 914 1578 ,
942 1542 1023 1572 tum
1041 1534 1099 1572 hos
1117 1537 1206 1585 quie-

170 1588 263 1636 scere
281 1616 292 1633 ‚
321 1601 377 1626 nec
397 1587 545 1625 brevem
559 1614 570 1632 ,
593 1596 664 1625 σε.
702 1585 737 1623 G
750 1599 773 1622 n
788 1598 812 1623 υ
826 1598 848 1622 τ
860 1596 882 1621 Ε
895 1598 933 1621 R.
988 1586 1040 1622 Ut
1067 1585 1205 1632 editur,

177 1639 227 1676 ita
253 1639 443 1677 Mediceus
465 1665 476 1683 ,
504 1639 541 1676 δί
562 1648 616 1674 res
634 1635 703 1685 ipsa
725 1635 824 1673 istam
841 1634 1037 1673 ledionem
1062 1637 1204 1676 abunde

177 1688 383 1727 confirmat.
409 1688 564 1726 Helmst.
600 1688 637 1725 δι
669 1685 782 1725 Arnz.
819 1685 970 1724 verbum
990 1686 1074 1724 eniti
1093 1690 1203 1727 omit-

178 1744 281 1785 tunt,
308 1740 347 1777 ὅτ
366 1738 499 1778 deinde
520 1751 586 1776 non
608 1737 738 1774 remitti
752 1735 915 1775 scribunt.
940 1745 1118 1785 corrupte.

226 1799 264 1826 2.
291 1788 478 1840 Caducis.]
508 1791 631 1827 Morte
642 1787 838 1826 interituris.
863 1785 1018 1835 Respicit
1032 1788 1205 1838 illos,qui

179 1840 344 1878 avaritiae
362 1840 462 1878 causa
491 1847 547 1878 tot
574 1839 735 1888 periculis
758 1837 987 1875 &laboribus
1006 1838 1119 1876 vitam
1141 1851 1208 1878 ex-

177 1897 342 1938 ponunt,
367 1890 508 1928 &ideo
525 1889 682 1928 industrii
702 1888 821 1927 haberi
838 1889 977 1926 volunt.
1003 1888 1035 1925 C
1052 1902 1071 1925 A
1086 1902 1110 1927 τ
1126 1903 1146 1926 Α
1162 1903 1203 1928 Ν.

231 1951 268 1989 3.
294 1945 441 1989 Ingrata
463 1940 608 1990 imagine
627 1940 847 1986 industriae]
884 1940 1067 1977 Memoria
1089 1941 1127 1977 ὅς
1149 1951 1205 1979 re-

174 1989 396 2028 cordatione.
450 1991 560 2040 Supra
600 1991 678 2029 Lib.
698 1990 784 2028 VII.
821 1989 928 2038 Epist.
944 1990 994 2028 V.
1032 1992 1114 2028 Inde
1136 1990 1199 2038 est,

175 2041 266 2090 quod
289 2053 454 2090 magnam
473 2049 611 2091 partem
631 2040 778 2078 noctium
796 2041 833 2078 in
854 2041 1010 2088 imagine
1030 2052 1093 2078 tua
1115 2043 1201 2091 vigil

172 2091 277 2139 exigo.
304 2091 333 2128 B
346 2102 437 2129 uel-1
452 2104 474 2129 Ν
490 2104 511 2129 E
525 2106 562 2131 u.
607 2093 735 2142 Misera
755 2101 797 2131 Θ·
819 2091 958 2140 ingrata
978 2091 1126 2141 imagine
1144 2094 1198 2130 in-

173 2140 365 2190 dustriae.]
392 2141 434 2180 Id
453 2141 501 2179 est
515 2170 526 2186 ,
553 2142 659 2181 stultis
676 2143 970 2190 occupationibus
984 2154 1099 2186 ,vana
1121 2144 1198 2192 spe-

174 2191 229 2229 cie
250 2191 448 2240 diligentiae
470 2220 480 2236 ‚
513 2192 683 2238 jactando
712 2192 783 2229 sese
811 2193 849 2229 &
879 2194 916 2230 in
943 2203 1080 2230 vanum
1100 2194 1200 2231 labo-

172 2241 288 2279 rando
305 2243 379 2280 hoc
395 2240 530 2291 affequi
554 2270 565 2285 ‚
593 2250 632 2279 ut
649 2243 803 2280 leviores
823 2242 861 2278 &
878 2243 1019 2291 pejores
1043 2244 1199 2282 habean-

173 2297 259 2336 tur,
297 2304 407 2342 quam
436 2291 462 2329 fi
493 2291 717 2340 quievissent.
766 2293 958 2340 Perperam
983 2293 1202 2335 Buchnerus.
1231 2311 1235 2362 l

173 2342 210 2379 G
224 2355 248 2379 n
264 2353 288 2380 o
304 2355 328 2380 u
342 2354 412 2380 ov.
438 2343 626 2391 Imaginem
644 2342 827 2391 industriae
847 2350 956 2380 vocat
975 2343 1127 2392 speciem
1148 2347 1202 2385 in·
1232 2366 1235 2391 ς

173 2391 321 2432 dustriae
334 2420 346 2439 ,
372 2400 412 2430 ut
433 2393 604 2432 Manilius
630 2393 710 2431 Lib.
732 2392 781 2429 V.
808 2403 858 2430 vs.
879 2404 966 2441 451.

221 2491 292 2501 -—-
318 2470 357 2507 id
378 2471 494 2509 credat
513 2470 719 2520 stupefafflus
741 2471 899 2519 imagine
916 2471 1015 2520 juris.

173 2544 323 2584 Tacitus
342 2544 410 2583 111.
438 2547 537 2583 Ann.
564 2555 644 2593 cap.
663 2544 790 2584 XVII.
833 2546 985 2584 Biduum
996 2548 1098 2597 super
1117 2549 1200 2587 haec

171 2595 329 2646 imagine
376 2596 592 2643 cognitionis
629 2596 838 2645 absumtum.
874 2597 975 2635 Idem
1007 2599 1074 2635 lV.
1110 2599 1202 2638 Hist.

173 2657 250 2695 cap.
274 2646 484 2685 LXXXVI.
520 2646 753 2695 simplicitatis
781 2659 820 2682 ac
848 2648 1022 2698 modestiae
1043 2650 1198 2697 imagine

174 2695 213 2733 in
234 2696 457 2736 altitudinem
496 2697 660 2734 conditus.
715 2699 840 2745 Atque
867 2699 894 2736 is
917 2700 961 2736 ita
988 2699 1194 2744 saepissime.

175 2745 282 2786 Adde
302 2746 494 2786 Heinfium
513 2747 559 2785 ad
580 2747 711 2795 Vellej.
740 2747 820 2785 Lib.
841 2748 886 2786 ΙΙ.
911 2760 986 2797 cap.
1008 2751 1124 2788 XXX.

225 2809 261 2841 4.
288 2798 584 2849 Mortalitatem]
624 2798 824 2837 Silentium.
878 2799 958 2837 Nec
995 2801 1124 2848 ignoro
1161 2800 1198 2837 in

178 2845 367 2886 Pontificio
387 2849 512 2887 codice
533 2849 700 2897 scriptum
725 2847 829 2887 fuiti'e
851 2850 1025 2887 vilitatem
1053 2880 1062 2894 ‚
1091 2851 1127 2890 id
1149 2852 1196 2888 est

181 2903 430 2946 contemptum
453 2913 461 2937 :
497 2911 582 2937 cum
604 2900 682 2938 vilia
703 2911 780 2938 non
799 2899 865 2937 lint
885 2903 922 2938 in
947 2903 1075 2949 precio.
1116 2902 1145 2937 C
1163 2916 1201 2937 Α-

182 2956 293 2985 τΑΝ.
318 2949 382 2984 Ad
402 2950 575 2989 vilitatem
591 2950 684 3000 sai]
716 2951 767 2988 Ita
792 2951 886 2989 redte
904 2953 1031 2990 iterum
1057 2952 1200 2993 Aldina.

181 2995 269 3032 item
297 2996 500 3037 Pontificiae
532 3002 764 3040 membranae
789 3030 799 3045 ‚
836 3013 922 3051 quas
952 3002 1068 3040 laudat
1088 3004 1201 3041 Cata·

1266 1535 1349 1584 sui,
1378 1535 1492 1572 nullus
1514 1536 1765 1573 mortalitatem
1790 1563 1801 1580 ,
1840 1535 1942 1585 quod
1968 1537 2072 1585 plane
2105 1539 2306 1579 absurdum.

1277 1585 1451 1634 Optimus
1472 1586 1650 1625 vilitatem
1674 1614 1685 1630 ‚
1712 1586 1822 1635 idque
1841 1595 1882 1624 ut
1908 1587 2131 1626 verissimum
2155 1589 2228 1634 est,
2253 1591 2303 1628 ita

1275 1648 1351 1674 non
1369 1635 1446 1674 satis
1468 1637 1612 1685 capiunt
1634 1638 1854 1685 interpretes,
1884 1637 2007 1674 Vilitas
2017 1637 2076 1687 sui
2095 1641 2165 1683 est,
2187 1651 2303 1690 quan-

1274 1686 1324 1726 do
1343 1688 1511 1726 homines
1533 1697 1600 1724 nec
1621 1687 1655 1724 se
1670 1714 1681 1731 ,
1707 1698 1775 1724 nec
1796 1687 1905 1724 vitam
1925 1687 2025 1724 suam
2049 1715 2059 1732 ,
2087 1698 2128 1728 ut
2145 1702 2306 1740 aequum

1270 1743 1345 1775 erat
1376 1764 1387 1780 ,
1424 1736 1802 1786 aestimant‚lucisque
1821 1737 1969 1785 pertaesi
1990 1740 2192 1778 commoda
2213 1743 2306 1780 vitae

1270 1799 1340 1827 nec
1368 1787 1523 1826 sentiunt
1544 1814 1556 1831 ,
1589 1798 1658 1824 nec
1685 1788 1881 1835 agnoscunt
1903 1800 1911 1824 ε
1951 1789 2053 1838 quod
2079 1791 2119 1829 iis
2141 1792 2301 1831 accidere

1270 1836 1412 1876 neceffe
1431 1837 1480 1874 cst
1492 1864 1503 1882 ‚
1533 1838 1596 1886 qui
1613 1839 1711 1875 vanis
1730 1840 1768 1875 ὀί
1785 1837 1925 1876 caducis
1946 1839 2119 1879 laboribus
2139 1842 2206 1881 sese
2225 1844 2306 1882 fati·

1269 1895 1355 1937 gant
1374 1916 1387 1934 ,
1414 1899 1535 1937 neque
1556 1889 1676 1926 anima
1695 1888 1862 1926 fruuntur
1886 1917 1896 1933 ,
1933 1898 1972 1927 ut
1993 1890 2062 1934 illi,
2092 1894 2154 1940 qui
2175 1895 2301 1931 remit-

1267 1948 1390 1982 tuntur
1412 1939 1449 1976 &
1474 1938 1669 1988 quiescunt.
1697 1938 1833 1977 Seneca
1861 1939 1966 1987 Epist.
1978 1939 2134 1980 CXXII.
2159 1948 2201 1978 172
2223 1945 2304 1980 nul-

1267 1998 1297 2034 lo
1316 1988 1536 2039 deprehendes
1561 1990 1730 2027 vilitatem
1749 1990 1800 2028 sui
1816 2016 1827 2035 ,
1842 2002 1882 2027 ne
1903 1990 2140 2040 negligentiam
2154 1994 2301 2044 quidem.

1265 2042 1368 2094 plura
1387 2039 1434 2077 ad
1457 2041 1599 2078 Lucani
1619 2040 1701 2078 Lib.
1721 2040 1789 2079 IV.
1816 2051 1867 2078 vs,
1887 2046 1972 2088 276.

1317 2124 1374 2157 En
1394 2118 1455 2158 fibi
1475 2119 1548 2158 vilis
1568 2119 1684 2167 adest,
1710 2118 1826 2170 invisa
1847 2119 1938 2165 luce,
1956 2122 2138 2170 juventus.

1268 2196 1459 2237 ConTn

1319 2261 1354 2296 5.
1380 2252 1414 2287 Si
1432 2248 1595 2299 dissenties
1620 2261 1661 2288 tte
1683 2266 1695 2288 .·
1732 2264 1946 2302 quamquam
1980 2267 2046 2290 non
2079 2251 2294 2304 diffenties.]

1266 2298 1480 2345 Mediceus,
1509 2301 1663 2338 Helmst.
1685 2301 1797 2339 Arnz.
1810 2303 1845 2351 si
1863 2303 2045 2350 dissenties,
2074 2316 2112 2341 ut
2134 2305 2192 2353 qui
2204 2307 2296 2354 sem-

1265 2357 1323 2397 per
1343 2377 1353 2393 ‚
1387 2358 1453 2386 cet.
1474 2350 1600 2388 mediis
1633 2351 1776 2389 omifiis.
1818 2352 1962 2403 Vosslst'
1980 2353 2140 2403 dissenties
2161 2366 2224 2402 tu,
2252 2367 2293 2393 ut

1275 2398 1335 2449 qui
1348 2400 1491 2449 semper.

1322 2452 1356 2486 6.
1383 2451 1789 2502 Praeclarumaliqttid.]
1821 2453 2299 2500 Mediceus,Voff.Helmst.

1272 2500 1383 2537 Arnz.
1401 2512 1485 2538 cum
1504 2502 1601 2539 Aldo
1625 2515 1634 2539 ε
1670 2500 1802 2540 clarum
1837 2505 1972 2554 aliquid
1996 2533 2005 2549 ,
2033 2507 2131 2555 quod
2155 2510 2295 2557 optime

1270 2561 1355 2587 cum
1374 2551 1569 2590 immortali
1587 2553 1839 2602 conjungitur,
1866 2555 1948 2593 licet
1969 2557 2077 2605 vulgo
2096 2570 2173 2595 non
2193 2568 2297 2607 puta·

1271 2601 1402 2639 verint.
1429 2603 1569 2650 Crispus
1588 2603 1666 2641 Cat.
1686 2616 1763 2653 cap.
1789 2606 1815 2643 1.
1842 2617 1878 2643 n.
1902 2618 1934 2649 4.
1963 2608 2077 2646 Virtus
2096 2610 2184 2646 clara
2199 2637 2208 2652 ,
2235 2621 2296 2646 ae-

1265 2659 1428 2701 ternaque
1448 2653 1606 2690 habetur.
1635 2655 1722 2693 Hoc
1745 2657 1853 2694 etiam
1877 2667 2022 2705 propter
2045 2670 2087 2695 ea
2102 2686 2111 2702 ,
2132 2670 2224 2707 quae
2244 2660 2297 2697 su-

1266 2712 1327 2788 fga
1362 2704 1407 2741 de
1441 2704 1537 2743 fama
1576 2706 1614 2742 &
1652 2706 1761 2753 gloria
1789 2706 1907 2751 dixit,
1932 2709 2100 2755 praeferri
2127 2717 2296 2747 meretur·

1315 2765 1458 2791 oarn

1322 2812 1358 2848 7.
1386 2805 1571 2843 Meditaris
1594 2806 1608 2855 ]
1637 2804 1740 2844 Voff.
1760 2808 1797 2843 &
1817 2807 1969 2847 Helmst.
1992 2809 2301 2856 meditetur3Me-

1270 2850 1410 2897 diceus,
1438 2856 1663 2900 meditatere,
1689 2857 1800 2894 credo
1816 2886 1825 2901 ‚
1854 2870 1921 2907 pro
1941 2860 2109 2898 meditere.

1323 2902 1358 2939 8,
1388 2905 1576 2956 Accipies]
1608 2908 1663 2945 Sic
1687 2908 1873 2946 Mediceus
1897 2911 1933 2947 &
1955 2921 2082 2947 omnes
2094 2910 2204 2959 scripti
2215 2923 2299 2950 cum

1270 2954 1441 3002 impressis
1461 2964 1600 2993 tantum
1625 2968 1700 2995 non
1720 2959 1898 2997 omnibus.
1926 2959 2038 2998 Aldus
2060 2972 2143 2998 cum
2160 2963 2298 3001 adl'eclis

1270 3004 1443 3053 accepisses.
1483 3006 1626 3047 Deinde
1651 3007 1756 3047 Voff.
1787 3009 1941 3049 Helmst.
1974 3012 2012 3049 δε
2036 3011 2148 3050 Arnz.
2176 3012 2300 3051 desunt

184 3055 319 3097 naeusg
347 3050 520 3088 recentius
539 3052 693 3099 cusi‚ad
712 3052 962 3093 mortalitatem
973 3054 1042 3104 sni.
1068 3054 1138 3094 Pal.
1165 3055 1202 3093 δε
1261 3055 1359 3107 saepe
1378 3056 1526 3106 incipere.

1692 3109 1786 3147 Llll
1813 3123 1834 3149 2

2155 3124 2170 3150 1
2177 3139 2185 3148 ι
2212 3118 2308 3148 *Yam
