2616 3686
212 446 295 492 16

234 669 297 723 ¹7

317 216 426 276 -198
575 193 1665 261 C.1²L1N110AE01L11
1739 191 2251 246 STECUND'I

333 303 348 324 ·
387 276 624 339 notarius
654 294 781 334 cum
805 274 942 331 libro
967 275 1022 329 δε
1046 268 1387 346 pugillaribus
1408 306 1423 329 ‚
1460 265 1606 337 cujus
1631 280 1814 318 manus
1838 266 2017 320 hieme
2049 274 2066 295 ²
2090 267 2308 323 manicis
2331 270 2452 327 muJ

341 359 652 419 niebantur‚
688 369 747 408 ut
785 368 850 404 ne
878 350 1018 404 coeli
1043 346 1268 418 quidem
1293 338 1539 405 asperitas
1565 339 1728 392 ullum
1756 337 1915 391 studii
1940 352 2151 410 tempus
2190 343 2452 413 eriperet:

343 448 446 504 qua
481 446 551 484 ex
588 427 737 483 causa
775 425 987 480 Romae
1025 437 1247 494 quoque
1285 417 1402 468 tella
1450 413 1760 469 vehebatur.
1839 412 2055 478 Repeto
2083 450 2099 473 ,
2146 430 2232 468 me
2266 433 2455 471 corre-

341 520 496 576 ptum
519 501 584 555 ab
610 519 677 556 eo
704 518 798 553 cur
827 497 1153 552 ambularem
1170 531 1185 555 ‚
1227 491 1460 544 ‘Poteras
1486 525 1502 550 ,
1543 486 1714 557 inquit
1744 524 1758 546 ,
1799 482 1894 536 has
1920 483 2075 536 horas
2099 503 2195 538 non
2209 489 2453 558 perdere.

345 578 485 631 Nam
512 575 685 646 perire
711 586 874 626 omne
896 583 1108 637 tempus
1131 560 1515 621 arbitrabatur,
1552 558 1704 628 quod
1728 558 1910 612 studiis
1936 574 2045 609 non
2071 558 2457 629 impertiretur.

348 648 473 704 Hac
502 647 803 701 intentione
824 653 906 695 tot
938 639 1026 693 ista
1052 638 1326 692 volumina
1349 632 1590 704 peregit,
1631 630 2053 700 Elecforumque
2082 630 2095 653 ³
2123 646 2458 687 commenta-

349 723 458 777 rios
483 733 703 774 centum
724 713 993 785 sexaginta
1024 711 1156 766 mihi
1180 706 1424 778 reliquit,
1457 716 1474 740 ⁴
1509 701 1911 774 opistograpiios
1951 701 2175 772 quidem
2213 703 2224 728 ⁵
2269 708 2321 756 ὅ(
2360 707 2460 759 mi-

346 791 620 851 nutissime
647 791 896 859 scriptos:
937 802 1042 857 qua
1068 782 1275 838 ratione
1302 775 1683 844 multiplicatur
1710 776 1797 828 hic
1824 790 2095 828 numerus,
2169 775 2464 834 Referebat

346 867 453 937 ipse
490 861 720 935 potuisse
754 861 806 916 se
831 898 849 924 ‚
896 875 1025 913 cum
1061 854 1079 875 ⁶
1114 861 1429 930 procuraret
1471 848 1526 899 iri
1567 843 1824 927 Hispania
1850 883 1866 907 ,
1919 846 2157 900 vendere
2186 848 2285 903 hos
2312 865 2466 904 eom-

350 936 642 999 mentarios
663 934 679 961 ⁷
703 935 906 1006 Largio
927 929 1173 992 Licinio,
1212 922 1625 997 quadringentis
1641 916 1881 973 millibus
1907 934 2221 975 nummum:
2264 922 2317 975 &
2337 935 2467 976 tunc

2377 994 2470 1048 ali-

1449 1137 1614 1189 quidam.
1650 1134 1758 1173 Haec
1778 1136 1879 1174 enim
1900 1132 2020 1172 Eleeta
2041 1147 2122 1173 non
2142 1146 2243 1176 erant
2258 1138 2337 1178 libri
2358 1139 2472 1179 edenss

1449 1190 1510 1233 di,
1538 1187 1599 1225 sed
1621 1186 1718 1224 rudis
1740 1185 1929 1235 congestio
1960 1186 2244 1238 Excerptorum.
2280 1188 2309 1228 B
2323 1202 2381 1227 aa
2399 1202 2473 1229 ru.

1447 1241 1510 1278 De
1540 1237 1801 1276 commentariis
1836 1237 1977 1276 dictum
2008 1238 2054 1277 ad
2083 1239 2160 1277 Cic.
2200 1239 2280 1278 Lib.
2302 1240 2474 1280 V.,Fam.

1444 1289 1552 1340 Epist.
1576 1289 1662 1328 XII.
1686 1296 1773 1327 extr.

1490 1371 1514 1406 4
1541 1355 1838 1407 Opistographos.]
1868 1355 1913 1394 In
1923 1364 2028 1403 tergo
2044 1353 2200 1405 scriptos.
2210 1355 2364 1393 ’ἆπισ-θεν
2377 1357 2479 1395 enim

1442 1409 1537 1458 post,
1563 1406 1692 1457 γραφὴ
1722 1410 1910 1459 scriptura.
1965 1405 2049 1444 Fuit
2080 1409 2180 1447 enim
2204 1409 2317 1447 moris
2332 1407 2482 1457 antiqui

1449 1468 1594 1499 tantuin
1617 1460 1656 1497 in
1677 1462 1860 1498 anteriore
1881 1459 2013 1508 pagina
2035 1456 2186 1497 scribere
2211 1487 2222 1504 ,
2250 1459 2353 1508 quod
2367 1458 2480 1496 .Mar-

1449 1511 1540 1549 tialis
1562 1521 1716 1561 quoque
1739 1510 1916 1548 monstrat
1939 1509 1985 1546 de
2006 1508 2071 1546 suo
2092 1509 2196 1549 libro.
2226 1509 2275 1548 Et
2293 1509 2480 1556 Juvenalis

1450 1562 1698 1611 longiffimam
1727 1560 1955 1610 tragoediam
1987 1566 2115 1597 taxans
2146 1561 2185 1598 in
2212 1562 2330 1610 prima
2351 1561 2482 1610 satyra

1454 1621 1559 1651 notat
1573 1642 1583 1658 ,
1611 1617 1661 1649 Et
1682 1611 1721 1648 in
1745 1623 1837 1661 tergo
1860 1623 1919 1648 nec
1941 1610 2027 1647 dum
2042 1609 2172 1658 finitus
2207 1610 2344 1657 Orestes.
2372 1610 2483 1659 (Lu-

1452 1665 1574 1703 cianus
1596 1665 1633 1701 in
1655 1662 1740 1700 vitis
1760 1662 2064 1713 philosophorum
2086 1690 2097 1706 ,
2124 1661 2257 1708 Plena,
2285 1663 2406 1713 inquit
2418 1690 2430 1707 ‚
2434 1662 2482 1722 fit

1446 1724 1531 1765 pera
1564 1714 1692 1765 lupinis
1713 1741 1724 1758 ‚
1769 1724 1812 1754 v·
1845 1713 1943 1750 libris
1974 1710 2250 1763 opistographis.)
2295 1713 2352 1751 Sic
2378 1713 2482 1753 Acro

1452 1764 1702 1815 opistographas
1733 1764 1895 1814 epistolas
1929 1763 2094 1813 appellat.
2148 1764 2197 1802 Et
2229 1765 2410 1813 Ulpianus
2437 1764 2484 1805 de

1454 1817 1643 1855 bonorum
1667 1816 1886 1866 posseffione
1907 1814 2108 1854 secundum
2129 1815 2267 1853 tabulas
2290 1843 2301 1859 ‚
2340 1816 2486 1855 chartae

1454 1868 1649 1918 appellatio
1674 1869 1785 1906 etiam
1808 1867 1854 1905 ad
1875 1877 2018 1904 novam
2038 1866 2200 1904 chartam
2224 1864 2380 1904 refertur
2406 1894 2417 1911 ‚
2445 1868 2485 1905 &

1456 1918 1502 1956 ad
1525 1918 1733 1957 deletitiain.
1785 1917 1946 1956 Proinde
1968 1916 1993 1954 fi
2018 1918 2055 1955 in
2074 1915 2300 1967 opistographo
2319 1918 2400 1967 quis
2432 1923 2486 1956 te-

1455 1969 1564 2008 status
1595 1968 1671 2014 fit,
1708 1971 1793 2009 hinc
1825 1971 1900 2018 peti
1932 1967 2052 2017 potest
2084 1968 2272 2005 bonorum
2306 1966 2486 2016 poffeffio.

1459 2020 1718 2071 opisthonomos
1738 2021 1853 2059 boves
1873 2021 1912 2058 in
1936 2019 2041 2056 Libia
2064 2017 2133 2056 dici
2157 2029 2176 2054 a
2197 2017 2412 2068 quibusdam
2433 2027 2487 2057 te-

1457 2071 1565 2110 statur
1602 2073 1818 2111 Athenaeus
1843 2100 1852 2116 ‚
1881 2069 1984 2121 quod
2020 2076 2250 2107 retroeuntes
2286 2069 2487 2118 pascuntur.

1463 2122 1496 2159 C
1510 2135 1531 2159 Α
1548 2137 1571 2161 τ
1587 2135 1607 2159 Α
1623 2135 1660 2160 N.
1688 2123 1749 2161 De
1773 2121 2034 2172 opistographis
2058 2120 2156 2168 plura
2182 2121 2325 2159 Salmas.
2347 2121 2394 2160 ad
2407 2119 2486 2157 Vo-

1461 2173 1544 2220 pisci
1575 2172 1687 2212 Firm.
1717 2185 1791 2224 cap.
1829 2173 1896 2210 111.
1919 2183 1998 2221 pag.
2021 2183 2105 2219 701.
2127 2171 2201 2221 sqq.
2225 2174 2263 2210 &
2287 2173 2421 2210 Savaro
2442 2171 2489 2208 ad

1462 2223 1586 2262 Sidon.
1612 2225 1692 2263 Lib.
1716 2225 1763 2263 II.
1788 2224 1896 2272 Epist.
1921 2224 1986 2260 IX.
2008 2233 2087 2272 pag.
2114 2224 2191 2269 146.
2218 2225 2412 2271 Perperam
2434 2223 2487 2260 vir

1461 2274 1616 2320 doetus,
1644 2279 1708 2325 qui
1721 2277 1803 2315 MS.
1828 2276 1958 2313 Oxoii.
1979 2273 2129 2312 excussit
2153 2302 2164 2319 ‚
2192 2274 2407 2314 coniiciebat
2424 2277 2480 2309 So-

1455 2323 1727 2375 pbistogr.·zphos.
2428 2369 2436 2376 ·
2472 2368 2477 2373 ἱ

1511 2389 1528 2425 ς
1560 2382 1606 2413 Et
1628 2378 1865 2417 minutissime
1878 2375 2039 2427 scriptos.
2067 2375 2084 2425 ]
2134 2376 2208 2415 Alii
2225 2371 2473 2424 minutiffl'mlfff

1456 2433 1499 2465 ut
1516 2426 1565 2466 est
1585 2429 1624 2466 in
1646 2429 1810 2467 Riccard.
1834 2428 1987 2466 Helnist.
2013 2426 2208 2465 Lindenbr.
2242 2428 2280 2464 δε
2310 2419 2475 2470 repostul-

1458 2479 1530 2517 seni
1547 2507 1557 2524 ‚
1583 2478 1650 2516 uisi
1673 2480 1864 2519 Mediceus
1886 2477 2108 2526 minutiffime
2129 2476 2322 2525 praestaret.

1514 2529 1538 2566 6
1566 2535 1786 2570 Procuraret.
1809 2530 1824 2581 ]
1866 2536 2080 2567 Procurator
2103 2525 2255 2564 Caesaris
2276 2519 2382 2560 effer,
2411 2529 2474 2555 Cu·

1461 2580 1521 2629 jus
1543 2580 1623 2618 aeta
1644 2581 1814 2631 gestaque
1828 2581 1875 2620 fic
1887 2578 2233 2629 comprobabantyl‘,
2256 2568 2362 2606 sscfia
2380 2566 2475 2623 QG·

1465 2630 1538 2669 fare
1559 2631 1654 2680 gesta
1678 2631 1801 2671 essent.
1827 2628 2068 2670 procuratoris
2087 2623 2245 2661 officium
2267 2618 2315 2656 est
2329 2647 2340 2662 ‚
2368 2626 2478 2655 rasio·

1464 2693 1528 2721 nes
1559 2684 1732 2722 omnium
1764 2684 1946 2723 redituum
1969 2707 1982 2724 ‚
2016 2675 2077 2724 qui
2098 2671 2143 2708 ad
2177 2670 2366 2708 Caesarem
2402 2669 2479 2717 [Ρο-

1470 2733 1631 2778 θεαῑεητ,
1659 2746 1854 2785 procurare
1884 2732 1940 2770 dili
1967 2735 2066 2766 enter
2097 2732 2192 2776 cuni¹
2212 2720 2383 2776 facultate
2416 2719 2478 2775 de-

1469 2783 1642 2824 fendendj
1703 2787 1742 2823 &
1764 2785 1934 2833 acquiren
1959 2779 1971 2814 i
1995 2803 2007 2819 ,
2052 2783 2127 2809 non
2151 2771 2329 2808 alienandi
2353 2771 2392 2808 ὃ(
2415 2770 2482 2807 dis—

382 2838 553 2882 quentiae
585 2839 686 2876 causa
716 2839 862 2888 scripti,
890 2838 949 2877 sed
971 2839 1199 2882 memoriae,
1220 2837 1403 2876 summam
1467 2816 1818 2875 trahendij’cnm.
1846 2830 2147 2875 Depmmmorc
2160 2821 2485 2859 Caes-U‘ssdisimus

388 2894 506 2940 rerum
530 2889 815 2936 compteftentes
838 2918 848 2934 ‚
886 2891 925 2928 δε
948 2888 984 2927 id
1008 2890 1203 2939 praecipue
1232 2898 1380 2938 agentes
1395 2917 1405 2935 ‚
1473 2886 1516 2923 ad
1540 2888 1622 2926 Lib.
1647 2886 1691 2923 X.
1714 2883 1819 2938 Epist.
1841 2877 1962 2917 XVII.
2001 2873 2102 2930 Male
2124 2872 2235 2910 Arm..
2258 2885 2336 2910 cum
2361 2879 2485 2928 porta-

388 2944 427 2970 ut
449 2939 473 2970 11
496 2938 573 2983 quis
597 2939 773 2985 eloquens
794 2942 904 2977 vellet
926 2941 1111 2987 majorum
1131 2939 1226 2988 gesta
1251 2940 1407 2985 referre,
1476 2945 1529 2975 ret
1549 2939 1587 2976 in
1610 2936 1784 2984 Hispanus.
1835 2934 2026 2984 Rrocurare
2053 2934 2098 2962 ita
2126 2923 2286 2980 absolute
2314 2930 2496 2973 POfflfflf)

389 2987 579 3023 materiam
603 2998 646 3022 cx
669 2989 930 3024 commentariis
949 2989 1087 3037 eloquii
1106 2989 1271 3028 ministris
1299 2991 1409 3028 liabe-
1473 2996 1512 3026 ut
1532 2998 1652 3026 curare
1673 2981 1765 3030 apud
1788 2987 1949 3028 optimos
1964 3005 1974 3020 ‚
2002 2975 2135 3025 dequo
2148 2975 2285 3012 <tetum
2299 2975 2343 3012 ad
2359 2972 2489 3012 Sallust.

392 3045 468 3074 ret:
497 3035 595 3072 unde
620 3037 754 3074 multos
778 3038 1046 3085 Imperatorum
1065 3039 1221 3086 legimus
1240 3054 1412 3080 commen-
1479 3040 1557 3077 Cat.
1577 3046 1653 3082 cap.
1675 3029 1776 3068 LIX.
1797 3042 1831 3066 n.
1855 3041 1889 3079 3.
1907 3030 1944 3067 &
1966 3028 2044 3074 Iug.
2065 3037 2137 3076 cap.
2159 3026 2302 3084 XLVI.
2324 3038 2360 3062 n.
2385 3037 2417 3073 7.
2454 3076 2460 3081 ι

394 3088 638 3125 tariosrerum
659 3089 799 3125 suarum
816 3085 1002 3137 reliquisse.
1033 3089 1186 3128 CATAN,
1213 3092 1409 3129 §tenorum
1530 3098 1549 3132 7
1579 3081 1702 3130 largio
1725 3080 1888 3136 Licinia]
1919 3080 1974 3118 Sic
1997 3078 2185 3135 Mediceiis
2200 3080 2237 3116 ὃς
2252 3072 2490 3134 Riccard.nifi

396 3139 419 3178 i.
446 3139 727 3188 Excerptoruni.
772 3139 876 3179 Male
898 3138 945 3176 sic
966 3138 1077 3178 hodie
1094 3141 1287 3181 inscribunt
1303 3143 1410 3183 libros
1480 3134 1581 3189 quod
1602 3136 1638 3173 1¹¹
1661 3132 1721 3172 1110
1746 3131 1787 3172 sit
1809 3133 1925 3172 Licmv
1947 3159 1962 3178 2
1997 3139 2037 3168 ut
2069 3129 2226 3169 dfflmUS
2254 3130 2301 3169 ad
2333 3127 2415 3167 le·
2441 3126 2489 3163 Π·

2386 3175 2494 3228 §put

349 1157 553 1207 destringere
576 1165 648 1196 tres
667 1153 775 1193 MSS.
797 1163 818 1189 a
836 1152 944 1191 nobis
965 1149 1116 1201 inspecti
1139 1176 1149 1193 ,
1187 1156 1256 1196 pro
1286 1143 1377 1201 alito-

351 1221 435 1248 ruin
458 1207 658 1258 distringere
673 1237 682 1253 ‚
709 1205 854 1244 habent.
890 1203 992 1245 Vide
1014 1205 1054 1241 &
1074 1202 1266 1250 Cuperum
1291 1194 1377 1235 Lib.

337 1260 419 1303 .1V.
438 1260 628 1298 Observat.
651 1270 726 1305 cap.
749 1255 800 1290 V.
1302 1301 1306 1306 .

406 1323 421 1349 1
457 1310 639 1347 Notarius.
665 1308 681 1358 ]
723 1306 803 1354 Qui
828 1305 926 1343 notis
959 1301 1175 1354 quibusdam
1207 1298 1377 1338 brevibus

349 1361 515 1400 citiffime
538 1361 712 1405 notabat,
739 1368 836 1408 quae
855 1357 991 1396 Plinius
1013 1349 1186 1393 dietaffet.
1223 1350 1284 1388 De
1304 1351 1379 1389 hoc

354 1412 555 1451 Martialis:

404 1517 574 1551 Currant
594 1512 706 1552 verba
727 1511 828 1557 licet,
855 1522 985 1549 manus
1004 1508 1049 1557 est
1071 1507 1219 1564 velocior
1239 1504 1312 1542 illis
1326 1533 1338 1549 ‚

457 1566 631 1603 Nondum
653 1564 777 1614 lingua
788 1563 900 1613 suum
913 1589 926 1608 ,
954 1561 1090 1600 dextra
1105 1567 1233 1609 peregtt
1253 1566 1345 1606 opus.

354 1666 478 1717 Hujus
500 1666 645 1710 inventi
665 1665 860 1704 exordium
878 1664 1091 1702 Plutarchus
1125 1662 1301 1700 Ciceroni
1322 1660 1386 1698 ad-

352 1717 481 1757 scribit.
532 1717 772 1766 Tranquillus
794 1718 834 1755 δε
865 1716 1004 1754 Seneca
1035 1715 1104 1752 hos
1125 1712 1304 1750 attuarios
1324 1723 1387 1762 ap-

357 1768 492 1819 pellant
513 1796 524 1813 ‚
562 1767 666 1819 quod
686 1769 726 1806 in
745 1767 826 1805 aeta
849 1766 1027 1805 referrent
1047 1764 1212 1803 actiones
1236 1790 1248 1807 ‚
1292 1775 1385 1813 quae

360 1818 574 1858 dicebantur
595 1820 634 1857 in
658 1820 795 1858 Senatu
818 1846 829 1863 ,
868 1819 908 1856 δε
924 1816 971 1855 ad
999 1815 1192 1867 populum.
1245 1815 1386 1864 Longo

356 1876 533 1920 tempore
555 1868 636 1920 post
656 1869 742 1908 dicti
765 1868 845 1908 sunt
878 1867 1013 1906 notarii
1038 1896 1049 1913 ‚
1085 1867 1216 1918 quibus
1245 1866 1387 1915 publica

358 1932 444 1959 cura
456 1919 748 1971 stipulandorum
760 1919 1088 1958 instrumentorum
1099 1919 1144 1956 ab
1158 1917 1388 1966 Imperatore

360 1971 556 2011 commissa
577 1971 655 2011 fuit.
705 1972 738 2010 C
753 1984 776 2008 A
791 1983 852 2009 Ta
865 1982 904 2009 N.
949 1970 1012 2008 De
1041 1970 1098 2008 his
1117 1968 1266 2007 notariis
1287 1968 1390 2018 plura

362 2022 523 2061 Bernart.
552 2022 599 2062 ad
628 2023 714 2062 Stat.
747 2021 778 2060 I.
808 2022 892 2060 Silv.
923 2019 954 2058 Ι.
987 2032 1037 2059 vs.
1064 2021 1118 2058 16.
1147 2020 1317 2057 Wower.
1345 2019 1391 2057 de

360 2071 570 2121 Polymath.
591 2084 669 2124 cap.
696 2071 768 2110 VI.
786 2070 931 2123 Lipsius
959 2073 998 2111 in
1025 2071 1192 2120 Epistolis
1220 2071 1260 2108 ὃς
1286 2070 1392 2109 multi

361 2132 558 2173 praeterea.

414 2186 436 2212 z
466 2174 666 2225 Mamm]
707 2174 958 2224 Tegumentis
976 2183 1158 2210 manuum
1181 2179 1309 2210 contra
1332 2172 1393 2213 fri-

363 2235 442 2273 gus.
498 2225 608 2264 Fiunt
630 2226 816 2265 interdum
839 2225 999 2263 manicae
1022 2223 1160 2262 ferreae
1174 2251 1185 2268 ‚
1208 2223 1337 2273 quibus
1351 2236 1393 2261 u-

364 2284 492 2314 tuntur
513 2277 644 2315 milites
664 2279 701 2315 in
720 2277 818 2314 bello
840 2275 887 2313 ad
907 2275 1060 2314 tutelam
1083 2285 1275 2313 manuum.
1314 2275 1394 2313 Ha-

365 2336 449 2365 rum
473 2329 708 2366 mentionem
730 2327 816 2366 facit
834 2326 1045 2373 Juvenalis‚

417 2428 560 2468 Balteus
581 2438 626 2469 0⁰
643 2428 811 2468 manicae.
839 2441 938 2451 -··

371 2530 488 2570 Irim.
524 2530 752 2570 chirothecas
784 2530 943 2569 usitatius
964 2538 1101 2568 vocant
1120 2530 1193 2568 illas
1212 2531 1370 2568 manicas
1385 2559 1394 2576 ,

374 2583 500 2633 quales
519 2582 631 2620 Perlis
651 2611 661 2627 ,
690 2584 836 2621 Graecis
857 2584 1007 2631 aliisque
1028 2582 1172 2631 populis
1193 2583 1230 2619 in
1242 2582 1306 2620 usu
1319 2581 1398 2620 fue-

376 2642 484 2677 runt;
515 2636 553 2671 &
574 2635 652 2672 illae
675 2633 825 2684 quidem
850 2662 860 2678 ,
888 2644 982 2684 quae
1015 2634 1145 2681 digitos
1175 2644 1308 2670 omnes
1336 2643 1400 2670 ex-

378 2684 583 2735 primebant
609 2714 619 2729 ,
657 2685 886 2723 scribentibus
918 2685 994 2722 satis
1025 2692 1131 2734 aptae
1161 2691 1272 2723 erant.
1300 2684 1399 2722 Vide

380 2737 522 2774 Ruben.
544 2736 624 2774 Lib.
646 2737 672 2774 l.
696 2736 740 2774 de
763 2737 819 2774 Re
839 2735 935 2773 Vest.
957 2747 1032 2785 cap.
1057 2736 1125 2774 IV.

432 2799 450 2834 3
481 2788 770 2825 Commentarios.
792 2786 808 2835 ]
847 2787 1108 2825 Commentarii
1127 2785 1207 2824 sunt
1225 2797 1303 2824 non
1325 2786 1403 2825 elo-

2515 2139 2560 2209 ’Χ
