2616 3686
450 199 1800 259 ·'1,1·'BER111.EP18TOLAV.
2155 227 2236 267 ιρι

146 287 364 366 q'uanrfi
387 281 589 342 viveret
614 285 701 340 ille
724 279 1081 375 propositam,
1119 278 1375 334 invidiam
1402 281 1616 334 nullam.
1672 280 1728 335 ln
1751 282 1980 345 summa,
2018 301 2242 356 compu—
2285 296 2312 344 8

147 364 346 422 tabam,
392 359 426 412 si
452 359 675 412 munere
700 356 805 410 hoe
869 354 968 421 iam
1010 351 1173 407 tertio
1201 351 1457 423 fungerer
1484 391 1501 416 ,
1545 351 1851 428 ‘faciliorem
1874 353 2004 429 mihi
2023 359 2240 412 excusa·

54 416 70 427 ’
147 438 349 490 tionem
388 431 506 485 fore
533 469 549 493 ‚
600 429 635 483 fi
669 430 784 501 quis
816 422 1079 482 incidisset
1115 440 1280 497 quern
1320 440 1429 478 non
1468 424 1723 479 deberem
1763 428 2023 491 accusare.
2099 429 2237 484 Nam

143 522 270 561 cum
293 505 368 559 est
390 506 630 558 omniurn
655 498 962 554 officiorum
990 497 1105 552 finis
1130 497 1339 568 aliquis,
1377 497 1392 515 ²
1416 509 1532 551 tum
1568 497 1775 569 optime
1816 496 2044 552 libertati
2081 503 2233 554 venia

143 577 399 648 obsequio
423 584 772 647 praeparatur.
847 569 1062 624 Audisti
1089 568 1286 623 consilii
1316 571 1420 623 mei
1445 584 1664 648 motus,
1713 568 2231 650 superest-alterutra
2277 572 2308 614 6

142 667 211 704 ex
250 663 396 719 parte
425 646 684 717 judicium
722 657 891 697 tuum.
968 641 1024 696 In
1063 659 1175 711 quo
1213 643 1344 696 mihi
1393 659 1564 712 aeque
1608 642 1845 712 jucunda
1892 656 1993 698 erit
2042 641 2236 714 simpli-

140 724 269 776 citas
307 718 681 780 dissentientis,
716 732 876 788 quarn
911 714 1312 786 comprobantis
1350 712 1651 769 auctoritas
1690 714 1842 770 Vale.

376 853 447 914 V.
520 851 1107 908 c.121,1N1us
1256 850 1619 906 MAcRo
1695 851 1874 908 Suo
1949 853 2002 910 S.

2211 811 2236 847 A

134 992 354 1056 Macer,
393 991 644 1046 librorum
680 989 863 1044 ‘Plinii
887 989 1120 1059 finiaris
1141 985 1428 1060 studiostis,
1466 988 1780 1062 requifi'erat
1814 1000 1937 1062 quot
1975 989 2227 1062 edidisti.

201 1082 369 1118 omnes
405 1068 539 1118 enim
572 1063 814 1134 cupiebat
850 1062 1072 1116 habere:
1118 1064 1201 1115 cui
1240 1060 1500 1114 Secundus
1534 1080 1630 1116 non
1662 1062 1825 1130 folum
1863 1081 2128 1116 numerum
2172 1066 2228 1123 ὅ

200 1136 429 1190 ordinem
474 1137 701 1206 recenset
728 1175 745 1199 ,
805 1136 1155 1189 verumetiam
1214 1133 1546 1206 diligentiam
1608 1136 1759 1189 illios
1818 1137 1961 1190 circa
2014 1135 2225 1206 studia,

196 1227 350 1282 quum
385 1210 618 1283 alioquin
655 1213 772 1279 effet
808 1204 1242 1277 occupatiffl'mus,
1280 1209 1658 1281 repraefhiitat.

239 1347 521 1419 ³⁴'rgratum
571 1347 647 1403 est
698 1345 871 1410 mihi,
932 1343 1086 1418 quod
1138 1358 1246 1400 tam
1296 1343 1585 1416 diligenter
1622 1345 1790 1402 libros
1828 1347 2076 1404 avunculi
2116 1348 2223 1404 mei

231 1420 430 1475 lectitas
469 1459 484 1482 ‚
541 1434 600 1474 ut
641 1419 836 1473 habere
873 1434 1061 1472 omnes
1099 1419 1265 1478 velis,
1325 1434 1691 1489 quaerasque,
1742 1423 1834 1488 qui
1877 1422 1972 1475 sint
2013 1438 2217 1476 omnes,

120 1492 333 1563 Fungar
384 1493 400 1516 ⁴
447 1492 637 1547 indicis
676 1489 939 1561 partibus:
976 1504 1135 1560 atque
1169 1489 1367 1552 eriam,
1393 1506 1504 1562 quo
1542 1491 1638 1545 sint
1679 1494 1870 1547 ordine
1889 1494 2096 1572 scripti,
2132 1510 2230 1547 no·
2272 1510 2298 1545 2

125 1578 243 1620 turn
282 1562 381 1618 tibi
419 1562 623 1616 faciam.
696 1559 708 1584 ⁵
750 1560 841 1614 Est
874 1561 1016 1615 enim
1057 1563 1188 1616 haec
1224 1577 1445 1634 quoque
1483 1561 1721 1618 studiosis
1770 1582 1882 1620 non
1930 1565 2220 1650 injucunda

2024 1653 2216 1707 cogni-

174 1774 190 1799 1
222 1763 316 1807 Jam
341 1761 485 1812 tertio]
514 1761 614 1798 Nam
634 1767 760 1799 contra
781 1759 937 1798 Massam
959 1771 1027 1810 pro
1040 1760 1133 1798 Bae·
1199 1770 1239 1800 ut
1261 1762 1300 1799 ὅ(
1322 1767 1520 1801 numerum
1545 1763 1584 1801 ὅτ
1606 1763 1775 1804 ordinem
1791 1791 1801 1808 ,
1828 1771 1907 1802 tam
1917 1763 2095 1822 librorum
2110 1778 2223 1817 quam

115 1814 194 1852 ticis
213 1816 291 1862 iam
315 1816 365 1854 bis
389 1813 563 1851 adfuerat.
591 1810 692 1849 Idem
718 1811 886 1850 Lib.V1.
909 1810 976 1861 Ep.
991 1810 1133 1851 XXIX.
1200 1823 1347 1869 rerum,
1374 1824 1439 1862 per
1461 1815 1576 1863 capita
1597 1815 1743 1854 indicet.
1769 1868 1773 1872 ⁵
1798 1815 1861 1853 An
1894 1818 2009 1865 magis
2042 1817 2224 1875 inscriptio

115 1874 298 1902 memorat
328 1875 381 1902 ter
410 1876 477 1912 pro
511 1863 573 1901 illis
605 1858 723 1911 egisse.
760 1863 915 1901 Cir-mu.
966 1870 1034 1900 Hoc
1051 1865 1126 1900 iam
1198 1863 1429 1912 intelligenda
1455 1894 1465 1910 ,
1513 1877 1586 1915 qua
1620 1866 1864 1917 unusquisque
1897 1867 2109 1905 summatim
2134 1870 2222 1908 liber

116 1914 215 1949 ‘tertio
236 1941 246 1953 .
284 1916 411 1962 legitur
443 1916 479 1951 in
514 1913 689 1951 Mediceo
721 1914 760 1952 &
792 1914 948 1963 piuribus
988 1913 1126 1952 nostris.
1196 1913 1492 1953 demonstratur?
1521 1917 1620 1954 Nam
1644 1918 1682 1955 ὃς
1706 1918 1916 1956 Martialem
1939 1921 2130 1966 comperio
2157 1932 2224 1970 pro

116 1962 311 2000 Lindenbr.
327 1967 365 2003 &
390 1965 515 2002 Oxon.
539 1964 613 2001 iam
637 1965 811 2002 omittunt
834 1993 845 2009 ,
872 1972 913 2002 ut
937 1964 1125 2015 Gryphius
1196 1965 1429 2014 inscriptione
1452 1967 1569 2005 usum.
1597 1966 1658 2005 Est
1680 1977 1892 2017 praeterea,
1919 1971 1982 2018 qui
2004 1971 2153 2018 alicujus
2168 1972 2221 2009 fa-

121 2012 177 2050 alii
210 2026 265 2051 ue.

165 2026 203 2099 ιη
220 2069 307 2101 Tum
340 2063 498 2115 optima]
538 2063 642 2102 Tum
677 2066 840 2104 maxime
863 2065 1013 2104 veniam
1037 2078 1128 2104 con-

115 2112 214 2160 sequi
240 2127 444 2158 mercmur,
474 2123 513 2152 ut
530 2115 632 2153 liberi
655 2114 762 2152 sunus
786 2144 797 2158 ,
837 2115 862 2153 fi
882 2116 997 2154 multa
1018 2117 1130 2156 bene-

114 2161 194 2199 ficia
216 2164 473 2208 praecesserint.
502 2167 534 2203 C
549 2178 570 2201 A
585 2179 607 2203 τ
623 2179 644 2202 Α
659 2178 695 2202 Ν.
724 2165 802 2203 Nisi
822 2165 863 2205 sit
886 2168 1016 2205 vitium
1041 2180 1130 2217 ope·

114 2223 234 2250 rarum
257 2243 267 2258 ,
295 2215 413 2254 nescio
443 2216 541 2254 unde
575 2218 753 2265 acceperit
788 2217 974 2266 Gryphius
1001 2219 1128 2256 suum:

113 2272 190 2298 ium
223 2265 346 2313 optime
371 2267 525 2306 libertini
554 2267 659 2304 venia
689 2265 840 2318 obfiquio
867 2276 1129 2318 praeparatur,

112 2314 214 2362 quod
240 2316 366 2354 nullius
389 2317 503 2355 sensus
526 2315 584 2355 est·

165 2376 182 2412 3
217 2371 337 2403 Macro
361 2366 465 2416 Sum]
496 2373 636 2404 Μανιος
656 2367 772 2415 plures
803 2366 1006 2405 multorum
1035 2367 1130 2406 testi-

114 2417 247 2452 monio
271 2428 333 2465 per
355 2417 410 2455 illa
430 2427 599 2466 tempora
622 2415 724 2455 fuisse
748 2418 830 2465 lego
845 2445 856 2462 ,
883 2419 1063 2456 incertum
1077 2428 1130 2455 ta-

110 2473 220 2509 men,
249 2467 293 2505 ad
318 2479 430 2516 quem
454 2466 494 2504 sit
526 2467 650 2514 scr-'pta
689 2467 846 2516 epistola.
898 2468 1128 2505 Antoninum
1159 2497 1162 2520 ἶ

111 2513 270 2563 suspicari
302 2518 414 2554 licet:
457 2517 638 2566 quaedam
672 2528 764 2555 vero
795 2519 1012 2566 exemplaria
1050 2527 1129 2555 Ma-
1159 2552 1161 2567 ,

113 2575 208 2601 crum
231 2566 387 2611 habent,
416 2578 528 2616 quein
555 2566 741 2605 Secundus
763 2568 842 2606 alibi
865 2567 1011 2606 testatur
1024 2567 1127 2608 fujffe
1158 2569 1161 2593 ἵ

116 2612 308 2654 Consulem
334 2616 571 2666 designatum.
624 2618 1006 2668 l'lmostratusiniuper
1023 2624 1127 2656 Mar-
1158 2620 1161 2648 ἱ

117 2673 192 2700 cum
213 2666 511 2706 Declamatorem
536 2668 743 2706 Bizanrium
766 2670 809 2706 ab
842 2669 1008 2708 Adriano
1041 2669 1129 2709 dile-

122 2709 216 2752 Qm
238 2717 378 2767 scripsit.
417 2720 448 2756 C
465 2731 485 2754 Α
501 2732 522 2756 T
540 2731 560 2753 A
577 2730 612 2754 N.
643 2724 764 2756 Macro
789 2725 862 2757 Suo.
880 2719 894 2769 ]
925 2721 981 2758 Sic
993 2720 1128 2760 habent

125 2759 239 2803 diserte
261 2770 370 2805 etiam
391 2770 461 2807 Pal.
485 2780 606 2817 neque
632 2768 713 2807 ferri
736 2768 815 2807 sane
849 2770 1001 2808 debebat
1035 2773 1128 2820 prius

120 2811 211 2859 vulg.
236 2820 352 2855 Marco
372 2824 436 2855 Suo
455 2848 465 2864 ,
490 2819 684 2857 inscribitur
708 2821 805 2857 enim
830 2820 1008 2869 Epistoiac
1029 2822 1130 2862 addi·-

127 2866 169 2896 to
185 2866 326 2919 nqmine
350 2868 504 2907 familiae
525 2877 587 2907 aut
598 2873 847 2917 cognomine,
878 2875 1030 2911 minime
1044 2885 1128 2922 pro-

132 2919 286 2951 nomme.
317 2917 502 2957 Girumu.
539 2919 660 2958 Nostri
692 2932 824 2960 omnes
863 2928 992 2960 Macro.
1021 2923 1126 2963 Solus

132 2957 345 3048 Ῑέἆξῦὶᾶἰὲιίη
363 2966 484 3009 Indice
505 2969 552 3008 ad
582 2970 750 3009 Baebium
785 2977 951 3012 Macrum
983 2972 1125 3014 missam

1195 2016 1327 2054 cinoris
1351 2018 1525 2067 particeps
1546 2020 1845 2067 conjurationem
1869 2018 2006 2068 detegit
2032 2033 2040 2058 :
2071 2026 2109 2058 ὅ(
2132 2021 2220 2071 digi-

1196 2072 1253 2103 tus
1277 2066 1356 2115 post
1378 2069 1550 2116 pollicem
1583 2071 1731 2119 primus.
1781 2071 1813 2108 C
1829 2083 1848 2106 Α
1865 2083 1887 2108 τ
1904 2083 1925 2107 Α
1939 2081 1977 2107 Ν.
2023 2070 2220 2121 Perperam

1198 2117 1400 2156 Helmstad.
1426 2126 1568 2168 Fungar
1592 2120 1715 2158 indicis
1729 2120 1904 2171 partibus.

1251 2181 1269 2216 ς
1301 2167 1360 2216 Est
1381 2172 1476 2207 enim
1497 2171 1588 2208 haec
1608 2184 1751 2221 quoque.
1769 2171 1782 2220 ]
1811 2172 1976 2221 Plerique
1995 2171 2102 2209 MSS.
2115 2173 2218 2221 apri·-

1198 2229 1258 2254 ma
1282 2230 1394 2256 manu
1419 2249 1430 2265 ,
1456 2223 1527 2270 ipse
1549 2223 1659 2259 etiam
1683 2223 1877 2260 Mediceus
1899 2235 1906 2258 ε
1948 2220 2004 2266 lest
2025 2223 2119 2259 enim
2142 2224 2217 2261 hoc

1197 2280 1329 2318 quoque
1342 2269 1375 2318 s.
1398 2283 1434 2308 n.
1452 2271 1472 2308 i.
1494 2272 1646 2319 cognitio.
1700 2272 1870 2310 Advertit
1905 2283 1966 2309 me
2000 2271 2217 2320 conspiratio

1197 2317 1397 2363 librorum,
1424 2321 1701 2359 reclamantibus
1731 2324 1815 2360 licet
1849 2322 2117 2360 Grammaticis.
2156 2324 2219 2362 Ci-

1199 2378 1285 2404 cero
1311 2369 1391 2405 Lib.
1416 2370 1483 2407 IV.
1507 2371 1607 2408 Fam.
1631 2371 1739 2419 Epist.
1764 2371 1810 2408 11.
1833 2384 1868 2408 n.
1902 2371 1934 2409 8.
1959 2375 2134 2420 Quorum
2159 2373 2214 2410 al-

1197 2427 1272 2452 tera
1305 2417 1393 2455 mihi·
1427 2423 1538 2469 turpis
1563 2449 1573 2464 ,
1621 2421 1737 2458 altera
1767 2423 1876 2459 etiam
1906 2422 2091 2472 periculosa
2124 2427 2216 2463 ratio

1196 2466 1352 2503 videtur.
1383 2469 1511 2508 Sallust.
1537 2472 1615 2509 Cat.
1637 2483 1713 2520 cap.
1739 2472 1799 2509 LI.
1824 2485 1858 2510 n.
1895 2485 1950 2522 ¹3·
1983 2473 2100 2522 Quod
2121 2475 2218 2524 apud

1196 2518 1280 2554 alios
1315 2518 1499 2558 iracundia
1523 2549 1533 2564 ,
1578 2523 1616 2559 in
1647 2523 1782 2579 Imperio
1808 2523 1967 2574 superbia
1999 2525 2214 2573 adpellatur.

1195 2568 1324 2656 unibus
1346 2569 1434 2607 locis
1457 2572 1525 2610 alia
1543 2571 1797 2622 adscriphmus.
1835 2574 2056 2614 Claudianus
2080 2577 2213 2625 Eidyu.

1237 2649 1244 2656 .
1270 2630 1318 2657 vs.
1345 2632 1401 2667 17.

1243 2742 1314 2752 —
1365 2722 1439 2760 hoc
1460 2723 1572 2763 dulces
1595 2725 1715 2775 epulas
1729 2754 1740 2771 ‚
1766 2726 1840 2765 hoc
1861 2727 1990 2778 pabula
2014 2728 2138 2774 novit,

1158 2833 1163 2854 υ
1194 2824 1254 2863 ubi
1276 2823 1471 2865 deteriores
1490 2823 1554 2863 bas
1577 2827 1616 2864 &
1636 2825 1731 2864 haec.
1769 2826 1926 2866 Ovidius
1955 2828 2066 2879 Epist.
2096 2830 2210 2879 Phyll.

1196 2887 1243 2914 vs
1296 2876 1329 2913 6.

1246 2889 1376 2983 Dsebuit
1394 2947 1468 2985 hoc
1488 2947 1607 2985 meriti
1629 2946 1770 2985 summa
1784 2947 1889 2998 fuiffe
1910 2949 1974 2989 tui.

1192 3024 1288 3062 Infra
1324 3025 1401 3063 nib.
1426 3025 1492 3063 vr.
1526 3026 1634 3075 Epist.
1667 3016 1777 3065 vni.
1810 3036 1899 3067 extr.
1926 3029 2209 3074 naumurum

177 3069 203 3106 4
229 3059 386 3113 lubia]
411 3064 572 3110 Tabulae
589 3095 604 3117 .
640 3081 734 3123 quae
753 3075 988 3126 praeponitur
1005 3076 1126 3125 libris,
1183 3073 1218 3126 fi
1237 3076 1313 3116 hoc
1329 3076 1470 3123 perinde
1485 3087 1571 3117 cura
1592 3076 1636 3126 est
1655 3077 1746 3125 tibi,
1772 3091 1881 3131 quam
1901 3079 1994 3121 illud
2013 3080 2111 3119 mihi.

2092 3142 2107 3168 1
2138 3129 2212 3174 Jass
