2616 3686
255 168 350 233 648

495 165 555 216 C.
621 159 1012 214 PLINII
1082 152 1593 208 CAECILII
1663 152 2180 204 SECUNDI

259 241 528 298 venditari
554 237 761 297 libellos
787 255 938 293 meos
960 274 977 300 ,
1007 234 1205 310 quibus
1232 247 1463 305 peregre
1493 247 1712 287 manere
1733 231 1952 305 gratiam
1970 271 1985 295 ,
2002 249 2165 306 quam
2193 231 2245 286 in
2269 226 2403 285 urbe

263 324 280 349 ¹
304 316 657 386 collegerint,
675 312 930 370 delestor.
976 312 1182 380 lncipio
1213 310 1359 363 enim
1386 308 1499 362 satis
1523 305 1825 361 absolutum
1848 305 2259 370 existimare,de
2284 322 2397 377 quo

264 405 412 447 tanta
433 388 739 446 diversitate
758 388 1045 462 regionum
1072 385 1300 441 discreta
1328 382 1611 438 hominum
1631 380 1834 454 judicia
1857 382 2216 438 consentiunt.
2257 379 2398 438 Vale.

483 537 605 594 X11.

683 537 752 594 C.
827 535 1274 590 PL1N1us
1346 532 1797 604 ιῙυΝῙοιιΙ
1875 529 2057 587 Suo
2131 529 2187 586 S.

270 686 517 763 Exemplo
540 686 755 740 alterius
779 694 941 736 mouet
965 682 1240 752 Juur'flrem
1264 680 1569 736 remittenda
1597 680 1844 755 quaedam
1863 680 1970 752 filio
1992 718 2008 744 ,
2048 695 2202 752 neque
2212 678 2408 754 ftmper

423 762 665 817 utendum
684 759 998 833 sbveritatss
1041 776 1152 812 cum
1173 773 1333 811 omues
1361 757 1579 811 homiues
1603 757 1773 830 alzquo
1796 773 1963 814 errore
1993 756 2264 810 ducantur.

437 909 706 983 Astigabat
733 910 954 981 quidam
983 909 1154 964 filium
1183 906 1336 962 suurn
1364 945 1379 970 ‚
1416 905 1570 978 quod
1600 905 1760 976 paulo
1783 917 1802 939 ²
1825 906 2182 979 sumptuosius
2213 921 2412 978 equos,

438 986 491 1040 δε
520 988 675 1040 canes
705 1000 932 1041 emeret.

272 1172 292 1199 a
312 1173 389 1212 quo
420 1161 673 1213 Lugdunensis
692 1163 898 1212 provincia,
925 1160 1139 1211 metropolis
1157 1162 1195 1199 in
1217 1158 1305 1198 Gal-

270 1213 317 1250 lia
339 1213 444 1252 instar
463 1217 549 1253 arcis
570 1242 580 1258 ,
615 1215 722 1252 fitum
759 1216 795 1253 in
824 1223 953 1254 monte
978 1226 1057 1251 non
1086 1211 1305 1255 editissimo,

273 1263 335 1301 ubi
356 1264 449 1302 Arar
471 1267 508 1302 ἃ
532 1265 731 1303 Rhodanus
758 1277 883 1304 amnes
904 1264 1094 1304 confluunt
1117 1275 1128 1300 ι
1166 1263 1212 1300 de
1231 1273 1308 1310 quo

276 1314 485 1353 Plutarchus
510 1315 550 1363 in
576 1318 651 1354 vita
678 1316 864 1354 Annibalis
886 1344 896 1361 ,
936 1320 1021 1353 Arar
1048 1316 1086 1351 δε
1114 1311 1313 1350 Rhodanus

279 1376 431 1411 amnes,
460 1378 505 1403 ex
530 1365 674 1404 diversis
694 1367 879 1404 montibus
903 1365 1130 1404 confluentes
1141 1363 1316 1401 efficiunt.

279 1416 409 1462 Quam
432 1416 528 1452 Galli
549 1417 698 1454 insulam
719 1417 899 1466 appellant
922 1444 933 1461 ,
959 1417 1079 1465 ibique
1103 1415 1315 1463 Lugdunum

279 1465 329 1504 est
343 1493 353 1509 ‚
379 1466 612 1504 celeberrima
633 1467 770 1505 Galliae
787 1468 1014 1516 urbs‚quam
1039 1478 1058 1503 a
1081 1466 1214 1502 Planco
1236 1465 1317 1502 Nu-

282 1516 398 1554 matio
419 1517 578 1554 Consule
601 1517 788 1556 conditam
815 1516 916 1557 fuiffe
944 1518 1152 1566 accepimus
1176 1543 1187 1560 ,
1214 1516 1317 1565 supra

282 1567 436 1615 reliquas
457 1567 538 1606 sane
558 1568 720 1606 civitates
740 1597 750 1614 ,
788 1576 939 1618 excepta
959 1569 1134 1606 Narbone
1147 1595 1157 1611 ‚
1185 1566 1318 1605 florens

287 1618 514 1666 temporibus
539 1619 717 1657 Strabonis
738 1620 899 1658 virorum
921 1619 1060 1657 ordine.
1086 1618 1320 1656 Nam&usui

282 1678 428 1716 ‚magno
448 1669 511 1706 illis
533 1670 583 1707 est
603 1672 811 1718 emporium
833 1684 842 1709 z
869 1670 929 1708 sed
951 1678 1007 1708 tot
1027 1670 1264 1719 pulcherrima
1283 1670 1321 1706 in

290 1729 334 1757 ea
357 1729 487 1767 opera,
516 1731 608 1768 quae
633 1720 766 1767 singula
785 1721 951 1758 illustrare
964 1720 1115 1768 singulas
1126 1720 1229 1757 urbes
1242 1719 1321 1768 pos·

289 1769 368 1807 sent
389 1797 400 1814 ,
437 1770 648 1808 incendium
666 1770 728 1808 sub
760 1771 913 1808 Nerone
933 1771 1063 1810 stravit.
1088 1781 1217 1808 verum
1232 1771 1323 1807 haec

290 1827 398 1858 antea
416 1820 538 1858 civitas
559 1821 732 1869 opulenta
748 1828 1010 1859 ornamentum
1031 1821 1299 1870 provinciarum
1314 1848 1324 1865 ,

293 1871 423 1919 quibus
441 1869 568 1908 inserta
589 1871 637 1908 est
657 1898 667 1914 ‚
697 1873 735 1909 &
765 1879 916 1920 excepta
935 1872 1137 1910 centesimo
1155 1871 1197 1908 ab
1218 1872 1326 1919 origi-

297 1933 346 1958 ne
366 1921 425 1959 sua
445 1932 544 1959 anno
565 1921 686 1959 exusta
705 1923 805 1960 brevi
825 1923 957 1961 coaluit
981 1951 992 1968 ,
1023 1932 1063 1960 ut
1094 1923 1155 1960 sub
1176 1922 1325 1960 Vitellio

294 1983 381 2009 cum
404 1972 671 2010 Viennensibus
689 1980 822 2012 certare
837 1974 878 2012 sit
898 1975 977 2012 ausa
997 2002 1007 2018 ,
1038 1973 1218 2012 veteribus
1235 1978 1327 2011 inter

296 2030 491 2071 utramque
511 2023 613 2061 odiis.
652 2023 725 2062 Illic
749 2025 911 2063 Romani
927 2024 1035 2063 duces
1058 2032 1248 2062 monetam
1273 2036 1329 2062 ar-

296 2081 466 2121 genteam
490 2100 501 2117 ,
538 2085 759 2123 aureamque
796 2075 988 2123 signabant.
1040 2075 1246 2124 Templum
1283 2075 1329 2112 ab

298 2124 473 2161 universis
493 2123 601 2162 Gallis
621 2127 814 2164 communi
832 2124 1057 2174 designatum
1076 2125 1220 2175 inpensa
1241 2153 1251 2169 ‚
1289 2126 1328 2163 δε

300 2174 470 2222 Augusto
486 2174 791 2214 Caesaridicatum
807 2204 816 2219 ,
843 2184 927 2214 ante
949 2177 1110 2225 Lugduni
1125 2177 1251 2214 urbem
1271 2186 1333 2214 ae·
1361 2183 1363 2217 ζ
1402 2173 1547 2213 Caussas
1568 2188 1644 2215 non
1664 2177 1782 2220 addit,
1809 2177 1874 2215 nisi
1891 2178 1984 2216 hanc
2000 2190 2127 2222 unam,
2149 2176 2250 2227 quod
2263 2175 2350 2213 L.&
2363 2170 2416 2207 M·

304 2223 495 2262 dificatum
517 2225 565 2262 est
587 2253 598 2269 ‚
633 2227 692 2264 ubi
710 2225 905 2264 fluviorum
924 2228 1036 2265 coitio
1054 2227 1150 2266 adest
1175 2255 1185 2271 ,
1214 2228 1250 2264 ἃ
1272 2238 1331 2264 ara
1362 2219 1364 2236 ³

305 2275 483 2323 dignitatis
513 2276 668 2315 eximiae
699 2278 862 2325 gentium
891 2277 1073 2326 sexaginta
1103 2289 1261 2315 nurnero
1279 2278 1334 2315 in-

306 2326 473 2374 scriptum
510 2326 643 2364 habens
669 2327 813 2366 titulum
834 2341 844 2366 :
885 2339 1083 2377 earumque
1119 2328 1334 2376 singularum

307 2377 418 2415 statua
437 2387 528 2421 una,
556 2378 621 2416 alia
639 2378 784 2417 subinde
807 2380 932 2427 ingens
949 2379 1123 2416 locataest
1138 2390 1210 2420 ara.
1234 2379 1340 2424 juxta

313 2427 600 2477 Lugdunensem
622 2439 720 2466 aram
742 2429 850 2467 edidit
863 2430 1021 2478 Caligula
1032 2437 1216 2468 certamen
1226 2430 1342 2467 Grae-

316 2490 380 2516 cae
405 2479 630 2528 Latinaeque
651 2480 841 2519 facundiae
865 2508 875 2525 ,
912 2491 988 2528 quo
1007 2483 1127 2518 serunt
1146 2481 1341 2519 vic‘toribus

315 2529 434 2567 victos
457 2531 614 2577 praemia
636 2529 824 2570 contulisse
848 2558 859 2576 ‚
896 2531 1115 2580 Tranquillo
1145 2532 1340 2578 scribente,

314 2580 536 2618 eorumdem
558 2582 596 2619 δε
616 2581 738 2619 laudes
755 2593 983 2629 componere
1001 2584 1169 2626 coactos,
1197 2594 1260 2620 eos
1277 2595 1340 2620 au-

314 2637 392 2668 tern
415 2632 477 2679 qui
500 2633 662 2669 maxime
681 2631 950 2681 displicuissent,
976 2635 1099 2683 scripta
1118 2634 1175 2672 sua
1192 2633 1342 2683 spongia

312 2681 482 2730 linguave
499 2680 618 2720 delere
631 2681 744 2731 jussos
767 2711 777 2727 ,
814 2684 875 2721 nisi
904 2684 1024 2722 ferulis
1044 2685 1224 2733 objurgari
1243 2713 1252 2730 ‚
1282 2693 1344 2724 aut

316 2731 470 2771 flumine
490 2734 662 2779 proximo
679 2734 793 2783 mergi
810 2734 1021 2773 maluissent.
1049 2737 1082 2773 C
1095 2747 1117 2772 A
1129 2748 1186 2773 TA
1201 2748 1236 2773 N.

375 2794 407 2821 1.
431 2783 672 2833 collegerint]
701 2785 835 2833 Adepti
865 2785 934 2823 fint
956 2814 966 2829 ‚
1002 2785 1038 2824 id
1063 2786 1112 2824 est
1135 2815 1145 2831 ,
1180 2786 1342 2825 dele<9mr

317 2831 456 2879 placere
473 2833 607 2873 libellos
630 2846 735 2874 meos
749 2864 760 2881 ,
785 2842 859 2873 tam
879 2837 964 2874 foris
981 2848 1094 2886 quam
1115 2836 1219 2875 domi
1231 2851 1242 2880 ;
1261 2844 1337 2875 tam

318 2882 414 2928 apud
438 2887 641 2939 peregrinos
658 2897 768 2935 quam
796 2887 945 2925 nostros.
985 2887 1042 2925 11>
1058 2900 1076 2924 ε
1091 2901 1132 2926 Μ.
1168 2885 1272 2926 Voff.
1300 2890 1339 2926 &

310 2939 550 2987 peregre-mne
569 2937 721 2981 gratiam
734 2965 744 2981 ‚
770 2950 878 2986 quam
897 2938 934 2974 in
955 2938 1037 2975 urbe
1053 2938 1229 2987 legerunt.
1249 2940 1342 2976 Iuci-

311 2989 369 3029 pro
401 2994 491 3018 emm
548 2984 594 3020 Et
615 2987 766 3022 verbum
802 2988 945 3025 deleblor
975 2991 1083 3027 etiam
1113 2990 1150 3027 in
1183 2989 1341 3027 Helmst.

315 3032 427 3074 Arnz.
451 3032 489 3070 ὃ(
517 3031 584 3072 Ed.
609 3035 698 3075 Vet.
727 3035 953 3088 desideratur.
1003 3038 1120 3079 Iidem
1140 3039 1215 3079 libri
1236 3052 1243 3077 :
1275 3040 1338 3090 qui

1009 982 1162 1040 Huic
1193 999 1297 1054 ego
1327 1021 1343 1047 ,
1389 988 1404 1016 ³
1431 982 1631 1052 juvene
1657 979 1888 1051 digresso
1916 1021 1932 1046 ‚
1983 982 2114 1036 heus
2139 997 2198 1036 tu
2224 1019 2240 1044 ,
2280 999 2415 1035 nun·

2182 1073 2415 1127 quamne

1381 1169 1515 1211 peregre
1541 1171 1681 1199 manere
1702 1160 1859 1209 gratiam
1883 1188 1894 1205 ‚
1933 1172 2042 1211 quam
2076 1160 2113 1198 in
2151 1158 2233 1198 urbe
2265 1157 2417 1207 legerint.

1388 1213 1519 1250 Statius
1540 1211 1626 1250 XII.
1654 1212 1779 1251 Theb.
1800 1223 1852 1251 vs,
1875 1221 1958 1258 177.

1439 1312 1503 1350 Hic
1523 1325 1595 1350 nan
1605 1313 1776 1359 femineae
1794 1312 1948 1361 subitum
1971 1312 2112 1352 virtutis
2129 1312 2314 1351 honorem

1441 1364 1588 1412 Colligit
1613 1365 1741 1414 Argia.

1389 1463 1487 1501 Infra
1507 1465 1603 1513 prior
1622 1463 1755 1504 Aldina
1776 1479 1785 1503 :
1823 1477 1925 1505 tanta
1947 1466 2149 1518 diverfitate
2167 1465 2337 1515 regionum
2354 1463 2423 1503 dis-

1378 1523 1528 1563 ·crepata
1541 1514 1576 1553 h.
1587 1516 1743 1564 judicia,
1771 1518 1873 1565 quod
1893 1517 2125 1554 Schureriana
2146 1528 2249 1554 caeca
2267 1515 2340 1553 fide
2363 1527 2420 1553 re-

1389 1566 1544 1614 petivit,
1570 1566 1652 1604 licet
1673 1566 1745 1615 ipse
1763 1567 1879 1605 Aldus
1892 1569 1928 1605 in
1940 1567 2135 1616 posteriore
2146 1568 2286 1617 discreta
2296 1577 2424 1604 emen-

1390 1616 1538 1655 daverit.
1564 1617 1669 1653 Male
1701 1619 1813 1656 etiam
1847 1618 2002 1656 Helmst.
2033 1618 2146 1656 Arnz.
2178 1620 2216 1655 ὅς
2245 1616 2314 1655 Ed.
2333 1617 2421 1655 Vet.

1392 1667 1589 1717 diffentiunt
1611 1667 1647 1704 in
1664 1666 1737 1706 fine
1750 1696 1761 1712 ‚
1788 1680 1856 1717 pro
1874 1668 2094 1718 consentiunt.

1443 1730 1477 1755 2.
1505 1717 1714 1766 Sumtuosz'us
1732 1732 1829 1769 equos
1846 1730 1889 1759 ω’
1908 1732 2005 1757 canes
2025 1716 2203 1768 emeret.]
2231 1717 2302 1755 Pro
2314 1726 2418 1755 more

1386 1768 1776 1819 juvenum.Horatius
1793 1771 1829 1808 in
1851 1771 1942 1808 Arte
1961 1781 2011 1809 vs.
2033 1771 2116 1809 161.

1446 1869 1622 1908 Imberbus
1644 1871 1784 1919 juvenis
1803 1873 1946 1910 tandem
1971 1871 2100 1924 custode
2117 1880 2240 1908 remoto

1448 1923 1587 1960 Gaudet
1613 1924 1713 1972 equis
1738 1924 1968 1974 canibusque.

1397 2022 1582 2061 ΒΑιτΗ,
1618 2025 1707 2062 Non
1741 2025 1840 2064 aliter
1877 2037 2009 2064 omnes
2039 2026 2126 2065 libri.
2178 2023 2328 2061 Tamen
2364 2020 2422 2058 Cl-

1360 2116 1362 2119 v
1397 2074 1601 2112 Markland.
1620 2076 1665 2113 acl
1685 2076 1783 2114 Statii
1804 2078 1854 2115 V.
1884 2077 1968 2115 Silv.
1987 2076 2053 2114 111.
2077 2089 2128 2115 vs.
2153 2082 2421 2126 302.p2³g·3¹2·

1398 2124 1554 2162 Plinium
1576 2125 1742 2164 adfirmat
1761 2125 1926 2176 scripfifse
1947 2140 1956 2164 ε
1993 2139 2091 2178 equos
2116 2139 2157 2166 ω’
2184 2138 2281 2163 canes
2301 2124 2419 2161 aleret-

1399 2225 1503 2274 saepe
1524 2227 1671 2266 confusa
1691 2229 1820 2266 multas
1837 2229 2048 2279 hujusmodi
2075 2230 2260 2267 varietates
2276 2231 2420 2274 pepere-

1368 2317 1369 2321 ,
1402 2277 1484 2314 rint.
1512 2277 1658 2316 Addam
1683 2278 1903 2318 Terentium
1929 2278 2022 2318 alere
2056 2280 2092 2318 in
2127 2280 2254 2318 eadem
2271 2285 2308 2312 re
2324 2268 2420 2309 adhi-

1403 2326 1514 2365 buifle
1532 2328 1647 2368 Andr.
1666 2329 1753 2367 Aet.
1773 2330 1799 2366 I.
1827 2331 1881 2368 Sc.
1910 2330 1937 2368 1.
1962 2342 2013 2369 vs.
2043 2341 2101 2378 30.
2145 2330 2276 2376 Neque
2298 2330 2420 2360 tamen

1405 2387 1596 2427 propterea
1613 2391 1630 2417 a
1654 2380 1743 2418 libris
1759 2379 1974 2420 recesserim.
2001 2381 2132 2419 Sallust.
2149 2371 2420 2422 Cat.cap.X1V-

1407 2441 1444 2467 n.
1466 2430 1498 2466 6.
1517 2429 1593 2467 aliis
1610 2443 1706 2479 canes
1722 2443 1826 2482 atque
1839 2446 1935 2483 equos
1954 2433 2118 2471 mercari.
2142 2427 2247 2467 Adde
2257 2424 2302 2461 de
2313 2431 2419 2459 more

1406 2483 1509 2529 ΜΡΝ1
1538 2481 1620 2519 Lib·
1641 2483 1708 2521 IV·
1734 2482 1840 2531 Epist.
1864 2483 1912 2521 ΙΙ.
1936 2495 1972 2520 n.
1993 2494 2028 2532 3.
2063 2482 2115 2519 At
2140 2475 2310 2528 sumtuose
2333 2472 2422 2509 alm

1409 2531 1538 2569 melius
1553 2531 1702 2576 dicitur,
1731 2545 1841 2583 quam
1855 2532 2029 2582 sumtuose
2051 2543 2165 2568 emere.
2208 2527 2303 2582 Νφῐὶ.
2319 2530 2420 2571 Puta·

1409 2583 1499 2620 rim:
1528 2594 1611 2622 cum
1631 2591 1828 2633 utrumque
1845 2584 1884 2622 fit
1897 2582 2122 2633 sumtufac'lo
2143 2605 2153 2622 ,
2173 2585 2277 2632 prefw
2292 2582 2422 2623 lmFW‘

1401 2634 1452 2683 fh.
1489 2632 1579 2671 Hoc
1597 2644 1719 2673 autem
1739 2635 1836 2673 adeo
1853 2635 2023 2682 frequens
2033 2630 2103 2685 est,
2131 2635 2169 2664 ut
2191 2625 2348 2663 otiosum
2371 2623 2422 2661 es-

1409 2684 1459 2722 set
1479 2685 1678 2724 adstruere:
1707 2697 1754 2724 eo
1771 2685 1902 2732 magis.
1930 2683 2012 2731 quia
2028 2687 2135 2716 etiam
2158 2688 2202 2714 ex
2216 2674 2424 2731 Homulli.

1412 2735 1525 2773 Ovid.
1546 2736 1612 2774 VI.
1630 2748 1679 2775 vs.
1702 2747 1760 2783 32.
1778 2731 1957 2783 pretiosum
1973 2740 2131 2767 amtorem
2151 2734 2337 2782 cognitum
2359 2725 2424 2762 ha-

1411 2785 1550 2824 bemus.
1605 2786 1655 2823 lta
1677 2788 1716 2823 &
1736 2785 1833 2822 home
1844 2779 2062 2832 sumtuosus„
2087 2777 2309 2827 adolescentm
2321 2778 2423 2827 sum-

1410 2838 1506 2886 tuosa
1525 2836 1622 2884 apud
1640 2837 1819 2884 probatos.
1849 2832 1916 2869 Co
1931 2844 1953 2868 R
1972 2841 1994 2867 ‘r
2010 2842 2042 2867 ε.
2201 2880 2208 2886 ·

1464 2899 1498 2936 3.
1524 2888 1667 2933 Juvene
1688 2883 1869 2933 digrff.]
1918 2880 2031 2918 Recte
2069 2880 2107 2916 &
2141 2880 2324 2927 sapienter.
2357 2887 2427 2915 nec

1411 2939 1519 2976 etiam
1541 2945 1677 2974 temere
1694 2934 1797 2971 amici
1819 2932 1882 2969 nisi
1901 2931 1994 2967 clam
2014 2930 2311 2978 castigandisunt:
2339 2940 2386 2966 ne
2399 2927 2425 2965 fi

1410 2989 1526 3035 palam
1555 2984 1762 3034 aggrediaris
1787 2983 1825 3018 &
1846 2980 2082 3029 praesentibus
2100 2982 2170 3020 aliis
2192 3010 2202 3026 ,
2236 2979 2426 3036 censorem

1409 3037 1550 3085 potiuS‚
1581 3046 1690 3085 quarn
1710 3033 1869 3071 amicum
1891 3043 1994 3081 agere
2017 3045 2025 3070 z
2066 3041 2126 3070 aut
2144 3031 2328 3071 malevolo
2352 3042 2429 3067 am-

2342 3092 2406 3119 mo
2419 3106 2432 3125 ‚
