2616 3686
709 173 900 234 -DE
965 173 1334 238 PL1N11
1401 169 1733 232 EP‘IST.

182 296 339 344 futura
365 290 593 341 tironibus
616 287 805 338 auclore
827 292 900 355 J0.
926 287 1204 339 Christiano
1236 292 1518 357 Hertzogio.
1591 298 1709 346 Inde
1738 314 1864 350 anno
1898 318 2037 365 1712.
2073 310 2257 373 Lipfiae
2292 334 2363 367 12,

179 359 415 425 Epistolae
446 356 497 405 ἃ
526 355 841 421 Panegyricus
862 354 1140 420 prodierunt
1167 355 1419 406 illustratae
1451 360 1652 410 Scholiis
1683 368 1926 428 perpetuis
1964 371 2022 418 ad
2054 376 2244 423 modum
2272 374 2366 429 Mi-

180 426 292 475 nelli
314 442 340 473 a
364 427 436 489 Jo.
476 424 652 472 Frider.
690 420 931 469 Weinich.
979 421 1166 469 Etcum
1189 423 1314 470 notis
1337 426 1569 473 accuratis
1598 427 1893 480 Germanicis
1925 434 1975 482 in
2005 436 2209 496 tironum
2241 443 2370 493 usum

179 504 372 541 curante
408 490 606 552 Casparo
649 485 961 549 Gottselingio
1002 484 1066 550 (i)
1109 487 1318 536 Re6tore
1362 490 1562 539 Scholae
1603 492 2168 564 Neobrandenburgenfis
2215 506 2367 556 Halae

179 560 285 607 Sax.
328 571 462 618 1721.
503 570 575 604 12.
611 555 682 618 J0.
723 552 966 600 Guilielmi
991 553 1185 616 Bergeri
1213 554 1364 602 editio
1397 555 1455 604 ad
1477 558 1619 605 MSS.
1657 563 1886 611 recensita
1910 602 1923 624 ‚
1972 568 2103 630 cujus
2143 568 2268 631 spem
2300 571 2366 619 fa-

179 625 310 682 ciunt
353 621 618 670 Memoriae
652 618 961 678 Trevoltinae
994 633 1067 674 an.
1109 634 1250 680 1714.
1288 637 1333 685 p.
1376 637 1513 683 1477.
1564 625 1769 674 necdum
1820 629 1946 677 vidit
1988 631 2143 682 lucem
2167 671 2180 692 ,
2241 638 2365 698 quod

178 690 333 737 sciam.
377 685 641 748 Descriptio
680 683 895 731 villarum
928 682 1203 731 rusticarum
1236 686 1339 741 Lib.
1385 688 1446 734 II.
1495 688 1642 751 Epist.
1692 691 1848 752 XVII.
1887 693 1938 755 δε
1972 696 2074 744 Lib.
2114 699 2178 746 V.
2216 700 2361 764 Epist.

179 756 270 801 Vi.
307 766 400 800 tam
425 763 642 798 accurata
666 748 734 796 est
754 747 805 798 ,δε
829 748 1027 812 diligens
1058 780 1075 808 ,
1131 747 1210 813 (k)
1246 750 1333 797 acii
1358 750 1455 799 illas
1488 755 1696 810 vendere
1725 756 1902 818 Plinius
1932 755 2212 819 instituisset.
2273 767 2364 816 His

178 818 302 868 reete
322 815 661 879 intelligendis,
697 827 883 877 praeter
906 815 1263 878 ichnograpliias
1295 815 1485 864 insertas
1531 820 1707 868 Comiti
1742 818 1915 872 rustico
1949 825 2136 888 Pithoei
2170 828 2221 876 &
2261 832 2357 879 An-

179 874 314 934 dreae
335 882 430 930 sive
453 882 517 928 Cl.
556 879 792 928 Pelleterii
814 878 998 941 potius,
1035 896 1094 930 ex
1117 881 1305 943 optimis
1321 881 1503 940 Latinis
1517 883 1781 940 au&oribus
1806 905 2032 954 excerpto
2045 892 2183 941 Paris.
2217 901 2361 956 1692.

183 957 317 1010 1708.
358 961 429 994 12.
467 962 512 1008 p.
556 949 661 1004 164.
698 945 789 1008 seq.
830 945 875 991 T
878 944 1085 1003 elibienii
1120 945 1348 993 Gallicam
1379 946 1855 1012 interpretationem,
1904 973 2020 1019 qnae
2050 958 2157 1021 post
2189 961 2362 1018 editio-

176 1004 285 1070 nem
307 1012 441 1059 Paris,
484 1015 621 1071 1698.
665 1026 736 1069 12.
777 1007 839 1074 (l)
867 1025 975 1056 cum
1005 1010 1173 1057 iisdem
1206 1012 1420 1059 iconibus
1462 1030 1553 1062 aere
1597 1016 1840 1081 descriptis
1876 1020 1928 1069 <Sc
1961 1025 2085 1083 notis
2126 1041 2185 1073 ex
2213 1027 2361 1077 archi-

177 1078 441 1137 teRonicae
478 1077 586 1124 artis
624 1092 750 1139 penu
783 1075 945 1138 petitis
977 1075 1134 1133 recusa
1161 1075 1231 1123 est
1264 1076 1521 1127 Amstelod.
1573 1086 1710 1142 1706.
1765 1099 1836 1145 12.
1886 1087 2190 1149 consulendus
2232 1094 2356 1142 Rob,

177 1142 396 1198 Castellus
430 1142 706 1189 architeEtus
744 1141 793 1188 in
832 1157 975 1202 opere
1014 1140 1263 1203 splendidis
1295 1141 1521 1204 illustrato
1551 1147 1799 1209 iconibus:
1836 1151 1908 1209 the
1942 1153 2075 1200 Villis
2099 1154 2153 1217 of
2175 1157 2247 1204 the
2279 1173 2360 1204 an-

175 1211 303 1257 cients
326 1207 568 1269 illustratcd
588 1206 682 1271 (m)
715 1206 866 1254 Lond.
909 1214 1046 1266 1728.
1084 1205 1164 1252 fol.
1203 1207 1252 1253 in
1267 1224 1358 1270 quo
1385 1208 1522 1270 Plinii
1548 1211 1791 1274 epistolam
1812 1230 2057 1282 utramque
2081 1221 2225 1270 etiam
2250 1240 2362 1272 cum

172 1276 373 1338 Anglica
393 1275 604 1321 versione
626 1273 704 1329 sua
732 1272 938 1320 exhibet.
1010 1272 1238 1345 Hercules
1270 1275 1465 1335 Corazzi
1500 1275 1579 1340 (n)
1612 1278 1771 1340 Abbas
1806 1283 2089 1345 Oliveftanus
2121 1287 2171 1349 in
2206 1289 2358 1352 prima

170 1340 558 1398 Dissertationum
593 1338 733 1386 trium
763 1338 994 1385 editarum
1024 1339 1265 1410 Bononiae
1300 1354 1436 1401 1717.
1472 1357 1518 1401 4.
1559 1359 1676 1406 quae
1697 1345 1769 1405 est
1790 1346 1922 1410 sopra
1945 1351 1989 1398 le
2023 1353 2359 1403 confidffl-azjo-

171 1406 221 1454 ni
250 1404 408 1460 fisiche
441 1404 561 1452 fatte
604 1404 663 1452 da
703 1403 981 1465 Monfignor
1013 1403 1196 1461 Lancisi
1235 1418 1427 1465 intorno
1457 1408 1544 1463 alla
1576 1410 1684 1470 villa
1717 1412 1764 1459 di
1794 1412 1948 1473 Plinio
1972 1453 1983 1474 ‚
2033 1417 2243 1480 scoperta
2275 1422 2352 1468 nel

172 1470 476 1530 Laurentino.
514 1472 584 1534 Jo.
622 1469 807 1516 Mariae
841 1468 1026 1515 Lanci-si
1055 1468 1294 1526 Archiatri
1324 1486 1471 1533 nuper
1504 1473 1749 1524 Pontificis
1784 1478 2058 1539 Dissertatio
2093 1481 2150 1529 de
2183 1483 2351 1534 Plinja-

173 1551 261 1583 nae
283 1535 420 1582 villae
445 1535 685 1583 ruderibus
713 1533 764 1582 ὃς
798 1532 1023 1592 Ostiensis
1056 1533 1224 1580 littoris
1256 1534 1548 1586 incremento
1590 1540 1732 1600 Rom.
1775 1558 1914 1603 1714.
1954 1545 2035 1600 fol.
2084 1549 2142 1594 ad
2176 1550 2350 1598 calcem

172 1601 292 1647 Lud.
328 1601 527 1646 Antonii
550 1599 747 1646 Comitis
774 1597 984 1659 Marfigli
1012 1598 1070 1643 de
1096 1599 1400 1659 generatione
1423 1601 1677 1664 fungorum
1712 1604 1789 1669 (o)
1826 1607 1877 1657 &
1910 1608 1959 1655 in
1984 1612 2202 1672 operibus
2225 1616 2349 1667 ,Lan-

175 1664 270 1711 ciffi
297 1663 496 1728 junffim
526 1662 691 1710 recufis
726 1661 910 1708 Genev.
964 1671 1100 1721 1713.
1148 1678 1192 1721 4.
1240 1664 1369 1711 Libri
1402 1667 1514 1724 vn.
1563 1668 1708 1730 Epi-st.
1747 1672 1947 1731 xxvii.
1997 1676 2053 1721 aa
2088 1667 2344 1740 susanae

172 1745 230 1777 eo
265 1744 365 1774 num
390 1731 481 1790 fint
512 1727 675 1789 aliquid
696 1726 1010 1787 phantasmata
1043 1727 1099 1773 ad
1132 1744 1327 1776 examen
1360 1744 1588 1779 revocant
1619 1735 1859 1784 Hallenses
1901 1738 1949 1785 in
1982 1740 2128 1789 Nova
2165 1736 2341 1793 Biblio-

170 1795 306 1852 theca
330 1794 454 1841 edita
481 1793 758 1841 Germanice
782 1792 830 1838 in
865 1800 906 1845 8.
945 1789 1065 1839 Sest.
1104 1793 1324 1851 XXXIV.
1361 1812 1405 1858 p.
1447 1801 1553 1858 276.
1592 1799 1680 1863 seq.
1720 1802 1797 1854 ubi
1833 1804 2066 1866 responsio
2094 1809 2342 1859 exhibetur

172 1860 230 1916 ad
265 1860 387 1907 illam
426 1857 678 1921 Epistolam
709 1857 786 1906 sub
827 1855 1023 1913 Gustavi
1057 1857 1246 1923 J—ansoni
1281 1863 1483 1910 nomine.
1534 1865 1663 1914 Vide
1700 1867 1753 1915 fis
1786 1866 1837 1916 <Sc
1870 1870 2118 1919 Christiani
2151 1874 2338 1925 lf'alsteri

173 1923 494 1972 Amoenitates
529 1923 751 1986 Philolog.
791 1923 930 1969 Tom.
965 1923 1002 1969 Ι.
1039 1939 1083 1985 p.
1125 1940 1231 1985 130.
1268 1926 1387 1989 seq..
1423 1928 1481 1986 ,ἅ
1517 1930 1710 1996 Georgii
1743 1934 2055 2000 Dehardingii
2088 1938 2201 1987 Djff
2242 1943 2338 1989 edi-

171 2002 266 2035 tam
297 1987 538 2035 Rostochii
571 1989 627 2035 de
669 1989 839 2036 morbis
872 2004 898 2034 a
935 1987 1216 2049 specirorum
1262 1992 1557 2053 adparitione
1592 1998 1812 2046 oriundis.
1919 2000 2061 2067 Quod
2101 1996 2335 2055 veroPli·

169 2053 268 2101 nius
301 2067 451 2100 narrat
481 2053 582 2115 post
614 2053 812 2100 hominis
855 2053 1069 2115 reliquias
1110 2055 1302 2103 honeste
1338 2061 1584 2108 tumulatas
1624 2061 1853 2124 spthrum
1885 2081 1980 2113 non
2025 2070 2219 2130 amplius
2263 2073 2332 2119 vi-

167 2119 291 2176 sum,
330 2118 396 2165 illi
433 2119 649 2165 relationi
679 2119 808 2180 plura
841 2118 1001 2165 similia
1036 2120 1228 2183 collegit
1260 2122 1467 2170 Huetius
1502 2125 1550 2172 in
1584 2127 1839 2177 Huetianis
1873 2146 1911 2177 c.
1961 2132 2177 2181 XXXIII.
2225 2138 2332 2184 Me-

161 2183 275 2230 mini
313 2197 464 2230 tamen
494 2184 805 2230 narrationem
835 2183 893 2229 de
916 2183 1150 2246 Agrinoto
1176 2185 1821 2255 Pythagoricophilosopho,
1858 2197 2096 2258 geminam
2125 2216 2230 2246 cum
2254 2219 2333 2261 ea,

161 2265 297 2309 quam
323 2248 385 2295 ibi
407 2248 465 2295 de
487 2249 792 2296 Athenodoro
833 2247 1043 2296 Tarsensi
1068 2249 1348 2312 philosopho
1385 2255 1545 2302 Stoico
1579 2257 1723 2305 refert
1754 2259 1928 2307 Plinius
1952 2298 1964 2318 ‚
2015 2262 2155 2310 rideri
2181 2281 2206 2311 a
2235 2268 2326 2312 Lu-

161 2313 295 2359 011110
318 2313 364 2360 in
400 2313 716 2376 Philopseude.
755 2315 824 2376 Jo.
863 2312 1041 2361 Pricaei
1073 2316 1120 2362 in
1152 2315 1378 2378 Epistolas
1412 2318 1584 2378 Plinii,
1644 2337 1755 2384 quas
1787 2327 1883 2388 jam
1919 2326 1974 2371 acl
2008 2328 2212 2386 praelum
2248 2347 2326 2392 pa-

156 2393 340 2425 raverat
365 2416 376 2434 ‚
427 2393 558 2426 notas
591 2379 790 2426 necdum
824 2376 983 2424 vidisse
1015 2379 1166 2427 lucem
1197 2381 1449 2429 dolendum
1483 2383 1562 2431 est.
1663 2389 1918 2448 Epistolam
1952 2391 2163 2451 quintam
2196 2396 2325 2443 Libri

156 2444 241 2488 ΙΙΙ.
281 2442 329 2490 &
353 2443 450 2490 Lib.
488 2445 576 2490 VI.
613 2442 754 2504 Epist.
793 2442 924 2488 XVI.
965 2444 1127 2503 quibus
1151 2445 1317 2505 scripta
1341 2446 1391 2493 δε
1422 2449 1663 2496 interitum
1691 2452 1826 2499 Plinii
1859 2455 2044 2516 majoris
2069 2493 2081 2513 ,
2120 2473 2324 2507 avuncu-

156 2506 187 2553 li
217 2507 311 2564 sui,
355 2508 522 2553 Plinius
557 2509 720 2571 Junior
753 2505 1072 2568 persequitur,
1118 2509 1241 2555 notis
1265 2509 1509 2557 illustravit
1541 2515 1745 2575 Joannes
1782 2518 2052 2566 Harduinus
2083 2520 2130 2567 in
2163 2523 2323 2572 limine

151 2569 292 2620 Plinii
316 2572 436 2619 Hist.
474 2573 728 2619 Naturalis.
767 2569 1024 2633 Christoph.
1066 2573 1348 2620 Gothosredi
1385 2577 1562 2624 Barthii
1593 2579 1705 2626 Difl]
1746 2583 1804 2630 de
1831 2583 2086 2631 Secessibus
2108 2601 2321 2636 veterum

2263 2656 2319 2702 ad

201 2767 264 2814 (i)
292 2767 401 2806 Neue
419 2764 597 2807 Hallische
617 2767 826 2808 Bibliothec.
854 2768 992 2808 XCIX.
1018 2767 1140 2808 Tom.
1163 2769 1210 2807 X.
1231 2769 1237 2803 l
1263 2781 1420 2819 marques
1433 2771 1499 2819 sur
1519 2782 1593 2810 tous
1614 2772 1659 2812 les
1678 2774 1856 2816 batimens.

155 2828 191 2867 p.
217 2820 303 2866 690.
1230 2804 1237 2883 1
1311 2823 1399 2867 (111)
1429 2823 1574 2866 Journal
1595 2823 1656 2863 des
1677 2825 1808 2865 Savans
1830 2829 1937 2875 1728.
1964 2842 1996 2879 p.
2028 2843 2110 2882 395.
2146 2833 2240 2873 Asta
2270 2836 2319 2875 Ε-

201 2870 278 2916 (k)
309 2869 524 2917 Menagiana
546 2869 665 2909 Torn.
692 2869 757 2906 IV.
785 2881 820 2917 p.
849 2870 907 2917 58.
1230 2886 1236 2939 1
1261 2870 1339 2908 rud.
1369 2881 1478 2928 173¹)
1503 2885 1534 2922 p.
1571 2886 1650 2921 ἶ09.

204 2918 265 2966 (1)
299 2919 386 2957 Hist.
413 2921 474 2959 des
503 2923 666 2968 ouvrag.
695 2919 756 2958 des
777 2920 910 2958 Savans
933 2927 1038 2969 1699.
1061 2932 1096 2968 p.
1126 2919 1209 2958 108.
1232 2941 1235 2949 ν
1312 2924 1385 2970 (n)
1417 2922 1975 2970 Gmrnalede1-ctteratid·1talia
1997 2933 2113 2972 Tom.
2140 2936 2319 2975 XXVlII.

149 2966 295 3013 Journal
317 2969 376 3008 des
397 2971 529 3010 Savans
564 2972 674 3020 1698.
699 2982 732 3019 p.
761 2982 845 3019 755.
872 2972 1017 3009 Titulus
1045 2972 1119 3009 est:
1149 2964 1235 3018 Les!
1261 2983 1294 3020 p.
1322 2984 1409 3019 409.

153 3017 263 3057 Plan,
280 3030 320 3059 ω’
338 3021 382 3061 les
405 3023 630 3075 Descriptions
649 3023 690 3061 de
715 3022 805 3061 deux
831 3023 871 3062 de
899 3022 974 3072 plus
996 3021 1090 3060 belles
1119 3023 1202 3060 mai·
1229 3021 1233 3076 ,¹
1310 3023 1323 3067 (
1337 3025 1385 3069 o)
1414 3023 1509 3062 Adia
1531 3025 1636 3065 Erus.
1672 3039 1780 3076 1715.
1806 3042 1840 3078 p.
1867 3041 1952 3079 334.
1979 3034 2150 3074 Giomale
2163 3034 2207 3074 de
2228 3035 2315 3075 Let-

147 3068 227 3138 fifzs
246 3069 287 3109 de
305 3075 500 3126 Campagne
523 3075 563 3114 de
588 3074 682 3114 Plino
707 3073 737 3113 le
762 3073 888 3124 Consul
911 3101 923 3119 ,
960 3086 1043 3113 avec
1070 3074 1115 3112 les
1143 3078 1206 3112 Re·
1226 3079 1234 3119 ι’
1259 3074 1361 3146 tera?
1371 3073 1509 3150 3313111
1524 3076 1652 3177 3Tom.
1682 3080 1783 3118 XXl.
1811 3092 1847 3130 p.
1877 3093 1965 3131 291.
