2616 3686
415 165 759 219 LIBER
827 164 1910 248 VILEPISTOLA'XXXIII.

113 247 642 325 ftpraevaricationem
667 240 900 317 objecerit
923 280 940 305 ,
1021 244 1119 298 uod
1140 263 1235 299 non
1257 245 1313 304 65
1334 267 1411 304 me
1434 269 1575 308 reum
1590 263 1885 331 postulavit.

117 325 172 381 ἃ
205 325 373 381 statim
408 327 439 351 2.
467 329 693 390 excepta
722 360 760 379 ‚.--
787 315 842 370 δε
889 332 961 389 po
1012 334 1074 373 ea
1107 321 1285 377 multo
1321 323 1573 385 sermone
1605 338 1871 398 celebrata
1908 362 1937 397 e

115 398 334 475 quidem
365 396 543 452 Nm...a
585 397 779 463 (snam
811 391 1054 463 privatus
1083 411 1311 468 quoque
1339 404 1657 464 attendebat
1692 410 1771 468 his
1800 458 1813 477 ,

110 473 328 548 publico
353 470 588 543 fierent)
630 466 788 523 miffis
817 465 884 521 ad
914 482 1004 521 me
1028 470 1340 541 gravissimis
1365 476 1529 534 literis
1554 524 1569 545 ‚
1610 502 1722 542 non
1751 489 1861 545 mih

109 566 232 605 rum
264 551 423 603 etiam
449 545 628 602 seculo
659 541 733 597 est
759 542 1082 614 gratulatum,

1963 270 2119 348 Quae
2142 225 2250 337 {g

1942 346 2022 406 st..
2078 349 2245 410 Divus
2260 370 2292 408 9

1866 436 2005 491 quae
2029 423 2171 481 reffle
2195 429 2250 484 in

1867 494 1884 547 i
1911 494 2083 552 solum
2104 538 2119 562 ‚
2160 519 2252 556 ve-

1126 550 1214 602 cui
1259 555 1569 625 exemplum
1610 562 1633 631 (
1644 560 1716 616 fic
1740 567 1884 623 enim
1908 568 2156 646 scripfit)
2184 575 2248 631 fi-

108 625 235 680 mile
259 623 485 696 antiquis
509 616 827 691 contigisset.
868 615 1027 672 Haec
1047 634 1330 709 utcunque
1357 627 1408 682 se
1433 624 1663 700 habent,
1705 643 1949 710 notiora,
1988 649 2240 717 clariora,
2261 673 2321 723 10¹

109 706 127 734 ⁴
153 698 347 770 majora
369 713 426 752 tu
447 696 629 751 facies:
657 709 978 823 ¹{quanquam
1007 712 1118 751 non
1146 715 1337 771 exlgo,
1381 717 1440 758 ut
1464 710 1694 767 excedas
1719 715 1865 774 afiae
1891 722 1969 776 rei
1994 725 2240 783 modum.

110 772 277 828 ⁵Nam
301 790 401 827 nec
426 768 638 825 historia

104 847 227 903 ficit.
268 847 408 904 Vale-

99 984 205 1036 piffe‚
233 998 278 1025 ex
297 987 499 1026 Ammiano
514 1014 525 1032 ,
551 995 708 1038 utroque
728 985 867 1025 Codice
880 1012 891 1029 ‚
920 988 959 1026 δε
977 987 1048 1026 ains
1058 987 1129 1026 Ca·

98 1036 271 1076 fauhonus
299 1038 343 1076 ad
376 1039 469 1077 Lam
499 1038 628 1078 ridium
662 1036 834 1076 observat.
871 1036 899 1074 B
912 1050 935 1074 u
948 1049 967 1074 c
980 1051 1003 1077 H
1017 1051 1040 1075 N
1056 1050 1076 1075 ε
1089 1053 1126 1096 ix.

96 1086 196 1127 ,Vide
216 1089 331 1127 nostra
352 1089 396 1126 ad
419 1091 472 1128 Sal
488 1089 549 1128 ust.
572 1091 650 1129 Cat.
681 1088 842 1137 cap.L1.
868 1099 905 1126 n.
932 1099 990 1136 19.
1017 1089 1129 1137 clansff

101 1137 182 1178 fimi
202 1140 268 1178 viri
281 1167 292 1186 ,
320 1141 492 1190 Consulis.
614 1191 621 1197 ι
698 1191 705 1197 .

153 1203 186 1230 1.
212 1191 550 1230 praevaricationem
568 1190 757 1241 objecerlt.]
787 1189 855 1228 Per
870 1189 944 1229 hoc
964 1189 1130 1248 ostende·

97 1240 164 1285 rit,
192 1241 293 1291 quod
314 1243 446 1280 vellem
468 1244 638 1293 adjuvare
657 1244 733 1287 ejus
753 1241 926 1299 causam..
959 1241 1130 1298 Diximus

94 1292 192 1329 enirn
213 1294 554 1341 praevaricationem
577 1292 650 1332 efle
665 1292 821 1331 diversae
841 1299 944 1340 parus
976 1294 1127 1341 opitula-

96 1342 237 1382 tionem
259 1345 397 1393 prodita
415 1345 514 1383 causa
536 1344 595 1382 sua
613 1372 625 1388 ‚
657 1355 768 1393 quam
802 1342 1003 1382 advocatus
1018 1343 1128 1383 susce-

91 1402 197 1442 perat
217 1395 499 1435 defendendam.
526 1395 558 1433 C
571 1408 593 1432 Α
608 1407 633 1434 1·
645 1407 668 1432 A
682 1408 719 1433 rx.

145 1456 183 1483 2.
210 1446 400 1496 Excepta]
429 1445 554 1483 Plausu
572 1456 719 1493 nempe.
749 1444 812 1483 BA
825 1457 850 1482 R
867 1457 890 1482 τ
906 1457 942 1504 Η..
961 1472 963 1474 ·

145 1506 181 1545 3.
209 1504 308 1535 Nam
320 1498 485 1545 privatus
501 1509 630 1546 quoque
654 1495 669 1545 ]
698 1495 817 1532 Placet
839 1506 952 1544 magis
971 1504 1011 1554 ut
1031 1499 1129 1546 lega-

95 1556 176 1583 mus
192 1564 209 1590 *,
244 1547 323 1595 jam
346 1546 510 1596 privatas
541 1545 594 1582 his
621 1558 707 1595 quae
726 1544 929 1602 attendebat
951 1574 961 1590 ‚
996 1547 1032 1584 ld
1053 1549 1124 1594 est,

90 1597 171 1646 jam
193 1598 236 1636 ab
255 1591 377 1635 officio
409 1597 596 1634 Senatorio
628 1597 666 1634 &
696 1596 830 1653 publica
861 1606 943 1634 cura
961 1607 1124 1656 remotus

94 1647 351 1693 (excusatione
368 1649 492 1687 aetatis
512 1675 521 1692 ‚
558 1647 603 1685 de
629 1657 759 1704 quatin
791 1646 1119 1706 praecedentibus.)

94 1697 222 1738 Refert
250 1702 346 1738 enim
377 1699 600 1738 Philostratus
628 1698 780 1747 septlmo
803 1725 814 1742 ‚
859 1697 1118 1758 Domitianum

91 1748 222 1797 juffiffe
243 1752 404 1790 Nervam
428 1750 593 1788 secedere
615 1750 816 1787 Tarentum
841 1762 849 1785 :
879 1748 938 1805 ubi
959 1761 1043 1788 curn
1064 1763 1119 1790 m-

97 1801 282 1840 tellexiffet
315 1802 468 1840 Secundi
493 1812 624 1839 vocem
656 1800 882 1858 fortiffimam
905 1811 942 1837 in
961 1800 1116 1848 Senatu,

98 1848 226 1897 scripfit
244 1852 288 1889 ad
309 1865 394 1890 eum
414 1854 526 1891 literas
544 1851 756 1900 gravissimas
775 1878 786 1896 ‚
824 1849 949 1900 qulbus
968 1863 1120 1902 congra-

705 767 828 824 ebet
851 769 1039 842 egredi
1067 775 1346 832 veritatem
1364 815 1382 840 ‚
1425 777 1479 834 δε
1503 781 1726 844 honeste
1747 790 1896 850 fac'tis
1921 799 2113 855 veritas
2140 800 2243 858 iuf-

1199 1003 1287 1030 men
1307 1006 1391 1032 nam
1401 997 1572 1045 praestat,
1602 1004 1704 1051 quod
1720 1006 1923 1048 Parenthefi
1945 1016 2240 1065 convenientiffii

1200 1053 1304 1081 mum
1327 1046 1375 1084 est
1396 1075 1406 1092 ‚
1448 1057 1487 1087 ut
1504 1060 1598 1100 apue
1619 1053 1753 1094 Sallust.
1769 1058 1849 1108 Jug.
1879 1073 1959 1110 cap.
1981 1065 2116 1104 LXIII.
2140 1080 2177 1107 n.
2199 1073 2236 1109 ὁ.

1203 1099 1332 1132 Tamen
1354 1097 1381 1134 is
1401 1099 1451 1135 ad
1472 1100 1509 1138 id
1528 1102 1675 1141 locorum
1706 1107 1789 1144 talis
1816 1111 1877 1147 vir
1905 1114 2013 1159 (nam
2033 1117 2139 1165 postea
2157 1132 2234 1156 am—

1202 1144 1326 1184 bitione
1339 1158 1493 1200 praeceps
1512 1152 1618 1191 datus
1638 1155 1706 1205 est)
1730 1167 1841 1207 petere
1870 1174 1937 1199 non
1955 1167 2119 1205 audebat.
2141 1169 2234 1207 adde

1203 1196 1341 1235 Lucan.
1374 1200 1455 1239 Lib.
1478 1202 1527 1241 V.
1558 1216 1608 1242 vs.
1639 1209 1724 1246 612.
1757 1210 1872 1249 Porro
1904 1225 1998 1263 quae
2019 1217 2232 1267 sequuntur:

1201 1258 1287 1296 quae
1310 1251 1396 1288 reHe
1416 1252 1452 1288 in
1469 1253 1602 1302 publico
1615 1257 1744 1303 fierent
1772 1262 1876 1312 miffis
1896 1266 1946 1302 ad
1966 1280 2020 1305 me
2038 1296 2048 1313 ‚
2075 1271 2112 1308 in
2134 1271 2235 1308 nullo

1200 1300 1391 1340 recentiori
1412 1302 1494 1342 MS.
1514 1316 1636 1356 neque
1655 1310 1693 1347 in
1706 1309 1872 1351 Ed.Vet.
1894 1315 2081 1359 habentur.
2109 1327 2236 1359 Serva-

1197 1348 1250 1386 vit
1270 1356 1394 1391 tamen
1413 1364 1454 1391 ea
1477 1356 1652 1404 Optimus
1672 1388 1683 1405 ,
1712 1362 1749 1399 δε
1772 1362 1925 1405 servavit
1942 1368 1979 1405 in
1995 1370 2128 1417 publico
2147 1384 2233 1412 cum

1197 1399 1313 1438 Aldus
1336 1403 1374 1440 ὃς
1397 1405 1581 1455 Gryphius
1601 1412 1830 1460 expresserint
1853 1417 1890 1453 in
1905 1419 2094 1467 publicum.

1245 1463 1280 1496 4.
1306 1453 1453 1501 Majora
1472 1465 1512 1495 tu
1536 1458 1675 1512 facies;]
1716 1465 1768 1503 Ut
1788 1465 1903 1506 solent
1933 1470 2114 1520 Histotici.
2134 1472 2231 1514 Vide

1196 1500 1329 1542 sallust.
1352 1506 1431 1544 Cat.
1455 1519 1531 1558 cap.
1551 1511 1658 1553 V111.
1685 1515 1775 1553 Non
1798 1525 1922 1556 tamen
1945 1523 2202 1572 negligendum
2216 1552 2230 1572 ,

1194 1554 1296 1602 quod
1318 1555 1354 1592 in
1374 1557 1550 1597 Mediceo
1573 1561 1721 1611 iegitur:
1749 1569 1888 1616 majora
1908 1577 1949 1608 tu
1970 1580 2009 1610 tu
2021 1574 2141 1620 facies.

1248 1618 1279 1648 ς.
1308 1611 1407 1646 Nam
1428 1622 1486 1648 nec
1506 1611 1641 1658 historia
1662 1617 1697 1655 d.
1708 1620 1819 1667 egredi
1837 1621 1902 1672 v.]
1932 1623 2035 1663 Voff.
2052 1627 2229 1666 Necenim

1193 1653 1333 1699 historia
1353 1685 1364 1701 ,
1398 1661 1498 1709 quod
1520 1663 1702 1712 Gryphius
1730 1671 1875 1719 recepit.
1928 1673 2108 1724 Vulgatae
2129 1679 2228 1718 favet

1192 1705 1381 1745 Mediceus
1403 1737 1413 1753 ,
1451 1712 1532 1750 licet
1563 1715 1620 1752 ille
1651 1717 1806 1757 habeat:
1846 1723 1944 1760 Nam
1964 1725 2054 1764 haec
2080 1726 2231 1775 historia.

1194 1756 1349 1796 Helmst.
1371 1759 1487 1800 Arnz.
1507 1764 1545 1801 &
1567 1764 1636 1803 Ed.
1660 1769 1738 1807 Vit.
1776 1777 1874 1809 Nam
1897 1777 2082 1817 omittunt.
2102 1782 2229 1830 Egredi

1191 1817 1276 1844 cum
1298 1818 1426 1857 quarto
1447 1812 1539 1852 Casu
1558 1816 1663 1867 jungi
1687 1847 1698 1863 ‚
1725 1822 1851 1870 probat
1871 1825 2124 1879 Audorsupra
2146 1832 2230 1870 Lib.

1191 1857 1260 1896 VI.
1287 1859 1395 1909 Epist.
1410 1864 1493 1903 XX.
1520 1877 1557 1904 n.
1576 1867 1610 1906 8.
1647 1870 1706 1909 ubi
1733 1876 1841 1924 egreffi
1864 1880 1963 1917 testa.
2013 1881 2095 1920 Alia
2117 1883 2227 1920 colle-

99 1900 271 1938 tutabatur
289 1904 510 1951 temporibus
525 1904 591 1941 suis
611 1902 727 1940 adhuc
743 1902 894 1941 inveniri
904 1929 915 1946 ‚
913 1904 989 1990 ίῗμιί
1009 1904 1118 1944 libere
1184 1909 1303 1957 gimus
1325 1911 1370 1952 ad
1391 1913 1524 1955 Sallust.
1541 1917 1622 1967 Jug.
1642 1932 1718 1970 cap.
1731 1923 1887 1964 XXXV.
1914 1940 1950 1967 n.
1966 1943 2018 1970 10.
2046 1933 2083 1969 δε
2097 1932 2176 1971 Lib.
2190 1933 2220 1972 I.

100 1949 343 1997 loquerentur.
369 1954 433 1991 CA
451 1967 471 1990 τ
491 1966 511 1990 Α
527 1967 564 1992 n.
613 1953 673 1991 Est
689 1954 770 1992 sane
790 1954 827 1992 in
847 1953 909 1991 Vo

941 1954 1119 1995 .He1mst.
1184 1960 1281 1999 Hist.
1297 1973 1374 2011 pag.
1395 1977 1479 2012 954.
1506 1968 1567 2008 ubi
1588 1973 1697 2019 egredi
1727 1981 1871 2014 Romam
1894 2006 1904 2023 ‚
1941 1982 1978 2018 δε
2008 1984 2117 2030 egredi
2126 1983 2215 2032 fines

101 2003 214 2042 Arnz.
233 2003 271 2041 &
299 2003 366 2044 Ed.
389 2004 474 2044 Vet.
495 2004 569 2050 7'am
583 2004 747 2056 pn'vatus
764 2019 777 2049 3
815 2005 1042 2047 veterrimus
1063 2015 1120 2046 ta·
1168 2011 1261 2061 ῥόος.

1287 2012 1385 2052 Mox
1403 2016 1508 2058 Voff.
1526 2032 1570 2061 ee·
1588 2023 1684 2063 reete
1695 2025 1827 2075 fastis,
1854 2040 1920 2079 pro
1943 2031 2082 2079 honeste.

1842 3082 1907 3139 C.
1984 3085 2116 3144 PL
2162 3090 2231 3144 1⁴²
