2616 3686
459 186 880 237 ‚lessER
949 189 1040 236 tx.
1104 190 1681 245 *EPISTOLA
1749 199 1892 248 XIII.
2184 213 2282 271 657

156 271 300 329 ..Idem
321 269 448 326 enim
472 265 586 328 ntis.
613 263 835 337 quibene
854 265 1094 335 sentimus
1110 265 1176 319 de
1209 266 1408 321 homine
1437 308 1452 332 ,
1470 271 1778 342 judicaturi
1789 277 1969 346 sumus
1991 298 2008 331 .·
2059 277 2115 330 Si
2145 281 2281 332 inno-

153 362 270 404 ΨΜ(
293 346 358 417 ‘st
377 379 394 407 2
415 341 573 411 ficati
600 338 823 412 &spero
852 375 868 403 ,
911 338 976 398 όν
1005 338 1134 393 malo
1160 378 1176 404 ,
1222 342 1370 395 donec
1392 342 1588 416 aliquid
1600 347 1838 421 probetur
1855 392 1869 416 ,
1897 350 2037 403 credo
2055 356 2281 421 poteritis

161 419 428 491 absolvere.
509 420 525 447 ⁸
561 412 723 471 Haec
754 413 870 478 illi,
915 418 940 444 ²
969 430 1090 494 quo.
1125 416 1353 490 quisque
1390 419 1586 475 ordine
1634 422 1954 479 citabantur.
2042 422 2274 480 Venitur
2299 428 2353 475 18

159 495 230 552 ad
253 512 367 558 me,
410 489 678 563 consur-go
704 527 722 554 ‚
764 502 893 546 utor
919 488 1075 546 initio
1097 526 1114 553 ,
1154 492 1305 564 quod
1328 493 1383 547 in
1402 493 1541 551 libro
1572 495 1683 552 est:
1723 497 2029 572 respondeo
2056 495 2282 570 singulis.

157 568 367 627 Mirum
394 610 408 631 ,
461 585 567 642 qua
602 566 907 620 intentione
933 605 951 632 ,
1001 564 1194 638 quibus
1214 567 1541 625 clamoribus
1571 574 1755 628 omnia
1783 574 2097 646 exceperint
2123 612 2147 636 ,
2185 572 2281 646 qui

153 643 332 701 modo
351 639 740 699 reclamabant:
770 647 796 676 ³
823 651 968 694 tanta
994 640 1270 696 conversio
1300 644 1386 698 vel
1411 648 1618 717 negotii
1643 644 1957 720 dignitatem
1981 687 1997 713 ‚
2049 648 2132 701 ve]
2157 664 2283 718 pro-

156 732 381 776 ventum
397 714 782 780 orationiffivel
805 713 994 770 attor-is
1015 714 1367 773 constantiam
1392 718 1671 779 subsecuta
1700 722 1786 778 est.
1821 722 1998 779 Fini0.
2038 729 2064 760 '⁴
2088 720 2279 794 Incipit
2301 738 2360 780 19

2061 796 2285 870 respon-

152 938 318 981 vfijaodie
337 938 535 978 absolvatur
548 937 685 978 Certus
709 965 720 983 ‚
745 938 1012 987 crimen-ejus,
1038 938 1065 978 si
1084 937 1185 989 quod
1252 940 1354 980 tione
1373 944 1556 993 propoiita
1576 971 1587 990 ,
1613 945 1764 984 alterum
1785 953 1912 986 tamen
1938 951 2116 984 eventum
2135 945 2284 983 reticere

156 990 295 1036 rubest,
320 990 425 1040 plane
444 990 667 1039 impunitum
691 988 896 1028 dimittatur.
922 991 1020 1029 Nam
1040 991 1078 1029 ὅ(
1095 1001 1185 1035 nOS,
1251 991 1376 1031 solent.
1427 995 1488 1034 De
1508 1007 1584 1046 quo
1611 997 1765 1044 (vereor
1788 999 1885 1036 enim
1904 1027 1925 1043 .,
1955 1008 2003 1034 ne
2034 996 2188 1034 nimium
2215 1005 2284 1033 nos

152 1052 375 1092 quamquam
399 1041 586 1080 faveamus
606 1040 748 1079 homini
758 1063 773 1085 ,·
782 1040 930 1090 quando
949 1041 1081 1092 aliquid
1099 1052 1185 1090 pro·
1253 1043 1511 1097 extendamus)
1542 1046 1625 1085 vide
1644 1059 1824 1096 nuperum
1845 1048 2031 1085 Editorem
2055 1045 2286 1094 Xenophon-

153 1093 290 1132 habitur
307 1119 319 1138 ,
363 1090 462 1130 idem
489 1091 678 1130 vobiscum
702 1091 941 1142 judicabimus
965 1120 977 1137 ‚
1024 1103 1186 1142 eumque
1255 1093 1296 1130 tis
1326 1094 1408 1132 Lib.
1428 1096 1496 1136 IV.
1523 1096 1728 1146 Cyropaed.
1753 1110 1834 1148 pag.
1851 1098 1940 1136 288.
1966 1098 2004 1134 δε
2023 1096 2068 1135 acl
2097 1096 2175 1133 Lib.
2194 1096 2286 1135 Vll.

153 1142 483 1182 condemnabimus
501 1157 513 1186 ;
544 1141 603 1180 Sin
621 1143 799 1181 innocens
821 1142 872 1180 cst
892 1169 904 1186 ,
931 1150 1002 1181 cet.
1034 1143 1108 1181 Hic
1135 1143 1186 1180 est
1252 1153 1333 1192 pag.
1353 1145 1440 1195 538.
1466 1146 1577 1197 Supra
1597 1149 1807 1187 Mediceusz
1826 1149 2023 1186 nominatus
2043 1146 2084 1194 est
2105 1145 2149 1182 ab
2167 1145 2286 1183 amicis

156 1193 294 1239 sensus,
321 1204 431 1243 quem
448 1194 658 1241 interpretes
677 1204 752 1230 non
770 1192 848 1230 sunt
870 1191 1048 1239 adsecuti,
1074 1201 1112 1232 ut
1133 1193 1187 1231 vi·
1245 1193 1328 1242 suis.
1355 1201 1427 1234 Neo
1447 1198 1605 1236 debemus
1620 1227 1631 1244 ,
1657 1206 1726 1237 cet.
1752 1200 1878 1238 mediis
1897 1199 1978 1236 illis:
2008 1197 2139 1234 Arriae
2157 1207 2199 1235 cr
2217 1202 2287 1233 cet.

156 1243 240 1282 deas
261 1256 306 1282 ex
338 1243 528 1292 depravata
546 1253 677 1281 eorum
699 1242 927 1286 distinetione
949 1271 959 1287 ,
987 1255 1096 1293 quam
1118 1254 1186 1281 nos
1252 1245 1399 1284 omiffis.
1425 1247 1529 1286 Vofl.
1566 1250 1765 1289 nominatus
1798 1251 1841 1297 est
1878 1247 1923 1286 ab
1960 1248 2079 1285 amicit
2113 1250 2164 1283 A.
2193 1260 2220 1284 e.
2247 1252 2288 1284 E.

154 1294 442 1333 emendavimus.
495 1293 655 1331 Venusta
673 1301 797 1331 autem
819 1293 870 1331 est
888 1293 1056 1343 Enallage
1077 1321 1089 1338 ,
1117 1300 1188 1330 Nec
1257 1297 1457 1336 nominatus
1492 1298 1538 1336 ab
1574 1300 1726 1339 inimicis
1757 1301 1827 1350 suis
1846 1327 1858 1344 ,
1897 1310 1942 1337 ex
1967 1298 2063 1336 scioli
2097 1296 2285 1346 cujusdam

130 1347 137 1348 ’
159 1344 318 1383 debemus
337 1372 349 1389 ,
392 1354 458 1393 pro
480 1356 538 1382 nec
557 1344 684 1382 debetis
706 1372 717 1389 ‚
754 1356 814 1382 nec
841 1343 963 1381 debent
983 1345 1188 1394 accufittms
1255 1356 1484 1389 commento.
1511 1349 1610 1390 Infra
1629 1351 1803 1401 Optimus
1828 1365 1837 1390 ι
1858 1348 2052 1403 ficutspero
2076 1375 2087 1394 ,
2114 1358 2156 1388 ω·
2178 1346 2284 1386 male.

158 1396 269 1433 Certi.
304 1394 360 1434 Sic
381 1395 459 1433 fere
480 1395 517 1432 in
541 1393 779 1443 disputatione
800 1394 1021 1447 consensimus
1045 1395 1189 1435 adhibet
1259 1396 1292 1435 C
1305 1410 1328 1433 0
1343 1410 1398 1436 nr
1411 1411 1444 1436 E.

159 1445 311 1483 Seneca.
339 1445 445 1502 Lege·
468 1445 639 1501 Gronov.
667 1445 712 1482 ad
745 1445 790 1482 de
814 1445 906 1499 Orio
929 1445 1008 1493 Sap.
1031 1456 1110 1494 cap.
1128 1446 1191 1484 ult.
1305 1459 1327 1484 .1
1370 1455 1463 1488 Haec
1482 1453 1573 1506 illi.]
1602 1455 1854 1495 Dixeruntgo
1876 1456 2114 1506 01dine,qu0
2132 1457 2285 1506 quisque

161 1495 220 1534 Sic
242 1495 356 1539 Cato,
388 1495 448 1533 ubi
468 1506 666 1533 minimum
686 1495 731 1532 de
750 1495 785 1532 se
802 1495 960 1546 loqu-itur
973 1523 984 1541 ‚
998 1496 1094 1545 apud
1111 1497 1193 1536 Lu·
1257 1497 1453 1537 citabantur
1474 1505 1519 1542 ad
1535 1506 1743 1545 dicendum,
1770 1506 1883 1555 Super
1902 1508 2014 1545 verbo
2025 1508 2162 1557 quisque
2173 1518 2285 1557 quam

154 1556 240 1588 can.
259 1544 348 1585 Lib.
370 1544 435 1583 IX.
462 1555 513 1582 vs.
535 1555 623 1594 579.
1259 1548 1335 1585 vim
1356 1550 1486 1591 habeat
1501 1557 1580 1605 lege
1599 1559 1635 1595 in
1660 1559 1895 1606 Panegyrico.
1923 1558 1988 1595 CA
2005 1569 2113 1596 TAN.

1310 1613 1344 1640 2·
1371 1605 1450 1652 Qo
1468 1609 1607 1660 quisque
1625 1611 1740 1649 ordine
1761 1610 1998 1660 citabantur]
2028 1611 2071 1649 ld
2091 1612 2286 1659 est‚voca·

136 1659 141 1669 2
199 1677 282 1689 ⁴—
309 1679 377 1689 ,.,,
398 1656 536 1707 super„
557 1657 641 1708 quid
661 1655 865 1707 quaerimus
884 1655 1017 1698 ulmal?
1257 1649 1385 1690 bantur
1404 1654 1448 1692 ad
1465 1661 1694 1699 censendum.
1746 1661 1867 1698 citare
1891 1662 1989 1698 enim
2014 1689 2024 1705 ,
2063 1670 2103 1700 ut
2124 1666 2161 1701 ὅ(
2182 1663 2281 1705 ciere,

1260 1702 1357 1740 unde
1374 1704 1523 1746 alterurn
1544 1712 1781 1755 est‚n0mine
1800 1711 1864 1748 suo
1885 1722 1999 1760 quem
2019 1714 2195 1760 appellare
2211 1713 2285 1752 sive

154 1757 268 1798 ”Idem
296 1757 378 1796 Lib.
401 1756 468 1796 IX.
495 1768 547 1796 vs.
569 1756 656 1805 706.
1258 1763 1389 1808 vocate
1408 1754 1588 1803 fignificat,
1641 1761 1776 1800 Noster
1795 1761 1902 1809 paulo
1919 1762 2017 1810 post:
2036 1763 2160 1802 Citatis
2179 1764 2289 1802 nomi·

329 1833 333 1834 ⁷
1258 1802 1381 1861 nibus..
1422 1805 1614 1849 Suetonius
1652 1812 1763 1860 Calig.
1789 1809 1866 1860 cap‘.
1892 1812 2034 1851 XXVI.
2069 1815 2168 1852 Alios
2206 1827 2285 1852 cum

218 1880 289 1889 .—
315 1881 386 1889 --
414 1878 480 1891 —-
508 1857 587 1895 inde
613 1864 784 1906 petuntur
1256 1853 1347 1890 clam
1369 1861 1607 1911 interemisset,
1633 1862 1742 1900 citare
1761 1861 1982 1900 nihilominus
1997 1873 2061 1908 ,ut
2079 1866 2179 1903 vivos
2193 1875 2288 1915 ‚per·

215 1915 294 1947 Huc
307 1907 462 1961 Libycae
480 1918 626 1952 mortes,
647 1919 688 1947 cr
708 1908 861 1946 fecimus
880 1906 1017 1957 Aspida
1038 1919 1192 1948 mercem,
1244 1904 1442 1953 feneravit.
1470 1911 1625 1952 Ovidius
1650 1912 1759 1962 Epist.
1771 1913 1855 1951 VII.
1881 1913 2035 1953 Heroid.
2054 1925 2106 1953 vs.
2120 1928 2203 1955 101.
2237 1917 2288 1966 iq.

148 2019 214 2058 vIta
231 2018 436 2068 saepiffime.
461 2018 631 2057 Historici
651 2046 663 2063 ,
700 2019 739 2056 &
774 2019 836 2069 qui
867 2019 904 2057 in
933 2018 1100 2068 Collegiis
1127 2027 1188 2058 aut
1307 2020 1398 2059 Hinc
1423 2037 1477 2074 ego
1501 2038 1556 2063 me
1571 2027 1661 2079 senfi.
1687 2039 1764 2066 noto
1789 2038 1912 2078 quater
1931 2040 1985 2066 ore
2011 2028 2128 2075 citari,

150 2081 229 2120 rpro
258 2069 412 2118 quadam
449 2068 678 2108 univerfitate
709 2069 916 2118 loquuntur.
967 2070 1046 2119 Ipse
1066 2071 1186 2115 Cato,
1355 2072 1426 2122 lpse
1448 2080 1527 2124 [ono
1555 2080 1650 2117 tenui
1675 2079 1790 2124 dixit,
1818 2078 1950 2128 Elissa,
1978 2080 2069 2118 veni.

161 2122 233 2158 acri
256 2121 310 2159 illa
331 2121 507 2159 Oratione
526 2147 538 2165 ‚
576 2130 646 2170 qua
681 2120 786 2159 toties
813 2121 993 2159 senatores
1010 2120 1186 2169 adponat,

162 2169 409 2225 apudUSallust.
432 2171 512 2209 Cat.
530 2181 595 2220 cap
629 2170 711 2226 1311.
737 2182 774 2208 n.
797 2182 854 2209 10.
892 2177 996 2208 Nunc
1021 2185 1102 2210 vero
1121 2184 1186 2208 non
1253 2170 1404 2212 Tacitus
1428 2176 1519 2216 Hist.
1540 2178 1607 2219 111.
1630 2179 1860 2229 capXXIV.
1885 2180 2051 2231 Principes
2069 2184 2284 2233 ,tutioresque

161 2221 201 2259 id
219 2230 330 2268 agitur
351 2220 442 2258 bonis
456 2248 467 2265 ‚
489 2234 539 2257 an
560 2220 663 2258 malis
684 2221 833 2259 moribus
851 2221 1013 2259 vivamus
1031 2237 1042 2266 ;
1069 2233 1105 2260 n.
1127 2233 1189 2261 22.
1249 2221 1328 2261 belli
1344 2225 1481 2272 ciebat,
1506 2229 1540 2266 id
1559 2231 1606 2268 est
1620 2258 1630 2274 ‚
1659 2230 1880 2268 nominabat.
1906 2231 1986 2276 Sic,
2011 2233 2111 2280 quod
2132 2234 2284 2274 Virofflo

148 2279 220 2320 ‚pro
243 2269 296 2308 his
316 2271 574 2309 nosrhabemus
595 2271 773 2307 luxuriam
794 2297 804 2314 .
840 2272 1036 2310 avaritiam
1060 2299 1071 2315 ‚
1108 2273 1184 2309 lau-
1252 2273 1289 2310 in
1307 2274 1375 2315 VI.
1400 2290 1527 2324 magna
1552 2292 1670 2318 manes
1702 2291 1755 2318 ter
1791 2292 1868 2317 voce
1907 2292 2063 2325 vocare:
2099 2281 2134 2320 id
2154 2263 2281 2323 in²³111.

163 2320 291 2358 damus
309 2321 476 2365 divitias,
497 2321 677 2370 sequimur
694 2320 867 2377 inertiam.
910 2321 1014 2359 Idem
1032 2322 1119 2360 olim
1138 2323 1183 2361 ad
1253 2324 1410 2364 Aeneid.
1434 2329 1632 2377 supremum
1671 2343 1752 2368 vote
1787 2331 1881 2369 ciete
1921 2330 1981 2370 est.
2012 2331 2081 2370 Bu
2096 2343 2118 2371 c
2130 2345 2154 2370 H
2167 2347 2191 2372 Ν
2206 2347 2228 2373 ε
2241 2348 2280 2375 R.

162 2371 349 2409 Ciceronis
386 2371 558 2428 Epistolas
585 2370 856 2409 observavimus
877 2398 887 2415 ,
931 2373 1016 2428 loco
1064 2372 1185 2412 nobili.
1252 2374 1425 2414 Lucanus
1453 2378 1534 2416 Lib.
1554 2379 1622 2418 lV.
1650 2391 1703 2419 vs.
1725 2391 1809 2428 177..

161 2421 277 2460 Porro
303 2431 422 2460 autem
435 2422 467 2468 st
485 2433 601 2461 notens
621 2421 664 2463 eli
687 2450 698 2466 ,
726 2421 783 2458 vel
802 2422 902 2458 donec
920 2422 1057 2471 aliquid
1070 2422 1185 2470 probe-

160 2482 222 2510 tur
243 2483 287 2510 ex
307 2472 533 2521 sequentibus
547 2465 824 2528 'intelligendum
845 2471 906 2508 est.
942 2473 1058 2509 Moris
1083 2474 1182 2510 enim
1303 2475 1450 2526 Hospitis
1467 2477 1524 2518 ille
1542 2481 1612 2519 ciet
1632 2493 1771 2521 nornen
1783 2509 1795 2528 ,
1820 2490 1930 2523 vocat
1944 2483 2001 2522 ille
2014 2485 2253 2538 propinquum.

163 2523 217 2560 est
240 2550 251 2567 ‚
288 2534 332 2560 ex
362 2522 503 2562 duobus
523 2522 702 2570 ejusmodl
722 2520 941 2570 Oppositum
960 2522 1109 2559 alterum
1130 2523 1186 2560 so-

162 2573 237 2610 lum
260 2574 462 2621 exprimere
485 2602 496 2618 ‚
523 2571 623 2621 quod
642 2573 679 2611 in
700 2572 773 2610 aliis
790 2572 905 2609 verbis
924 2571 1023 2619 supra
1045 2574 1187 2611 notavi·
1307 2587 1342 2625 3.
1372 2582 1488 2621 Tanta
1519 2583 1719 2634 converst0,]
1753 2583 1925 2633 Optimus
1948 2598 1957 2623 :
1994 2596 2094 2624 tanto
2120 2588 2282 2640 conversi,

164 2633 244 2661 mus
262 2622 305 2661 ad
335 2624 413 2665 Lib.
436 2623 482 2660 Η.
511 2622 620 2671 Epist.
632 2621 662 2662 I.
690 2633 772 2665 n.7.
797 2621 937 2659 Eadem
962 2624 1101 2663 radone
1120 2634 1187 2661 no·
1255 2627 1361 2665 male.
1399 2630 1481 2672 Lib.
1501 2634 1568 2672 IV.
1606 2634 1716 2683 Epist.
1737 2634 1878 2673 XXIV.
1912 2647 1949 2672 n.
1968 2647 2001 2674 2.
2035 2642 2168 2674 Tantas
2188 2650 2280 2676 con-

166 2671 231 2710 fiel'
248 2673 421 2712 Annaeus
448 2673 531 2712 Lib·
549 2672 637 2711 VII·
664 2684 716 2710 VS·
741 2673 824 2710 106.
846 2683 928 2718 107.
1256 2677 1437 2719 VCrfiOnes
1459 2696 1522 2723 aut
1533 2686 1716 2734 fragilitas
1738 2686 1963 2724 mortalitatis
1984 2713 1993 2729 ‚
2028 2699 2092 2726 aut
2110 2689 2280 2734 fortunae

1257 2727 1432 2770 mobilitas
1440 2738 1542 2782 facit.
1568 2736 1710 2785 Crispus
1726 2736 1805 2783 Jug.
1831 2748 1908 2784 cap.
1925 2738 2014 2775 XIII
2049 2748 2086 2773 n.
2113 2748 2146 2784 7.
2172 2749 2278 2777 tanta

207 2783 286 2816 '-—-
308 2808 378 2817 --
403 2809 470 2816 --
490 2786 693 2836 fortiffimus
716 2784 773 2822 ille
797 2784 864 2834 esto
1038 2833 1045 2840 ι
1255 2788 1497 2835 commutatio
1515 2787 1640 2836 inceffit
1663 2814 1672 2830 ,
1696 2797 1739 2823 ut
1756 2799 1797 2823 ex
1816 2787 1972 2823 maxima
1989 2787 2128 2825 invidia
2147 2788 2185 2826 in
2197 2804 2285 2840 gra·

220 2835 293 2881 §iai
312 2844 460 2878 promtus
470 2837 654 2875 metuenda
658 2836 757 2887 pati,
785 2834 807 2873 sl
820 2834 1025 2872 comminus
1036 2834 1192 2880 instent,
1251 2839 1392 2867 tiam&
1406 2838 1570 2882 favorem
1590 2836 1776 2874 nobilitatis
1797 2837 1983 2884 Jugurtha
2003 2838 2146 2877 veniret.

224 2888 272 2920 Ε*
297 2885 426 2933 differre
444 2887 560 2936 Potest·
1306 2910 1341 2946 4.
1372 2898 1868 2949 IncgoitrespondereVejento,]
1897 2900 1996 2938 Paria
2008 2900 2163 2937 omnino
2181 2902 2277 2951 apud

1257 2949 1432 2987 Senecam
1454 2950 1657 2999 Apocoloc.
1693 2949 1721 2987 B
1737 2964 1756 2986 A
1771 2963 1790 2986 u
1804 2962 1831 2988 T
1845 2963 1881 2987 H.
1922 2951 2078 2999 ‘Respicit
2097 2951 2202 2989 verba
2224 2953 2274 2992 de

173 3004 329 3041 nempe,
347 2995 375 3042 st
397 3008 462 3034 non
479 3000 662 3037 comminus
683 3000 825 3047 instant.
849 2999 961 3038 Aliter
980 2999 1076 3038 enim
1090 2997 1112 3036 fi
1127 2999 1192 3043 est,
1252 3009 1372 3038 morte
1395 3001 1534 3039 Claudii
1568 3012 1642 3051 cap.
1660 3000 1800 3039 XVIII.
1837 3001 1957 3051 Incipit
1987 3001 2163 3040 Petronius
2186 3003 2277 3042 velle

172 3044 305 3097 offerre
324 3044 446 3084 lotum
469 3059 544 3088 non
553 3046 753 3103 habet.‚1'ta
773 3052 881 3091 etiam
897 3059 1051 3100 utraque
1071 3049 1196 3090 condi·
1227 3051 1305 3142 {res
1301 3051 1453 3104 pondere.
1481 3055 1618 3091 Aeacus
1639 3049 1737 3141 goma
1756 3051 1954 3105 justissimus
1975 3063 2086 3092 vetat.
2105 3109 2135 3141 V
2154 3102 2162 3109 ο
2258 3102 2274 3138 Ἰ

1636 3126 1638 3128 -
1689 3114 1807 3149 ooov
2042 3118 2074 3144 i.
2132 3116 2271 3153 eventa.a
