2616 3686
571 191 928 246 ¹LIBER
995 190 1089 241 IX.
1147 192 1724 245 'EPISTOLA
1791 200 1933 251 ΧΙΧ.

2208 220 2325 279 667·

167 276 296 353 ³:1pse
318 272 434 330 sum
459 268 601 325 testis
620 267 944 324 familiariter
965 267 1031 324 ab
1055 287 1122 324 eo
1142 275 1156 299 ¹
1182 269 1408 325 dilet‘ius
1435 272 1801 348 probatusque
1826 319 1842 339 ‚
1883 281 2042 336 semel
2072 292 2335 354 Omninoi'

170 347 546 409 „meandiente
566 349 586 374 ²
606 343 926 416 proveeium
953 382 970 408 ,
1011 356 1070 398 ut
1098 343 1168 398 de
1193 346 1349 400 rebus
1371 344 1475 400 suis
1498 346 1603 401 hoc
1630 366 1798 404 unum
1827 353 2052 410 referret
2076 395 2090 419 ,
2130 361 2201 414 ita
2223 363 2299 416 se-

165 441 306 481 „cum
329 418 619 494 aliquando
646 424 662 452 ³
685 418 943 474 Cluvium
971 421 1216 474 locutum
1243 439 1255 475 :
1310 422 1419 474 Scis
1444 424 1658 495 Vergini
1676 441 1802 496 quae
1823 428 2053 497 historiae
2056 428 2190 498 fides
2214 438 2296 488 de-

175 501 358 555 beatur
373 521 389 552 :
424 494 628 570 proinde
633 492 691 564 st
705 494 897 567 quidm
922 495 1141 566 historiis
1161 500 1284 550 meis
1303 495 1423 570 legis
1441 501 1463 533 ⁴
1481 497 1635 552 aliter
1652 516 1710 553 ac
1734 499 1888 564 velis,
1929 519 2047 576 rogo
2065 508 2298 578 ignoscas.

165 583 197 612 2⁵
221 573 313 629 Ad
333 573 436 628 hoc
461 573 546 627 ille
572 589 583 624 ε
625 572 644 598 ⁶
669 585 815 634 tune,
841 568 1000 623 Cluvi
1016 613 1028 633 ,
1049 575 1252 644 ignoras
1270 611 1287 637 ‚
1314 574 1434 626 'z'deo
1451 590 1525 627 me
1538 573 1740 646 feciffie,
1787 576 1919 649 quod
1925 576 1976 650 f
1967 583 2065 642 eci,
2107 593 2164 633 ut
2183 585 2298 653 Pffi’t

175 650 385 705 liberum
411 646 552 701 vobis
571 644 813 716 scribere,
855 645 1211 718 qaaelz'buiſjet
1232 655 1256 701 ἓ
1300 647 1557 721 Agedum
1586 650 1729 705 hunc
1752 651 1924 723 ipsum
1944 650 1988 707 F
1990 655 2333 724 rontinuin,6

176 728 231 782 in
258 727 362 780 hoc
385 722 497 795 ipso
519 760 535 785 ‚
583 722 639 774 in
673 739 785 793 quo
817 722 913 774 tibi
953 728 970 758 ⁷
1004 725 1215 794 parcior
1248 724 1462 779 videtur
1499 724 1553 777 &
1579 725 1799 796 preffior
1826 766 1841 791 ‚
1896 746 2291 802 comparemus,

172 799 367 857 Vetuit
390 795 586 853 exstrui
610 798 1007 852 monimentum
1039 815 1051 851 :
1107 797 1198 852 sed
1230 799 1421 872 quibus
1451 798 1664 855 verbis?
1705 805 1722 830 ⁸
1753 800 1976 876 Impensa
2010 810 2302 865 monimenti

227 960 259 987 1.
286 944 474 994 Dilmun]
514 943 614 983 Nam
635 950 734 982 tutor
756 944 924 982 Secundo
945 944 1085 984 relictus
1107 945 1194 984 affe-

174 998 273 1036 &um
295 998 447 1046 parentis
468 996 501 1033 ei
531 993 696 1044 praestitit
718 1008 726 1032 :
767 996 995 1034 candidatum
1027 995 1194 1044 suffragio

173 1051 341 1093 ornavit,
367 1048 412 1085 ad
435 1058 564 1084 omnes
582 1046 671 1084 illius
688 1047 848 1084 honores
867 1059 912 1084 ex
934 1048 1116 1085 secessibus
1133 1059 1192 1085 ac—

172 1102 300 1145 currit,
325 1097 523 1137 sacerdotio
541 1096 691 1144 dignum
711 1099 924 1136 nominavit.
951 1099 984 1135 C
997 1111 1018 1135 A
1033 1111 1060 1136 T
1073 1112 1091 1135 e.
1104 1111 1143 1136 u.

212 1163 255 1188 2.
285 1148 532 1198 moventem]
561 1148 751 1186 Primarius
769 1152 971 1198 provefias,
995 1149 1096 1198 quod
1117 1149 1199 1187 ferri

172 1209 316 1251 poterat
333 1216 343 1244 ;
376 1209 415 1237 ut
435 1200 523 1249 testis
533 1197 615 1248 sum
636 1200 673 1236 &
688 1202 867 1248 proveiflus
886 1201 935 1238 ita
954 1202 1172 1238 cohaereant
1186 1228 1198 1246 ,

173 1250 490 1301 quemadmodum
502 1251 572 1298 scio
585 1277 595 1294 ,
616 1249 699 1292 fecit
714 1249 734 1295 ',
761 1252 799 1287 ὃς
819 1252 885 1288 alia
903 1251 999 1300 apud
1012 1251 1199 1289 Nostrum.

170 1303 268 1342 Vide
288 1303 333 1340 ad
356 1302 433 1340 Cic.
460 1302 542 1339 Lib.
563 1301 627 1339 111.
655 1299 756 1340 Fam.
777 1301 883 1350 Epist.
905 1303 933 1342 l.
959 1314 997 1339 n.
1013 1314 1046 1352 3.
1073 1301 1199 1348 Sicest,

170 1353 234 1392 tibi
244 1354 422 1404 persuade.
727 1401 733 1407 ¹

223 1416 260 1455 3.
286 1402 494 1453 Cluvium]
535 1408 591 1440 M.
622 1401 773 1439 Cluvius
800 1403 915 1450 Rufus
934 1429 945 1447 ,
984 1414 1098 1452 quem
1132 1406 1200 1442 fre-

169 1462 323 1504 quenter
350 1455 502 1492 Tacitus
539 1454 576 1491 in
608 1452 755 1490 historiis
785 1454 868 1491 citat
891 1481 902 1498 ,
942 1453 1105 1493 Helvidii
1125 1456 1199 1493 Pri-

171 1506 218 1544 sci
236 1514 358 1555 pater,
386 1505 511 1548 dives,
537 1504 743 1551 eloquentia
765 1504 900 1547 clarus,
930 1505 1018 1542 nulli
1035 1517 1197 1554 unquam

170 1556 234 1594 sub
256 1557 409 1594 Nerone
444 1554 645 1603 periculum
679 1553 811 1589 faciens
833 1580 844 1598 ‚
879 1565 941 1601 per
968 1566 1078 1602 quem
1098 1556 1195 1594 idem

169 1607 330 1656 princeps
352 1605 602 1655 pronunciavit
618 1604 651 1640 se
668 1612 890 1641 cantaturum
903 1605 1049 1643 Nioben
1059 1614 1200 1655 tragoe-

171 1658 269 1700 diam
294 1670 303 1694 :
340 1657 522 1695 historiam
550 1653 680 1702 scripsit
705 1654 849 1692 suorum
868 1662 1079 1703 temporum
1104 1686 1115 1702 ,
1147 1660 1199 1696 vir

171 1707 347 1746 :tacundus
370 1735 380 1753 ,
417 1707 476 1745 sed
496 1707 589 1755 pacis
605 1705 732 1742 artibus
750 1713 850 1754 aptus
871 1733 881 1750 ,
919 1706 1015 1744 bellis
1033 1709 1198 1756 inexper—

171 1766 240 1797 tus.
289 1759 351 1796 De
373 1769 448 1807 quo
477 1757 558 1794 Lib.
582 1755 609 1793 l.
642 1757 741 1793 Ann.
775 1767 851 1805 cap.
873 1755 1053 1796 LXXVI.
1086 1759 1196 1797 Taci-

176 1816 234 1847 tus
260 1837 272 1854 ,
320 1809 504 1846 Laudatus
547 1815 602 1851 per
639 1806 786 1843 ediciam
817 1807 964 1845 Cluvius
999 1808 1129 1846 Rufus.
1157 1811 1194 1848 &

164 1859 254 1899 Lib.
274 1859 320 1897 ΙΙ.
347 1871 423 1908 cap.
436 1857 558 1897 LXV.
583 1856 777 1906 Digressum
795 1869 818 1893 a
839 1858 1001 1907 Lugduno
1021 1860 1196 1898 Vitellium

175 1911 233 1948 M.
255 1911 402 1948 Cluvius
428 1909 543 1946 Rufus
563 1907 747 1957 affequitur
769 1908 890 1958 omiffa
911 1911 1080 1959 Hispania
1100 1940 1111 1957 ‚
1138 1914 1195 1950 cui

174 1959 252 2009 post
271 1961 454 1998 interitum
479 1959 636 1996 Neronis
654 1967 832 2007 praeerat:
861 1959 1033 1998 laetitiam
1055 1972 1098 1999 cy
1113 1976 1194 2011 gra-

168 2011 372 2048 tulationem
393 2010 498 2047 vultu
513 2011 651 2056 finem,
678 2010 794 2046 animo
813 2011 963 2056 anxius,
991 2023 1032 2051 O·
1048 2014 1194 2060 petitum

159 2062 200 2111 se
223 2060 513 2098 criminationibus
529 2072 660 2109 gnarus
682 2075 692 2095 .·
732 2072 808 2097 eum
840 2062 1002 2104 Hilarius
1033 2063 1193 2110 Caesaris

171 2112 312 2149 libertus
329 2112 502 2150 detulerat
514 2117 691 2160 *tanquam
708 2110 828 2148 audito
850 2113 977 2150 Vitellii
993 2126 1035 2153 <7
1048 2114 1194 2153 Othonis

169 2163 360 2212 principata
374 2162 545 2213 propriam
562 2161 626 2210 ipſs
641 2161 825 2208 potentiam
845 2174 887 2202 Θ·
904 2163 1118 2213 poffeffionem
1129 2167 1195 2203 Hi-

159 2213 366 2262 spaniarum
403 2211 556 2260 tentaffit
579 2227 590 2248 .·
637 2224 734 2260 eoque
773 2212 1012 2260 diplomatibus
1051 2215 1190 2253 nullum

163 2265 349 2313 principem
364 2260 621 2313 praescripsiffit.
674 2263 993 2310 Interpretabantur
1020 2267 1192 2315 quaedam

164 2326 215 2351 rex
249 2314 457 2351 orationibus
474 2313 546 2360 ejus
567 2313 803 2360 contumeliosa
829 2316 868 2350 in
901 2314 1072 2353 Vitellium
1096 2344 1107 2359 ‚
1152 2328 1194 2356 <9⁶

169 2373 228 2414 pro
238 2365 341 2414 seipso
362 2364 546 2414 popularia.
572 2363 756 2399 aurf‘c'oritas
779 2361 898 2401 Cluvii
918 2366 1114 2406 traevalait
1127 2395 1137 2411 ‚
1157 2379 1197 2405 ut

165 2416 284 2464 puniri
306 2415 396 2451 ultro
413 2415 575 2451 libertam
587 2413 692 2461 suum
715 2412 866 2449 Vitellius
878 2415 1022 2462 juberet.
1046 2416 1196 2456 Cluvius

171 2466 352 2503 comitatui
374 2466 533 2514 principis
554 2465 728 2512 adjefius,
753 2475 819 2500 non
831 2464 992 2514 adempta
1013 2467 1195 2516 Hispania,

175 2528 280 2566 quam
301 2516 420 2564 absens
441 2516 540 2552 rexit.
570 2516 635 2550 CA
651 2525 672 2549 T
687 2525 707 2549 Α
723 2525 761 2550 Ν.

223 2578 257 2612 4.
285 2566 405 2604 Aliter
421 2578 462 2602 ac
479 2565 628 2613 velles]
653 2563 833 2612 Adprobo
852 2564 1012 2603 Medicei
1035 2579 1043 2603 :
1072 2566 1198 2614 aliter,

174 2628 215 2653 ac
232 2616 331 2654 velis.
512 2616 517 2621 ’

227 2680 260 2714 ς.
284 2667 350 2704 Ad
372 2666 432 2703 hoc
461 2664 507 2703 fic
528 2664 671 2714 illum]
719 2664 874 2703 Helmst.
905 2666 971 2702 Ad
1003 2665 1087 2702 haec
1114 2676 1154 2703 tic
1181 2682 1198 2705 o

178 2716 305 2760 Eluvi,
335 2717 462 2760 Elam,
488 2730 505 2753 o
525 2715 633 2753 Eluvi
656 2743 667 2760 ‚
695 2727 753 2752 nec
770 2726 808 2752 tu
829 2716 961 2764 ignoras
984 2743 994 2759 ‚
1030 2717 1200 2761 ridicule,

180 2765 218 2802 ὅ(
239 2774 359 2804 tamen
391 2766 560 2805 secundas
589 2767 674 2803 facit
711 2764 777 2803 Ed.
803 2767 889 2804 Vct.
926 2767 1092 2805 Similiter
1127 2768 1200 2805 fere

182 2815 299 2853 Arnz.·
318 2820 368 2854 At
388 2818 423 2854 V
428 2817 491 2855 ofi.
518 2818 583 2854 Ad
603 2817 685 2854 haec
706 2817 897 2865 Virginius.-
926 2818 1012 2862 Tu,
1037 2831 1061 2856 o
1082 2819 1204 2861 Cluvi,

182 2865 554 2916 Cluvi‚tuneignoras.
584 2869 722 2906 Verum
737 2868 784 2905 est
807 2868 906 2916 quod
927 2869 1073 2916 praestat
1091 2870 1201 2916 Opti-

182 2925 292 2953 mus:
321 2919 382 2953 Ad
403 2918 460 2955 hoc
479 2919 558 2956 ille.-
597 2930 679 2957 tune
701 2947 710 2963 ‚
750 2918 861 2956 Cluvi
882 2947 891 2961 ‚
920 2921 1063 2968 ignoras.
1103 2919 1200 2956 Vide

183 2964 229 3001 ad
263 2964 389 3002 Sallust.
423 2969 503 3006 Cat.
541 2981 618 3018 cap.
652 2970 828 3007 XXXIV.
872 2971 981 3018 princ.
1018 2969 1081 3008 Ad
1111 2970 1200 3008 haec

1258 946 1359 984 illam
1378 947 1636 996 reposuerunt,
1653 949 1693 987 iis
1712 951 1883 1000 imposuit
1903 954 2020 992 oratio
2041 883 2293 1003 repenftepmu·

1264 1006 1347 1036 tata.
1373 998 1442 1037 Sed
1461 1000 1497 1037 in
1521 1000 1730 1051 hujusmodi
1746 1004 1973 1042 relationibus
1994 1007 2128 1044 ieet-am
2143 1008 2180 1044 ὃς
2204 1010 2294 1049 obli-

1264 1060 1374 1098 quam
1398 1051 1601 1089 orationem
1618 1051 1720 1100 saepe
1738 1053 1897 1099 misceri,
1922 1055 2003 1094 alibi
2022 1056 2210 1098 docuimus
2227 1089 2237 1106 ,
2249 1062 2289 1099 δε

1264 1100 1375 1138 hodie
1398 1103 1457 1138 vix
1479 1102 1652 1140 tironibus
1671 1104 1839 1150 ignotum
1861 1104 1921 1143 est.

1319 1152 1354 1187 6.
1382 1152 1536 1190 Cluvine
1555 1164 1594 1190 tu
1619 1154 1777 1202 ignoras,
1803 1155 1875 1193 ideo
1892 1169 1945 1193 me
1959 1156 2083 1205 fecisse,
2111 1161 2201 1208 quod
2210 1162 2294 1207 feci,

1266 1211 1305 1239 ut
1326 1201 1404 1251 effet
1425 1202 1571 1241 liberum
1599 1204 1694 1242 vobis
1703 1205 1845 1256 scribere
1866 1234 1877 1252 ,
1913 1220 2000 1257 qaae
2020 1208 2203 1260 libuiffet.]
2247 1213 2300 1250 Si·

1268 1253 1354 1290 mile
1377 1253 1425 1290 est
1446 1254 1531 1292 illud
1558 1255 1808 1294 Timoleontis
1829 1269 1838 1294 ε
1878 1259 1936 1307 qui
1963 1271 2040 1295 cum
2063 1262 2248 1311 Lamestius
2268 1263 2296 1301 ei

1268 1303 1412 1353 quidam
1435 1332 1445 1348 ,
1472 1305 1569 1343 homo
1583 1306 1746 1356 petulans
1765 1318 1807 1346 ω’
1831 1308 1989 1357 ingratus
2013 1337 2022 1353 ,
2052 1312 2294 1350 vadimonium

1272 1354 1376 1392 vellet
1392 1355 1556 1404 imponere
1575 1382 1587 1400 ,
1623 1369 1666 1396 <9²
1684 1358 1867 1407 complures
1887 1361 2123 1409 concurrissent
2135 1391 2144 1406 ‚
2156 1364 2298 1413 quipro-

1267 1406 1448 1443 cacitatem
1467 1406 1615 1445 hominis
1634 1409 1793 1446 manibus
1812 1422 1952 1447 coercere
1973 1423 2200 1459 conarentur,
2214 1427 2293 1451 ora·

1268 1457 1324 1493 vit
1343 1470 1455 1494 omnes
1476 1485 1487 1501 ,
1516 1471 1557 1495 ne
1573 1458 1612 1494 id
1621 1459 1781 1505 facerent
1800 1487 1810 1502 ‚
1850 1473 1998 1510 namque
2014 1463 2053 1499 iel
2074 1474 2113 1500 ut
2135 1464 2295 1508 Lamestio

1266 1508 1442 1556 ceterisque
1461 1507 1574 1545 liceret
1585 1535 1595 1552 ‚
1607 1514 1645 1557 Je
1657 1510 1824 1547 maximos
1832 1510 1961 1548 labores
1967 1514 2170 1564 summaque
2182 1516 2298 1565 adiiffz

1265 1559 1425 1607 pericula.
1452 1565 1553 1595 Hanc
1573 1561 1662 1596 enim
1675 1560 1817 1609 speciem
1836 1560 2009 1600 libertatis
2028 1563 2084 1611 effi
2102 1592 2112 1608 ‚
2127 1565 2150 1603 fi
2171 1569 2294 1605 omni-

1269 1610 1331 1645 bus
1346 1637 1356 1652 ,
1385 1608 1486 1658 quod
1507 1611 1659 1658 quisque
1680 1613 1807 1655 vellet,
1847 1611 1982 1660 legibus
1997 1617 2148 1662 experiri
2159 1617 2291 1655 liceret.

1268 1659 1365 1697 Vide
1383 1662 1420 1697 &
1444 1671 1537 1709 quae
1568 1661 1766 1709 sequuntur
1795 1663 1891 1710 apud
1922 1665 2112 1712 Nepotem
2148 1669 2184 1704 in
2213 1669 2291 1717 ejus

1269 1711 1352 1748 vita.
1403 1710 1472 1748 Sed
1493 1721 1559 1758 pro
1576 1712 1728 1748 Cluviae
1749 1712 1966 1759 legendum,
1995 1719 2046 1750 Tu
2066 1716 2197 1762 Cluvi,
2227 1730 2293 1757 nae

1266 1760 1403 1809 ignoras
1422 1788 1433 1805 ‚
1460 1770 1530 1799 eac.
1559 1761 1658 1799 Nam
1681 1763 1718 1798 ὅ(
1740 1762 1849 1811 paulo
1869 1772 1953 1801 ante
1973 1766 2145 1804 Cluvium
2167 1795 2177 1811 ,
2216 1780 2293 1808 non

1264 1811 1461 1848 Clavinum
1480 1807 1732 1860 appellaverat‘.
1782 1813 1830 1851 Et
1846 1814 2048 1865 intelligitur
2070 1823 2125 1855 M.
2146 1818 2300 1859 Cluvius

1268 1863 1378 1909 Rufus
1398 1889 1409 1905 ‚
1447 1863 1511 1911 qui
1539 1874 1593 1900 res
1618 1864 1775 1901 Neronis
1792 1873 1960 1913 tempore
1979 1867 2089 1914 gestas
2109 1869 2294 1917 condidit,

1265 1914 1320 1962 cuj
1328 1925 1366 1950 us
1384 1912 1575 1951 Suetonius
1592 1941 1601 1958 ,
1615 1914 1767 1952 Tacitus
1777 1943 1787 1959 ‚
1799 1915 1854 1953 alii
1868 1920 2113 1955 meminerunt
2138 1919 2165 1956 B
2178 1932 2202 1957 U
2215 1933 2237 1958 c
2250 1933 2293 1958 H-

1269 1976 1377 2001 NER.
1420 1964 1612 2002 Absonum
1650 1965 1752 2014 quod
1783 1967 1990 2014 vulgabatur
2011 1996 2022 2012 ‚
2071 1969 2223 2008 Cluvine
2249 1983 2290 2009 m

1264 2015 1398 2062 ignoras
1412 2042 1422 2058 ‚
1436 2027 1660 2065 quamquam
1679 2017 1755 2065 jam
1779 2016 1893 2054 Aldus
1913 2017 2074 2057 distinete
2093 2021 2289 2069 scripserat:

1264 2066 1375 2102 Cluvi
1395 2077 1435 2103 ne
1452 2076 1492 2103 ta
1512 2067 1660 2116 ignoras.
1682 2067 1802 2106 Probo
1832 2069 2130 2108 emendationem
2168 2072 2289 2111 Buch-

1260 2117 1360 2160 neri;
1390 2127 1470 2153 eam
1492 2125 1614 2155 tamen
1635 2129 1711 2155 non
1731 2119 1872 2166 recepi,
1909 2121 1991 2168 quia
2017 2121 2138 2160 Codd.
2163 2123 2287 2162 adsen-

1258 2167 1294 2204 su
1316 2165 1523 2206 destituitur.
1550 2167 1674 2216 Scripsi
1696 2181 1741 2206 ex
1764 2169 1936 2207 Mediceo
1957 2183 1964 2206 ε
1994 2177 2088 2210 Tune
2109 2200 2120 2217 ‚
2149 2174 2262 2212 Clavi
2275 2202 2288 2220 ,

1257 2217 1414 2266 ignoras,
1442 2218 1543 2268 quod
1564 2220 1671 2257 etiam
1692 2218 1794 2256 Voss.
1814 2219 2020 2258 confirmat.

1310 2279 1343 2313 7.
1372 2269 1549 2319 Panion]
1588 2269 1705 2316 Quod
1738 2271 1891 2307 vetuerit
1917 2271 2117 2319 impensam
2143 2272 2290 2321 sepulcri

1258 2325 1432 2367 tanquam
1455 2318 1680 2367 superfluam.
1709 2319 1740 2354 C
1756 2332 1774 2355 A
1792 2332 1814 2355 T
1830 2332 1850 2355 A
1865 2334 1901 2356 N.

1312 2368 1347 2405 8.
1376 2371 1529 2418 Impensa
1555 2369 1755 2406 monimenti
1762 2370 1981 2418 stipere-acm:
1999 2369 2080 2420 est.]
2119 2372 2286 2421 Disputat·

1258 2417 1303 2454 de
1325 2419 1392 2455 hac
1413 2430 1451 2456 re
1480 2421 1613 2457 Cicero
1637 2420 1663 2457 Ι.
1700 2421 1849 2457 Tuscul.
1881 2432 1957 2469 cap.
1977 2422 2120 2460 Xblll.
2143 2423 2286 2463 XLIV.

1255 2468 1379 2506 XLV.
1404 2469 1681 2519 concluditque,
1709 2479 1829 2507 totum
1850 2471 1948 2508 hunc
1967 2472 2092 2509 locum
2115 2483 2284 2512 contem-

1259 2519 1421 2557 nendum
1444 2520 1480 2557 in
1511 2521 1615 2558 nobis
1634 2548 1643 2564 ‚
1679 2521 1715 2558 in
1749 2521 1874 2558 nolitis
1905 2522 2160 2570 negligendum
2188 2525 2285 2564 haud

1259 2567 1345 2607 else.
1398 2570 1533 2609 Seneca
1551 2582 1701 2619 quoque
1737 2583 1813 2608 non
1841 2574 2034 2610 curandam
2058 2586 2283 2624 magnopere

1258 2620 1473 2668 sepulturam
1499 2621 1607 2670 Epist.
1628 2620 1746 2660 Cxil.
1773 2630 1934 2660 extrema
1966 2633 2106 2662 monet.
2164 2628 2287 2675 Atque

1258 2672 1426 2717 profeeio
1444 2682 1571 2721 parurn
1593 2673 1722 2710 attinet
1739 2673 1888 2721 quidem
1908 2701 1919 2717 ‚
1947 2674 2034 2722 quid
2064 2674 2109 2712 de
2134 2675 2288 2725 reliquiis

1259 2721 1384 2759 nostris
1402 2721 1474 2761 fiat.
1497 2722 1559 2760 sed
1580 2734 1702 2770 neque
1727 2723 1798 2760 illas
1817 2732 1941 2761 tamen
1964 2725 2152 2773 quisquam
2175 2728 2285 2774 paulo

1257 2771 1451 2809 humanior
1468 2772 1552 2810 ideo
1575 2773 1719 2821 negligit
1745 2800 1756 2816 ,
1781 2781 1822 2810 ut
1841 2775 1966 2821 projici
1985 2776 2103 2823 potius
2125 2804 2135 2820 ‚
2172 2787 2285 2825 quam

1257 2822 1321 2858 rite
1342 2822 1477 2869 sepeliri
1494 2832 1649 2870 expetat.
1705 2823 1850 2860 Interim
1875 2824 1980 2861 nimis
2003 2824 2048 2863 de
2069 2838 2115 2864 eo
2136 2825 2207 2865 elle
2224 2828 2282 2865 so-

1258 2872 1394 2908 licitum
1419 2899 1429 2914 ,
1459 2873 1498 2909 &
1517 2884 1593 2910 non
1616 2873 1689 2910 fine
1705 2873 1902 2911 ambitione
1925 2875 2080 2923 quadam
2102 2877 2286 2924 laborare,

1257 2922 1337 2959 sane
1354 2922 1452 2959 haud
1481 2922 1631 2970 dignum
1664 2924 1739 2961 sitis
1772 2935 1906 2972 magno
1924 2927 2048 2964 animo
2072 2928 2110 2964 &
2129 2929 2287 2976 sapiente

1261 2972 1321 3010 est.
1370 2973 1559 3021 Augustini
1581 2981 1694 3011 mater
1720 2972 1780 3010 fibi
1802 2975 2025 3023 sepulchrum
2046 2977 2286 3027 ipsa'parave-

183 3015 246 3068 Q
270 3018 493 3055 Marcium-Si
510 3019 936 3067 quid,cet.Nosterinfra
951 3021 1205 3069 Epistxxlll.
1263 3030 1314 3060 rat
1341 3023 1386 3061 ad
1413 3024 1499 3061 latus
1524 3025 1587 3062 viri
1611 3052 1621 3068 ‚
1655 3037 1701 3062 ne
1731 3023 1948 3063 divideretur
1970 3027 2014 3064 ab
2036 3040 2082 3066 eo
2105 3038 2255 3068 mortuo
2274 3059 2286 3075 ‚

184 3076 221 3102 n.
244 3076 276 3115 3.
305 3066 367 3103 Ad
389 3065 446 3104 boc
463 3068 560 3107 illum
583 3083 593 3109 ε
621 3071 757 3110 Tacitus
777 3085 831 3117 es,
859 3084 907 3109 an
926 3071 1058 3111 Plinius
1079 3073 1100 3112 Ρ
1127 3073 1206 3121 Qui
1261 3085 1372 3124 quem
1389 3075 1675 3126 conjunctissime
1693 3075 1819 3113 vivum
1843 3076 2034 3127 complexa
2062 3087 2146 3118 erat.
2198 3081 2287 3117 Hoc

1657 3125 1786 3174 Pppp
1816 3138 1835 3164 τ.
2154 3130 2289 3167 foemi-
