2616 3686
254 1321 387 1379 3quod
409 1321 510 1370 supra
534 1322 751 1359 monuimus
771 1321 817 1358 ad
839 1333 874 1358 n.
894 1334 927 1369 4.

274 196 371 245 166
475 189 535 238 C.
601 182 995 236 PLINII
1060 178 2176 238 CAECIL11=SECUND1

279 264 545 323 cularibus
583 263 638 318 δε
692 261 823 316 velis
874 257 1124 316 obductis
1171 257 1473 316 reductisve
1523 258 1696 313 modo
1743 256 1760 276 ⁸
1815 260 2064 330 adiicitur
2124 264 2449 334 cubiculo}

281 338 458 395 modo
488 335 744 390 aufertur.
823 334 1056 389 Lectum
1107 333 1162 387 &
1198 331 1215 350 ²
1249 331 1381 386 duas
1406 330 1686 386 cathedras
1709 333 1881 400 capit,
1920 352 1949 386 a
1970 335 2202 405 pedi-bus
2229 355 2409 403 mare,

203 427 206 430 ⁴
278 431 307 467 a
338 426 498 481 tergo
530 408 686 463 villae
716 445 733 471 ,
769 425 796 460 a
818 407 994 478 capite
1021 404 1178 460 filvae
1200 443 1216 467 ‚
1250 417 1342 458 ‘tot
1368 402 1530 460 facies
1553 404 1806 459 locorum
1841 441 1859 468 ‚
1898 406 2133 463 totidem
2162 409 2407 466 fenestris

279 485 331 539 δέ
369 482 650 552 distinguit
678 480 732 535 &
755 481 771 507 ⁹
800 481 1003 534 miscet.
1070 476 1327 548 junctum
1350 476 1425 549 est
1459 476 1767 532 cubiculum
1793 474 1965 532 noctis
1999 476 2054 540 &
2081 479 2268 536 somni.
2295 501 2408 542 non

279 555 413 612 illud
447 570 608 607 voces
636 551 968 607 servulorum
993 587 1009 612 ,
1046 568 1064 592 ⁴
1089 567 1200 605 non
1226 549 1381 603 maris
1408 565 1652 603 murmur
1681 585 1696 610 ,
1735 566 1850 603 non
1883 550 2261 622 tempestatum
2288 571 2406 610 mo-

284 643 369 684 tus
398 667 413 690 ,
465 643 578 682 non
604 624 878 696 fulgurum
909 624 1092 676 lumen
1113 658 1136 684 .,
1182 637 1244 675 ac
1269 637 1337 674 ne
1363 620 1512 678 diem,
1533 620 1758 692 quidem
1784 621 1941 676 sentit
1968 660 1989 686 „
2046 622 2143 678 nifi
2167 623 2406 684 fenestris

287 699 500 770 apertis.
575 696 720 750 Tam
765 697 853 749 alti
885 693 1164 765 abditique
1200 692 1392 747 secreti
1427 693 1515 747 illa
1534 693 1672 747 ratio
1698 732 1714 756 ‚
1753 693 1905 765 quod
1934 695 2253 766 interjaCens
2276 703 2290 730 ⁵
2319 716 2411 756 an-

286 773 425 828 dron
454 772 713 840 parietem
740 767 1004 829 cubiculi,
1037 765 1298 837 'hortique
1324 762 1628 836 distinguit,
1667 778 1829 838 atque
1852 767 1924 820 ita
1951 785 2173 823 omnem
2219 770 2409 827 sonum

285 857 304 881 ⁶
328 843 505 900 media
530 841 787 895 inanitate
816 838 1099 894 consumit.
1140 837 1475 908 Applicitum
1498 836 1575 890 est
1597 837 1850 893 cubiculo
1879 838 2263 912 hypocaustum
2288 859 2411 913 per..

282 918 539 987 exiguum
574 953 588 974 ,
625 913 779 986 quod
818 910 1028 980 angusta
1072 910 1303 964 fenestra
1337 906 1662 981 suppositum
1688 909 1955 974 calorem,
1991 914 2007 942 ⁷
2035 926 2095 967 ut
2120 916 2257 968 ratio
2282 932 2412 971 exe.

282 989 390 1058 git,
425 1000 514 1041 aut
539 985 797 1048 effundit,
835 998 924 1038 aut
951 983 1164 1037 retinet.
1241 981 1554 1034 Procoeton
1581 978 1710 1034 inde
1738 980 1794 1034 δε
1830 981 2139 1040 cubiculum
2184 990 2410 1059 porrigi-

279 1063 445 1116 turin
473 1054 671 1124 solem,
707 1074 872 1130 quem
895 1055 1161 1111 orientem
1186 1053 1358 1110 statim
1388 1065 1712 1126 exceptum,
1747 1053 1886 1109 ultra
1917 1056 2198 1114 meridiem
2225 1096 2242 1122 ‚
2279 1061 2416 1116 obli..

2242 1148 2412 1203 quum

280 1269 546 1320 praestantibus.
573 1270 641 1308 CA
657 1283 680 1308 r
696 1282 769 1308 AN.
796 1269 991 1309 Mediceus
1006 1265 1306 1318 speculatoribus,
1429 1278 1452 1314 ς
1482 1263 1680 1313 Androm]
1713 1266 1841 1303 Locus
1875 1264 2052 1304 domicilii
2075 1265 2275 1324 appellatur
2298 1278 2411 1318 angu.

1378 1316 1465 1355 stior
1484 1315 1739 1364 longitudine,
1768 1317 1806 1354 in
1830 1327 1908 1365 quo
1929 1317 1996 1354 viri
2025 1317 2228 1365 plurimum
2262 1331 2413 1359 moran-

1378 1375 1438 1406 tur
1451 1395 1463 1412 ,
1490 1366 1580 1404 ficut
1600 1367 1820 1415 Gynaecium
1840 1366 1903 1404 ubi
1926 1367 2096 1406 mulieres
2109 1397 2119 1413 ,
2141 1368 2310 1408 auctores
2332 1370 2413 1411 sunt

1381 1417 1527 1463 Festus,
1556 1417 1708 1464 Surdas,
1733 1417 1865 1456 Pollux
1881 1445 1892 1462 ,
1920 1418 1984 1466 qui
2007 1418 2174 1456 androna
2199 1421 2310 1458 ctiam
2348 1422 2415 1462 Li-

333 1385 349 1411 1
384 1373 570 1420 Adjicitur
589 1371 768 1420 cubicula]
799 1371 925 1419 Auget
936 1371 1144 1409 cubiculum
1158 1370 1310 1407 remotis

281 1425 371 1461 velis
385 1450 397 1467 ,
425 1424 464 1460 ὅ(
486 1422 618 1459 minuit
640 1421 775 1459 eisdem
789 1421 967 1460 obductis.
996 1421 1133 1459 Seneca
1147 1421 1307 1458 Natural.

282 1474 351 1510 IV.
374 1471 504 1522 scripsit
527 1473 791 1510 coemtionem
813 1472 901 1509 velis
925 1470 1214 1520 &specularibus
1225 1483 1307 1508 mu-

278 1525 348 1562 niri
378 1523 534 1561 solitam.
561 1522 717 1560 CA'rAN.
755 1518 860 1560 Voff.
892 1521 1042 1561 cubiculo
1073 1535 1146 1561 meo
1168 1550 1179 1568 ‚
1207 1521 1311 1572 quod

282 1575 473 1624 Gryphius
498 1573 681 1621 expreflit.

329 1637 351 1661 2
383 1623 525 1674 Duas.]
555 1624 665 1661 Palat.
686 1623 799 1662 habet
820 1623 974 1673 quidem
997 1622 1088 1661 duas
1105 1652 1115 1669 ,
1142 1622 1204 1662 sed
1216 1624 1308 1661 intra

279 1675 403 1714 lineas.
457 1675 501 1712 In
533 1682 712 1713 contextu
747 1673 869 1712 visitur
902 1675 1019 1712 denas.
1070 1675 1308 1713 GRUTER.

282 1725 406 1764 Nostri
429 1737 561 1763 omnes
585 1725 674 1762 duas
690 1754 700 1770 ,
729 1726 768 1764 &
788 1736 890 1763 vere.
918 1726 991 1763 Cui
1011 1724 1089 1763 usui
1111 1726 1248 1763 denas?

334 1789 352 1826 3
387 1775 551 1826 Μέρη]
580 1777 680 1824 Quia
701 1788 722 1813 a
742 1787 964 1826 quacunque
988 1775 1140 1814 fenestra
1160 1777 1228 1814 tria
1248 1774 1310 1812 ista

281 1827 399 1868 uideri
433 1835 602 1877 poterant
624 1839 632 1864 :
665 1838 712 1864 an
738 1855 749 1871 ‚
777 1827 882 1877 quod
904 1827 1018 1874 magis
1036 1826 1180 1875 probo,
1208 1826 1312 1876 quod

282 1878 442 1927 angustia
461 1878 535 1916 loci
557 1888 621 1926 per
639 1886 710 1916 tres
732 1877 903 1917 fenestras
920 1889 999 1915 uno
1020 1876 1168 1927 aspectu
1179 1878 1308 1915 omnia

284 1928 416 1967 licebat
436 1927 598 1967 intueri?
624 1929 656 1966 C
670 1942 691 1966 A
707 1942 730 1967 τ
746 1941 767 1966 A
782 1941 818 1967 u.
848 1927 1040 1978 Distinguit
1064 1927 1089 1966 fi
1111 1939 1176 1978 per
1198 1939 1312 1967 unam

285 1979 480 2018 fenestram
502 1981 540 2017 in
562 1990 675 2016 unam
695 1987 835 2028 partem
859 1980 980 2018 versus
1008 1980 1223 2029 prospicias;
1239 1979 1314 2016 Mi—

279 2030 376 2079 scet,
403 2029 430 2068 fi
465 2030 635 2068 omnibus
668 2030 830 2068 fenestris
860 2030 1037 2068 intendas.
1095 2030 1165 2069 Sed
1188 2031 1310 2079 paullo

287 2080 465 2119 difficilior
496 2079 545 2118 est
575 2080 622 2118 ad
651 2081 742 2118 haec
775 2079 835 2118 ista
859 2081 1073 2130 descriptio,
1100 2094 1125 2116 a
1141 2081 1310 2130 pedibus,

287 2143 310 2167 a
333 2142 450 2180 tergo,
478 2143 502 2168 a
526 2130 643 2181 capite.
668 2131 741 2168 Pro
761 2130 897 2168 ultimo
919 2144 940 2167 a
957 2132 1066 2180 capite
1087 2132 1125 2168 in
1146 2132 1219 2170 aliis
1241 2131 1312 2169 effe

287 2193 312 2218 a
332 2180 441 2220 latere
455 2211 465 2227 ‚
492 2181 686 2219 adnotavit
706 2180 1025 2229 Lindenbrogiu53
1055 2181 1114 2219 sed
1134 2183 1206 2220 hoc
1226 2183 1313 2220 nihil

288 2232 402 2270 iuvat.
456 2233 494 2270 A
526 2230 647 2282 positu
679 2233 842 2270 cubantis
873 2234 912 2271 &
946 2233 1004 2270 vel
1034 2231 1228 2278 studentis,
1254 2234 1315 2272 vel

292 2282 475 2321 scribentis
499 2283 778 2331 descriptionem
804 2281 984 2321 desumfit.

338 2346 364 2380 4
401 2340 484 2371 Non
516 2334 629 2370 maris
661 2331 876 2382 murmur.]
917 2334 1082 2371 Vossian.
1114 2347 1184 2372 non
1206 2336 1317 2374 maris

284 2385 479 2431 fremitum
501 2414 512 2431 ,
547 2393 659 2435 atque
697 2386 744 2422 ita
776 2394 906 2432 margo
939 2385 1106 2434 Gryphii·
1146 2386 1315 2425 Obvium

295 2435 367 2473 hoc
390 2435 484 2482 effe,
512 2436 586 2474 dixi
607 2434 652 2473 ad
675 2435 816 2473 Lucan.
841 2435 922 2473 Lib.
945 2434 990 2473 X.
1015 2447 1065 2474 vs.
1089 2448 1170 2487 321.

343 2539 486 2574 Cuncta
509 2537 680 2594 ‘fremunt
709 2537 815 2576 undis
839 2565 850 2583 ‚
887 2549 930 2574 ac
971 2536 1084 2575 multo
1127 2549 1319 2577 murmure

401 2600 533 2625 manti-5

343 2643 507 2689 Spumeus
527 2638 651 2678 invitis
669 2638 818 2688 canescit
834 2637 1004 2688 flur-‘libus
1026 2638 1157 2676 amnis.

299 2739 370 2777 Sed
399 2752 444 2778 ex
477 2738 612 2778 eodem
634 2747 735 2789 patet
758 2769 768 2783 ‚
805 2740 1002 2778 meliorum
1025 2739 1201 2777 librorum
1223 2754 1325 2778 mur-

300 2802 380 2825 mur
403 2802 519 2841 aeque
541 2791 701 2841 probum
727 2790 809 2830 effe.
836 2791 893 2829 Sic
913 2792 1014 2830 idem
1038 2791 1120 2829 Lib.
1133 2791 1161 2828 Ι.
1174 2803 1225 2828 vs.
1238 2793 1323 2831 260.

349 2905 451 2918 ·-—·
503 2893 703 2942 mediusque
730 2903 823 2931 tacet
838 2892 916 2942 sine
939 2902 1130 2931 murmure
1147 2902 1286 2943 pontus.

303 2989 526 3027 Medicem:
579 3003 672 3026 voces
702 2991 923 3038 servolorum
950 3022 960 3036 ‚
997 2995 1151 3042 antiquo
1194 3007 1327 3040 mOl‘e3

303 3039 456 3079 deinde:
486 3039 719 3085 tempestatem
742 3052 856 3076 motus
873 3068 882 3083 ‚
911 3052 1080 3088 corrupte
1103 3059 1113 3085 ;
1143 3044 1330 3095 denique:

307 3104 376 3126 nm
400 3090 586 3136 falsorum
616 3088 736 3128 lumen
758 3117 770 3135 ,
811 3089 857 3128 dc
889 3101 967 3139 quo
995 3090 1040 3128 ad
1062 3092 1215 3133 Lucam
1251 3097 1333 3134 Lib.

308 3141 355 3179 V.
380 3151 429 3179 vs.
458 3151 512 3186 17.

1381 1469 1449 1507 bro
1479 1468 1582 1507 sexto
1614 1480 1682 1517 pro
1712 1468 1801 1507 loco
1835 1469 2000 1506 convivii
2021 1470 2292 1519 interpretatur.
2345 1474 2415 1511 Ad

1381 1519 1465 1558 haec
1478 1548 1489 1564 ,
1515 1520 1635 1568 inquit
1658 1518 1918 1568 Aristophanes
1932 1545 1942 1561 ,
1964 1519 2104 1567 judicia
2127 1522 2249 1558 omnia
2268 1533 2313 1560 ey
2332 1532 2412 1571 por.

1382 1572 1468 1610 titus
1486 1569 1671 1607 andronas
1684 1569 1840 1616 faciam.
1892 1569 2128 1608 Athenaeus:
2158 1572 2316 1620 Majorcs
2350 1575 2412 1612 do-

1383 1635 1464 1660 mus
1487 1621 1632 1659 heroum
1651 1625 1827 1657 Homerus
1844 1620 1996 1668 μέγαςοι
2017 1632 2131 1659 vocat.
2151 1633 2195 1662 (9⁴
2227 1621 2379 1666 δώματα
2394 1654 2409 1671 ,

1383 1674 1426 1712 ὃς
1444 1671 1608 1715 κλισίας
1636 1684 1698 1708 nos
1721 1684 1804 1708 vero
1823 1671 1966 1716 ξενιῧναις
1991 1671 2031 1708 &
2048 1669 2226 1721 ἁνὲςὸνας.
2280 1674 2328 1712 Et
2350 1677 2413 1718 ubi

1384 1723 1431 1762 de
1453 1724 1634 1762 conviviis
1657 1719 1890 1760 Cretensium
1911 1722 2005 1769 agit:
2034 1727 2125 1761 Sunt
2150 1751 2162 1769 ,
2188 1725 2307 1775 inquit
2331 1755 2342 1772 ,
2369 1741 2412 1765 u-

1383 1773 1483 1824 bique
1506 1774 1544 1811 in
1565 1771 1725 1811 domibus
1747 1773 1814 1809 duo
1837 1771 1908 1809 loca
1929 1771 2103 1810 conviviis
2119 1773 2334 1814 celebrandis
2355 1778 2412 1828 as-

1376 1823 1551 1874 stgnata‚
1579 1836 1729 1874 quorum
1752 1822 1909 1861 alterum
1930 1834 2064 1861 vocant
2095 1822 2245 1872 ἀνδρεῖον
2269 1856 2281 1872 ,
2318 1827 2411 1865 alte-

1385 1889 1467 1914 rum
1481 1905 1492 1921 ,
1518 1875 1556 1913 in
1576 1887 1643 1924 quo
1662 1873 1803 1923 hospites
1828 1874 2039 1920 dormiunt,
2065 1874 2282 1924 κοιμητήριον
2295 1906 2306 1923 ,
2335 1879 2412 1916 ἐπὶ

1385 1930 1446 1962 τοῦ
1457 1923 1599 1970 mimia
1613 1954 1625 1970 ,
1652 1926 1745 1974 quod
1765 1923 1810 1970 est
1830 1925 1977 1963 dormio.
2030 1924 2138 1965 Idem
2158 1926 2412 1977 auctorePyr-

1383 1978 1519 2025 gione,
1547 1973 1696 2025 ἀνδρεῖον
1730 1975 1871 2013 dietum
1905 1975 2022 2014 asserit
2055 1977 2163 2024 ξενίαν
2184 1989 2204 2014 a
2225 1979 2322 2024 Jove
2343 1980 2413 2018 ho-

1383 2027 1505 2076 spitali.
1558 2027 1777 2066 Herodotus
1808 2036 1983 2073 magnam
2017 2026 2175 2065 domum
2209 2038 2321 2068 vocat
2344 2043 2412 2068 an-

1383 2079 1525 2118 dreona.
1581 2076 1767 2116 Leonidas
1789 2077 1827 2114 in
1850 2077 2134 2124 epigrammate,
2163 2079 2202 2117 &
2223 2081 2280 2119 alii
2295 2082 2414 2120 Grae·-

1385 2140 1517 2168 corum
1550 2140 1617 2177 pro
1648 2128 1806 2166 triclinio
1836 2126 2032 2176 usurpant,
2060 2126 2149 2167 ficut
2169 2131 2325 2178 legimus
2347 2143 2414 2181 ge-

1386 2182 1509 2219 minos
1531 2188 1632 2218 extra
1654 2179 1821 2216 androna
1839 2177 1985 2215 vocasse
2009 2179 2241 2220 Simonidem
2255 2210 2267 2227 ,
2296 2183 2414 2222 &sta-

1386 2232 1452 2269 tim
1489 2229 1669 2270 corruisse.
1723 2229 1914 2267 Vitruvius
1946 2230 2026 2267 Lib.
2060 2229 2128 2268 VI.
2163 2243 2193 2270 c.
2219 2245 2274 2272 10.
2297 2233 2414 2275 scribit

1389 2282 1552 2320 Graecos
1573 2282 1752 2331 appellare
1774 2280 1957 2317 andronas
1981 2292 2068 2319 oecos
2084 2309 2095 2326 ,
2121 2282 2157 2321 id
2180 2283 2254 2330 est,
2278 2284 2413 2323 domos

1388 2332 1450 2370 ubi
1473 2333 1650 2371 convivia
1670 2331 1784 2370 virilia
1806 2329 1923 2368 solent
1947 2329 2017 2370 effe
2044 2361 2054 2377 ‚
2088 2334 2191 2382 quod
2214 2347 2263 2374 eo
2284 2336 2412 2372 mulie-

1387 2394 1443 2421 res
1466 2396 1545 2422 non
1555 2382 1730 2422 accedant
1744 2410 1755 2426 ,
1778 2393 1990 2432 quanquam
1998 2384 2076 2431 jam
2091 2383 2254 2431 dixisset,
2282 2383 2409 2422 Graeci

1388 2434 1561 2479 mesaulas
1594 2435 1686 2472 inter
1719 2432 1806 2471 duas
1838 2433 1934 2471 aulas
1955 2432 2089 2482 positas
2110 2437 2327 2476 nominant,
2351 2441 2408 2469 eas

1392 2485 1504 2524 nostri
1525 2485 1718 2523 andronas.
1774 2484 1830 2521 Ut
1850 2496 1914 2533 per
1936 2486 2027 2523 haec
2047 2487 2191 2523 andron
2207 2482 2322 2521 modo
2335 2480 2407 2518 La·

1389 2537 1512 2574 tinum
1537 2565 1547 2581 ‚
1587 2535 1705 2573 modo
1740 2535 1927 2573 Graecum
1960 2534 2001 2573 fit
2024 2565 2035 2582 ,
2071 2534 2171 2584 quod
2193 2542 2268 2568 non
2289 2527 2406 2576 potest

1390 2589 1592 2626 convenire
1607 2615 1618 2632 ,
1646 2585 1713 2624 nisi
1734 2585 1896 2624 dic-amus
1918 2596 2002 2624 cum
2025 2586 2167 2624 testatur
2185 2579 2322 2615 andron
2335 2575 2406 2634 else

1392 2638 1578 2677 Graecum
1601 2637 1826 2675 vocabulum
1847 2632 2032 2684 respexisse
2054 2633 2229 2683 originem
2253 2628 2291 2665 ὃ(
2313 2627 2406 2666 deri-

1391 2691 1584 2727 vationem
1612 2688 1685 2724 ἀπὶ
1717 2691 1777 2723 τοῦ
1804 2685 1919 2734 dude&
1942 2711 1956 2728 ,
1989 2683 2026 2721 id
2056 2681 2105 2718 est
2134 2690 2153 2715 a
2185 2688 2287 2714 viro:
2320 2689 2407 2732 cum

1392 2751 1484 2778 vero
1507 2741 1684 2779 Latinum
1710 2766 1722 2784 ,
1759 2735 1863 2787 quod
1882 2746 1904 2772 a
1931 2732 2055 2770 nostris
2085 2736 2273 2776 receptum
2296 2727 2409 2775 eflet,
2479 2734 2488 2739 “

1394 2792 1433 2828 &
1454 2803 1522 2839 pro
1544 2791 1608 2828 suo
1631 2796 1827 2829 uterentur.
1856 2785 2006 2836 Cum.
2249 2830 2255 2836 ·

1444 2842 1467 2877 6
1497 2842 1621 2878 Media
1640 2833 1858 2881 inam·th
1886 2830 2048 2878 Spatioso
2069 2829 2410 2881 androneinterpoe

1396 2890 1476 2930 sito.
1505 2892 1622 2929 lnam,
1952 2931 1957 2936 ,

1445 2954 1464 2987 7
1496 2947 1542 2977 Ut
1563 2939 1658 2976 „uio
1679 2931 1824 2981 exigit]
1856 2928 2168 2978 Mediceusexegi:
2183 2960 2192 2975 ,
2215 2931 2315 2980 quod
2330 2944 2419 2970 inu-.

1394 2999 1539 3031 tarum,
1571 2990 1654 3035 quia
1687 2983 1869 3031 sequentia
1900 2981 1972 3018 alio
2008 2991 2177 3030 tempore
2202 2982 2412 3023 efferuntur.

1397 3039 1598 3076 Obscuram
1625 3033 1722 3071 istam
1747 3032 1967 3078 diligentiam
1993 3031 2233 3072 refutavimus
2255 3033 2355 3081 supr-i
2369 3034 2417 3072 ad

1399 3088 1505 3137 Epist.
1529 3084 1635 3123 xlv.
1656 3095 1695 3124 u.
1720 3095 1772 3122 ιο.
1802 3083 1862 3121 ubi
1884 3083 1988 3120 andis
2013 3084 2050 3122 ὃς
2087 3084 2226 3123 resimis
2261 3086 2416 3122 coniun-

2326 3144 2421 3183 gun-
