2616 3686
265 228 361 280 700
511 185 2194 257 C.PL1N11CA-ECILIISECUNDI

275 290 486 364 quinta:
530 282 749 356 (neque
770 284 914 337 enim
937 293 1176 341 certum,
1205 272 1615 344 dimensumque
1640 270 1916 340 tempuS,)
1956 281 2015 323 ut
2045 267 2158 322 dies
2185 271 2200 297 ¹
2221 264 2412 332 suasit,

283 368 339 419 in
365 370 383 395 ²
407 361 618 436 xystum
645 375 731 413 me
751 398 776 421 ,
826 358 910 410 vel
946 353 1418 428 cryptoporticum
1445 346 1671 402 confero
1696 384 1711 408 ‚
1761 352 1776 380 ³
1801 345 2007 415 reliqua
2041 342 2276 397 meditor
2299 386 2312 405 ‚
2356 343 2415 397 δε

286 437 458 500 disto,
501 434 809 490 vehiculum
833 431 1081 486 ascendo.
1157 427 1236 483 Ibi
1258 441 1481 498 quoque
1509 422 1652 477 idem
1685 459 1700 484 ,
1753 418 1908 490 quod
1934 417 2206 473 ambulans
2231 417 2414 488 autja-

288 532 432 569 cens.
514 512 686 566 Durat
721 509 952 562 intentio
979 543 995 569 ,
1047 511 1066 540 ⁴
1101 503 1404 557 mutatione
1445 497 1553 569 ipsa
1575 494 1806 550 referia:
1861 494 2077 564 paulurn
2101 493 2416 557 redormio,

291 590 417 644 dein
457 585 673 641 ambulo
701 622 715 645 ‚
763 599 894 636 mox
933 578 1238 634 orationem
1273 573 1546 628 Graecam
1581 571 1903 625 Latinamve
1938 569 2076 622 clare
2102 569 2153 621 δε
2180 571 2419 634 intente,

291 670 307 700 ⁵
336 682 446 719 non
473 675 581 715 tam
607 658 754 711 vocis
782 653 933 709 causa
957 696 970 715 ‚
1009 669 1169 724 quam
1193 648 1488 715 stomachi,
1528 648 1683 718 lego:
1723 647 1920 717 pariter
1944 655 2120 716 taimen
2148 644 2200 696 δέ
2227 645 2312 697 illa
2335 643 2424 697 fir-

245 744 482 793 4matur.
559 735 761 788 lterum
791 728 1010 784 ambulo
1042 766 1056 790 ‚
1098 742 1274 796 ungor
1301 762 1317 787 ‚
1358 739 1619 778 exerceor
1647 760 1664 784 ,
1695 722 1872 794 lavor.
1956 720 1974 748 ⁶
1995 717 2266 773 Coenanti
2293 717 2424 772 mihi

292 812 361 866 fic
386 829 510 867 cum
540 823 714 863 uxore
738 805 824 858 vel
848 803 1061 875 pauciS,
1102 800 1237 855 liber
1259 798 1495 869 legitur,
1532 794 1651 866 post
1671 813 1899 849 coenam
1928 800 1946 831 ⁷
1971 793 2301 857 comoedu3‚
2331 806 2423 848 aut

291 890 309 917 ⁸
346 885 543 960 lyristes
574 902 584 938 :
635 898 766 935 mox
789 897 913 933 cum
937 878 1065 932 meis
1090 875 1309 930 ambulo
1332 912 1348 935 ‚
1401 878 1419 904 ⁹
1451 886 1687 942 quorum
1729 871 1782 923 in
1806 887 2037 924 numero
2062 870 2180 924 sunt
2208 869 2426 924 eruditi.

296 963 383 1018 lta
422 961 575 1016 variis
608 953 945 1012 sermonibus
985 951 1205 1023 vespera
1243 944 1560 1005 extenditur
1591 987 1605 1008 ‚
1632 998 1633 1001 ,
1656 943 1711 997 &
1750 960 2057 1017 quanquam
2090 944 2428 1074 longisscilmus·

2322 1037 2427 1083 1e3,

338 1158 371 1185 1.
398 1144 546 1199 Sousia]
584 1143 620 1182 Si
641 1142 781 1181 nubilus
800 1142 860 1180 vel
877 1137 1020 1180 serenus
1040 1137 1147 1179 suerit
1157 1139 1177 1180 1:
1215 1138 1315 1180 unde
1388 1131 1527 1179 Aldus,
1556 1131 1763 1182 Gryphius,
1784 1129 2058 1176 Catanaeus‚&
2078 1130 2239 1180 plerique
2258 1128 2433 1178 impreffi.

282 1200 322 1238 in
357 1197 569 1248 quibusdam
607 1191 866 1243 exemplaribus
901 1193 1027 1241 legitur
1052 1191 1204 1242 falserit,
1230 1191 1262 1229 C
1279 1205 1314 1229 Α.
1390 1185 1577 1234 Quidam:
1607 1183 1778 1222 Coenanti
1798 1184 1886 1220 mihi
1910 1210 1933 1229 ,‚
1948 1182 1973 1220 fi
1997 1195 2075 1219 cum
2096 1195 2199 1219 uxore
2217 1179 2432 1229 velpaucia,

288 1262 313 1289 T
326 1262 348 1287 Α
364 1263 401 1286 Ν,
1391 1236 1477 1274 liber
1497 1236 1631 1285 legitur.
1659 1234 1813 1273 Helmst.
1835 1235 1873 1271 δε
1895 1234 1950 1272 Ed
1989 1234 2070 1271 Vct.
2097 1242 2267 1272 neutrum
2292 1231 2426 1269 admit-

337 1311 373 1336 2.
400 1297 592 1347 xystum]
619 1295 917 1334 Ambulationem
937 1294 998 1332 sub
1016 1295 1078 1333 dio
1100 1322 1111 1339 ‚
1148 1304 1241 1342 quae
1263 1304 1318 1331 ar-
1390 1295 1492 1331 tunt,
1521 1286 1726 1336 habentque
1747 1298 1755 1323 :
1784 1284 1955 1322 comanti
1974 1283 2061 1322 mihi
2078 1297 2155 1323 cum
2175 1295 2291 1322 uxore.
2328 1283 2364 1321 Si
2372 1281 2426 1332 fic

284 1349 388 1388 bores
410 1352 448 1387 ὅς
479 1350 634 1398 porticus
651 1348 736 1384 hine
754 1345 838 1384 inde
856 1345 985 1389 habet,
1015 1357 1092 1395 quo
1113 1345 1147 1382 se
1167 1345 1316 1383 transfe.
1390 1338 1620 1377 retinendum
1643 1365 1654 1383 ,
1679 1336 1724 1374 ad
1747 1336 1927 1385 superiora
1950 1335 2074 1373 referri
2096 1337 2228 1374 debet:
2255 1332 2303 1370 fic
2320 1343 2426 1381 prae-

284 1402 385 1439 rebat
404 1401 530 1438 sereno
551 1408 739 1446 tempore:
765 1405 802 1434 at
827 1397 952 1433 nubilo
973 1397 1011 1433 in
1032 1396 1314 1445 crytoporticum,
1389 1399 1512 1437 parato
1532 1417 1543 1432 ,
1591 1387 1640 1426 fic
1667 1387 1826 1425 adfesto·
1856 1386 1902 1424 de
1932 1397 2011 1435 quo
2039 1386 2215 1424 nonnulla
2243 1384 2343 1432 supra
2375 1385 2424 1423 ad

283 1451 321 1490 id
341 1452 392 1489 est
406 1450 564 1487 abditnn
597 1449 790 1498 porticum.
841 1448 902 1484 De
926 1453 1084 1497 utroque
1112 1448 1149 1484 in
1173 1458 1317 1496 praece·
1389 1440 1493 1489 Epist.
1510 1440 1597 1479 XV.
1623 1446 1712 1478 extr.
1738 1436 1909 1488 Nobisque
1945 1436 1993 1474 s1c
2020 1437 2151 1476 rusticis
2181 1435 2318 1474 urbana
2340 1439 2427 1486 aHaeJ

284 1502 449 1541 dentibus
468 1509 685 1538 enarratum.
712 1498 727 1535 I
741 1511 763 1533 D
778 1509 801 1535 E
816 1510 856 1535 M.
1347 1524 1350 1530 .
1378 1491 1554 1542 perscribe.

340 1564 373 1602 3.
402 1552 545 1601 Reliqua
567 1550 754 1598 meditem]
782 1548 940 1587 Helmst.
965 1548 1077 1587 Arnz.
1103 1547 1236 1599 reliqua
1247 1560 1318 1586 me·
1441 1555 1474 1589 7·
1504 1539 1693 1579 Comoedi
1708 1549 1773 1578 aut
1790 1539 1952 1589 lyristes-l
1982 1538 2139 1588 Vulgata
2164 1537 2254 1576 haec
2272 1539 2424 1588 scriptus

288 1605 391 1642 detur
410 1604 526 1641 edicto.
1388 1604 1436 1632 ra.
1471 1592 1524 1630 At
1542 1592 1697 1630 Helmst.
1721 1590 1784 1628 ed.
1816 1590 1956 1628 Veh&
1985 1590 2101 1628 Aldus
2121 1602 2129 1627 :
2167 1588 2335 1626 comoedia
2354 1602 2421 1630 aut

336 1668 371 1700 4.
395 1654 594 1691 Mutatione
623 1651 692 1701 ipsa
715 1649 884 1700 refesta.]
922 1649 1030 1687 MSS.
1060 1649 1099 1687 &
1132 1649 1201 1687 Ed.
1229 1650 1319 1689 Vct.
1388 1643 1539 1694 lyristes,
1568 1643 1712 1684 neseio,
1740 1653 1812 1690 qua
1832 1641 1877 1678 de
1894 1637 2034 1684 CflUffZ,
2067 1640 2132 1678 nifi
2153 1651 2299 1689 propter
2315 1653 2423 1689 prae·-

287 1711 425 1754 rejerta.
453 1715 655 1754 perperam,
683 1704 854 1741 Lucanus
881 1701 962 1739 Lib.
986 1701 1055 1738 Vl.
1081 1711 1133 1739 vs.
1154 1712 1240 1748 240.
1389 1696 1520 1734 cedens
1541 1695 1674 1744 legitur.
1701 1692 1814 1729 Arnz.
1843 1691 2062 1728 comoediam.
2091 1691 2159 1729 Sed
2188 1691 2347 1730 Voffian.
2375 1693 2422 1731 &.

1392 1746 1596 1794 Gryphius:
1608 1744 1675 1793 post
1697 1756 1832 1780 coenam
1853 1741 2056 1779 comoedus
2077 1741 2426 1792 auttyristaes,quod¹

336 1806 489 1844 Incaluit
509 1806 650 1844 virtus.-
679 1815 783 1856 atque
808 1815 880 1841 una
899 1802 995 1840 caede
1015 1801 1183 1841 refecrus.
1390 1798 1523 1846 placuit
1541 1797 1578 1834 in
1593 1802 1734 1833 textum
1756 1795 1927 1842 recipere.
1953 1792 2034 1831 Lib.
2054 1793 2083 1831 Ι.
2109 1793 2214 1842 Epist.
2228 1793 2312 1829 XV.
2332 1805 2369 1831 n.
2383 1805 2420 1833 2.

1391 1846 1555 1897 Audisses
1574 1844 1802 1884 comoedum
1827 1873 1839 1890 ,
1876 1843 1933 1882 vel
1950 1844 2103 1882 Iee'lorem
2125 1870 2137 1887 ,
2175 1844 2232 1881 vel
2251 1843 2394 1892 lyristen
2407 1871 2429 1890 2.

288 1908 371 1949 Lib.
391 1908 438 1948 V.
464 1919 517 1946 vs,
538 1918 625 1954 224.
1390 1899 1446 1936 vel
1469 1910 1592 1936 omnes.
1619 1897 1728 1944 Supra
1750 1896 1823 1933 hoc
1839 1895 1929 1934 libro
1956 1894 2064 1944 Epist.
2084 1894 2211 1933 XVfl.
2236 1905 2273 1932 n.
2288 1906 2319 1939 3.
2341 1907 2421 1933 cum

1389 1949 1488 1987 lfflor
1509 1977 1519 1994 ,
1561 1959 1625 1984 aut
1659 1948 1795 1995 lyristes
1820 1974 1830 1992 ,
1868 1956 1932 1983 aut
1965 1945 2169 1984 comoedus
2186 1945 2349 1982 indubius
2366 1944 2424 1993 est..

337 2010 468 2061 Vixque
489 2008 626 2048 refeehi
653 2008 760 2046 cadit.
1389 2000 1488 2037 Infra
1518 1999 1624 2048 Epist.
1646 1998 1729 2034 XL.
1754 2009 1791 2035 n.
1813 2010 1849 2035 2.
1874 2011 1943 2034 non
1971 1996 2051 2043 jam
2071 1995 2259 2034 comoedo
2285 1996 2345 2034 vel
2362 1997 2424 2045 ly..

1388 2051 1487 2089 ristae
1501 2050 1569 2100 post
1590 2062 1727 2087 coenam
1749 2048 1848 2085 locus.
1875 2049 2083 2096 intelligitur
2102 2058 2225 2085 autem
2247 2049 2421 2092 auditur,

283 2119 393 2161 atque
410 2112 455 2148 ita
475 2111 611 2148 millies.
638 2110 691 2148 Ita
719 2108 851 2147 Noster
879 2107 960 2146 Lib.
979 2106 1010 2143 l.
1047 2105 1156 2155 Epist.
1173 2105 1318 2143 XXW.
1386 2104 1444 2140 vel
1466 2100 1578 2138 fimile
1595 2100 1742 2149 aliquod
1765 2099 1916 2137 verbum
1940 2113 1948 2140 ;
1993 2098 2053 2136 vel
2081 2099 2188 2136 etiam
2208 2097 2303 2141 adest
2323 2125 2334 2142 ‚
2374 2099 2426 2136 de.

284 2175 322 2200 n.
342 2175 376 2208 4.
404 2162 531 2209 reficere
550 2161 657 2197 oculos
678 2189 688 2204 ‚
726 2164 763 2198 ὃς
793 2161 872 2197 alia.
908 2167 1031 2207 neque
1063 2159 1164 2195 enim
1193 2156 1318 2194 talibus
1387 2164 1457 2202 qua
1476 2150 1596 2200 Ellipfi
1615 2154 1713 2200 supra
1734 2149 1778 2187 ad
1807 2150 1914 2196 Epist.
1935 2150 2094 2187 XXVII.
2118 2161 2152 2187 n.
2167 2162 2198 2188 1.
2221 2148 2314 2187 adde
2325 2149 2422 2198 Groq

284 2212 562 2252 immorandum
585 2212 745 2249 arbitror.
1386 2215 1475 2241 nov.
1501 2202 1546 2240 ad
1570 2202 1694 2239 Senec.
1720 2200 1861 2238 Troad.
1879 2212 1929 2238 vs.
1953 2200 2039 2246 844.

337 2277 370 2310 5.
400 2269 479 2300 Non
500 2274 576 2299 tam
595 2263 691 2298 vocis·
705 2264 828 2310 causa,
850 2273 956 2310 quam
970 2257 1172 2307 stomachi.]
1203 2256 1317 2295 Exer-
1440 2254 1474 2291 8.
1504 2252 1648 2302 Lyristes
1669 2255 1687 2301 ]
1717 2253 1794 2298 Qui
1812 2253 1887 2299 lyra
1907 2251 1979 2290 scit.
2008 2252 2104 2289 Nam
2128 2250 2332 2290 Plutarchus
2341 2260 2424 2300 per-⁷

281 2315 454 2352 cirionem
481 2314 581 2350 vocis
602 2311 706 2350 valde
733 2312 939 2349 conducere
969 2310 1161 2347 valetudini
1184 2309 1315 2346 Plutar-
1387 2305 1495 2343 mittit
1518 2303 1692 2341 muficim
1715 2302 1901 2340 conviviis.
1929 2302 1961 2337 C
1975 2315 1995 2338 A
2010 2313 2033 2338 T
2049 2315 2070 2338 A
2085 2315 2119 2338 N.

282 2365 370 2402 chus
392 2364 547 2402 ostendit
578 2362 623 2400 cle
644 2363 790 2400 sanitate
822 2361 967 2399 tuenda.
997 2360 1108 2398 etiam
1131 2357 1315 2396 Oribalius
1440 2368 1464 2404 9
1513 2356 1679 2408 Qorum
1703 2364 1860 2390 numero
1882 2352 1972 2402 sunt
1991 2353 2155 2403 eruditi.]
2193 2354 2249 2391 Sic
2280 2351 2428 2397 Aldus„

280 2416 425 2454 testatur
448 2415 577 2464 duplici
601 2412 673 2451 fine
696 2411 892 2451 exercuisse
914 2423 1048 2449 vocem
1071 2417 1211 2447 veteres
1234 2438 1244 2454 ,
1271 2408 1315 2447 ad
1390 2406 1432 2443 ὃς
1461 2407 1523 2455 qui
1551 2417 1636 2443 eum
1671 2407 1878 2454 sequuntur.
1918 2403 2053 2442 Latine
2083 2404 2155 2442 dici.
2179 2415 2317 2440 numero
2333 2402 2389 2450 effe
2404 2430 2415 2446 ,

282 2468 468 2504 remedium
492 2466 687 2504 morborum
701 2493 710 2509 ,
741 2466 777 2500 &
800 2465 890 2501 vocis
912 2462 1059 2500 tultum.
1111 2461 1158 2497 Et
1179 2461 1246 2497 hac
1269 2460 1314 2498 de
1388 2469 1454 2506 pro
1477 2459 1514 2494 in
1537 2469 1678 2494 numero
1700 2483 1712 2498 ‚
1750 2455 1826 2505 post
1858 2455 2104 2492 Gronovium.
2125 2455 2162 2492 δε
2183 2455 2268 2492 alios
2292 2452 2418 2491 docuit

282 2518 382 2554 causa
406 2517 578 2566 magistros
598 2516 713 2560 voris,
737 2515 796 2552 seu
821 2516 1021 2552 monitores
1047 2523 1087 2549 ac
1105 2518 1315 2560 praecepto·
1390 2508 1515 2545 Celeb.
1543 2507 1743 2545 Burmann.
1773 2507 1990 2544 Comment.
2013 2505 2057 2543 ad
2078 2503 2224 2542 Phaedr.
2246 2503 2325 2540 Lib.
2347 2504 2420 2541 IV.

282 2569 530 2610 resvbabebant
556 2596 566 2610 ,
594 2577 754 2615 quorum
778 2567 919 2603 Caelius
940 2564 1156 2602 Aurelianus
1178 2564 1311 2600 memi-
1390 2558 1473 2596 Fal).
1491 2559 1636 2597 XXlV.
1663 2569 1714 2595 vs.
1740 2557 1806 2596 16.v
1824 2557 1862 2594 δὲ
1890 2568 1958 2594 nos
1986 2556 2072 2593 olim
2094 2554 2353 2592 observavimus
2374 2553 2429 2593 ad,

283 2620 337 2657 nit
368 2620 448 2656 Lib.
472 2619 495 2655 Ι.
522 2620 560 2656 &
593 2619 635 2655 ll.
664 2617 843 2654 tardarum
875 2616 1079 2664 passionum
1105 2627 1112 2650 :
1150 2613 1314 2661 itemque
1393 2611 1470 2647 Cic.
1491 2609 1517 2648 l.
1546 2608 1649 2648 Fam.
1672 2608 1781 2656 Epist.
1800 2607 1849 2647 X.
1873 2619 1909 2645 n.
1928 2619 1962 2644 2.
1986 2606 2129 2643 Verum
2143 2604 2197 2641 Ed
2222 2603 2305 2642 Ver.
2320 2604 2426 2644 Voss,

284 2670 567 2717 Quintffilianus,
582 2668 824 2711 &Suetonius
840 2667 1002 2714 Augusto
1015 2677 1091 2713 cap.
1104 2664 1318 2702 LXXXIV.
1389 2663 1427 2698 ὃ(
1449 2660 1602 2698 l-Ielmst.
1625 2672 1644 2698 a
1666 2661 1780 2709 prima
1803 2669 1950 2695 manu:
1990 2667 2134 2704 quorum
2160 2657 2197 2692 in
2219 2666 2415 2695 numerum

285 2723 324 2758 ὃ(
363 2722 513 2758 Nerone
552 2732 628 2768 cap.
649 2718 791 2757 Xxlv.
826 2719 888 2767 qui
915 2717 1100 2763 1-‘ho7zascos
1126 2715 1315 2763 appellant.
1379 2713 1467 2760 sum
1483 2712 1633 2755 eruditi,
1660 2708 1856 2760 quomodo
1877 2708 1912 2744 in
1930 2705 2086 2742 honorem
2106 2731 2117 2749 ‚
2153 2705 2189 2741 in
2213 2707 2421 2753 potestatem

283 2771 311 2807 B
328 2786 346 2808 υ
363 2784 419 2807 cu
436 2787 455 2808 N
472 2784 542 2809 eu.
569 2769 689 2807 Celsus
721 2769 800 2807 Lib.
821 2769 845 2806 1.
876 2779 953 2816 cap.
974 2767 1082 2804 Vlll.
1109 2766 1143 2802 si
1164 2765 1315 2814 quissto-
1388 2761 1459 2800 effe
1488 2763 1582 2811 apud
1612 2762 1773 2799 Plautum
1799 2786 1810 2801 ‚
1838 2757 2054 2794 Terentium
2079 2783 2089 2798 ‚
2121 2755 2343 2795 Ciceronem
2374 2765 2422 2801 ὃς,

285 2823 404 2859 macho
425 2822 561 2859 laborat
575 2849 585 2864 ,
612 2822 731 2869 legere
754 2821 844 2857 clare
867 2819 974 2856 debet
994 2834 1005 2861 ;
1042 2815 1110 2867 post
1140 2816 1313 2854 lec‘tionem
1386 2814 1487 2851 alios.
1539 2814 1629 2850 Non
1649 2821 1772 2851 tamen
1794 2809 1865 2845 hoc
1886 2807 2000 2843 Plinio
2022 2805 2202 2843 tribuerim
2223 2822 2229 2845 2
2257 2810 2314 2847 sed
2328 2825 2414 2853 cum

286 2871 473 2910 ambulare.
503 2873 528 2909 Β
547 2887 564 2908 Α
579 2885 600 2906 R
618 2883 644 2907 T
660 2884 697 2907 H.
738 2868 838 2907 Voss.
868 2870 1026 2917 neglexit
1058 2869 1123 2905 illa.
1142 2880 1150 2903 τ
1187 2867 1312 2911 pariter
1390 2863 1509 2901 Codd.
1529 2864 1573 2901 illi
1595 2859 1895 2909 Praepofitionem
1920 2856 2082 2899 servent,
2096 2858 2133 2893 &
2157 2859 2267 2895 Arnz.
2291 2864 2416 2904 diserte

286 2932 401 2957 :amen
422 2934 461 2960 cr
481 2922 544 2959 illa
570 2921 741 2969 firmatur
764 2937 775 2966 ;
814 2920 967 2958 Helmsl.
993 2928 1101 2968 atque
1135 2917 1200 2955 Ed.
1228 2919 1316 2956 Ver.
1391 2915 1583 2952 exhibeat:
1623 2923 1768 2961 quorum
1793 2909 1828 2945 in
1851 2907 2109 2954 numerosum
2130 2910 2256 2947 eruditi
2279 2940 2284 2954 ί
2325 2916 2418 2954 hanc

286 2972 323 3007 ¹&
345 2971 430 3007 hae:
450 3000 460 3014 ,
496 2974 539 3008 &⁷
570 2984 751 3020 praeterea
782 2972 934 3010 verbum
962 2971 1031 3020 Lego.
1053 2969 1239 3007 omittunt.
1262 2970 1315 3006 vi·
1392 2966 1510 3013 potius
1546 2964 1749 3010 scripturam
1780 2969 1864 2994 cum
1908 2956 2076 3005 GryphiO
2113 2961 2257 3008 aliisque
2286 2964 2430 3005 secutus

283 3020 383 3059 unse,
1393 3016 1483 3053 sum.
1512 3013 1700 3060 Exemplis
1725 3020 1802 3047 non
1829 3007 1879 3048 est
1908 3018 2022 3056 opus,
2051 3019 2144 3058 quae
2166 3010 2199 3050 se
2221 3013 2341 3054 ubi-vis-
2355 3018 2425 3055 ob.

336 3071 377 3109 6..
396 3072 565 3109 caenanti
582 3071 668 3109 mihi
689 3070 743 3109 fic,
759 3084 834 3110 cum
846 3070 995 3121 uxum]
1017 3069 1072 3121 Ita
1087 3067 1325 3110 VoffiAxnz..
1352 3086 1361 3131 Δ
1395 3066 1530 3104 fierunt.
1558 3064 1590 3102 C
1603 3075 1665 3104 0.ss
1681 3071 1753 3102 τε·

1364 3125 1368 3129 ”
2235 3126 2266 3156 Ῐο
2293 3118 2426 3159 consig-
