2616 3686
211 301 267 336 10

215 578 265 611 11

325 200 380 248 18
532 193 1051 246 C.PL1N11
1119 181 2226 238 CAECILIISECUNDI

323 278 553 349 primum
581 278 755 331 virum
782 292 882 344 pro
899 270 1263 327 dissimillimo,
1304 269 1515 321 ‘Parce
1557 263 1661 316 Cui
1683 278 1817 330 ego,
1857 266 2424 343 ²Dispicie55psequid

323 349 746 405 renunciandum
785 347 1001 415 Regulo
1038 361 1206 413 putes,
1245 355 1299 393 te
1330 337 1508 406 decipi
1544 337 1573 388 a
1603 352 1687 388 me
1716 352 1824 388 non
1850 353 2080 405 oportet.
2159 343 2427 416 Exspec'io

326 431 341 456 ⁸
368 422 674 476 Mauricum
716 421 994 488 (nondum
1039 417 1182 468 enim
1218 412 1282 465 ab
1317 410 1479 463 exilio
1507 408 1764 475 venerat)
1795 408 1923 461 ideo
1953 411 2081 464 nihil
2107 416 2420 474 alterutram

327 495 381 548 in
420 509 627 566 partem
666 490 990 559 respondere
1029 488 1128 547 ,tibi
1170 485 1406 555 polium,
1443 479 1676 534 facturus
1700 479 1962 550 quicquid
1991 482 2075 534 ille
2101 484 2425 549 decreverit,

328 568 478 622 Illum
517 568 660 620 enim
700 563 804 617 elle
851 560 1001 630 hujus
1039 558 1241 613 consilii
1281 555 1511 614 ducem,
1553 569 1640 605 me
1679 556 1939 606 comitem
1967 553 2144 609 decet.
2224 559 2428 619 Paucos

330 639 445 711 post
485 641 594 692 dies
633 637 740 707 ipse
793 652 878 688 me
921 633 1164 702 Regulus
1204 630 1462 683 convenit
1500 627 1552 678 in
1593 629 1611 654 ⁴
1648 627 1908 694 praetoris
1941 626 2146 682 officio,
2186 628 2312 684 Illuc
2341 652 2429 692 me

329 712 640 786 persecutus
681 714 692 738 ⁵
734 708 999 762 secretum
1041 705 1196 777 petit.
1235 702 1306 757 ait
1343 701 1534 754 timere
1573 698 1626 754 se
1655 735 1672 762 ,
1724 714 1793 752 ne
1833 698 2016 753 animo
2054 717 2182 755 meo
2220 706 2436 772 penitus

2189 774 2436 833 haereret:

324 936 404 972 cap.
426 923 526 961 XIX.
552 934 574 960 n
609 933 643 971 3.
672 920 710 959 &
735 919 778 957 ad
803 918 945 957 Lucani
972 918 1056 956 Lib.
1079 916 1146 955 ΠΙ.
1184 926 1238 953 vs.
1274 924 1358 961 572.
1383 909 1568 981 ldefpicerq
1580 909 1715 967 eodem
1736 908 1838 948 sensu
1858 910 2066 959 acciperem
2090 939 2100 956 ,
2130 911 2195 950 nifi
2231 914 2437 956 innumeris

322 979 462 1013 Coimus
491 974 625 1011 hibent
646 983 780 1011 omnes
800 971 917 1017 scripti
937 970 1048 1007 nostri
1071 996 1082 1013 ‚
1119 969 1155 1004 δε
1187 964 1362 1014 impreffi.
1406 962 1586 1011 exemplts
1607 959 1834 1005 didicissem,
1857 962 2021 1010 optimos
2039 965 2150 1001 etiam
2173 964 2287 1004 libros
2310 966 2438 1006 secun-

323 1025 472 1064 alicuius
495 1024 669 1062 nominis.
701 1023 769 1059 Co
788 1035 809 1059 a
829 1034 852 1058 τ
868 1032 903 1058 ε.
1405 1012 1490 1051 dam
1518 1017 1552 1049 ὅ(
1576 1013 1723 1050 tertiam
1749 1011 1918 1049 vocalem
1941 1039 1950 1054 .
1981 1015 2145 1052 maxime
2165 1014 2202 1052 in
2226 1017 2293 1055 illis
2315 1018 2436 1056 Com-

379 1088 392 1114 1
430 1082 556 1118 Parce,
581 1071 779 1124 inquiens.]
810 1072 933 1109 Probo
961 1067 1355 1111 alteramlec'tionem,
1381 1063 1550 1114 2p0stti8,
1580 1063 1680 1101 miris
1701 1061 1826 1100 modis
1854 1061 2099 1103 confundere.
2151 1064 2206 1104 Ita
2237 1068 2274 1105 in
2310 1069 2438 1107 Maro-

321 1138 418 1176 quae
453 1139 529 1164 non
564 1126 722 1173 >ignoscit
761 1134 894 1160 vocem
929 1123 1102 1174 inquiens.
1158 1122 1267 1158 Parce
1308 1117 1355 1155 est
1380 1119 1383 1171 l
1405 1115 1459 1154 nis
1497 1114 1601 1153 MSS.
1627 1114 1840 1164 despergere,
1869 1112 2110 1162 descrimina·,
2136 1115 2172 1153 in
2185 1117 2441 1160 Prudentianis

320 1179 401 1222 πεφ
423 1194 430 1211 ι
449 1182 567 1219 ost-w:
602 1179 639 1214 ὅ(
670 1174 861 1213 moderate
890 1184 1076 1223 cauteque
1099 1201 1109 1216 ,
1138 1183 1214 1209 non
1241 1168 1353 1217 Φὲιδε
1378 1174 1382 1253 ί
1406 1166 1527 1205 Codd·
1547 1165 1695 1212 deflare,
1724 1166 1879 1215 descutei
1908 1163 2006 1213 apud
2029 1166 2226 1204 Lucanum
2249 1169 2438 1209 deffendere

321 1239 382 1267 aut
420 1229 613 1272 σργγυωθι,
643 1225 745 1275 qaod
777 1237 839 1274 qut
873 1237 951 1263 non
985 1221 1355 1264 animadvertebant,
1406 1218 1444 1256 δε
1467 1218 1566 1266 plura
1586 1217 1671 1255 talia
1697 1217 1836 1266 reperi:
1867 1216 1952 1254 vide
1974 1216 2119 1256 Lucan.
2146 1217 2438 1271 Lib.ll.vs.155.

320 1279 447 1318 locum
474 1287 724 1321 corruperunt.
741 1275 956 1314 Casaunon
983 1276 1224 1315 Recentiores
1236 1272 1353 1321 scripti
1410 1269 1491 1309 Lib.
1520 1269 1587 1307 IV.
1609 1278 1661 1307 vs.
1681 1279 1764 1315 140.
1786 1268 1840 1306 lta
1857 1267 1976 1316 ipsum
1989 1267 2078 1306 illud
2091 1268 2438 1318 dispicerepariterin

323 1331 361 1368 ὃ(
387 1330 478 1369 Edd.
501 1331 639 1379 aliquot
659 1328 816 1380 inquiens
837 1328 1037 1372 adiiciunt,
1066 1325 1169 1376 quod
1184 1324 1354 1362 meliores
1404 1320 1565 1368 despicere
1587 1327 1776 1357 mutatum
1799 1317 1926 1357 videre
1952 1320 2089 1368 poteris
2101 1319 2200 1367 apud
2213 1320 2441 1362 Ciceronem

318 1380 399 1420 libri
419 1381 514 1420 rect:
540 1389 722 1428 ignorant.
779 1381 839 1418 An
862 1391 952 1417 vero
976 1386 1265 1427 proptereacum
1281 1374 1335 1412 Ca
1406 1371 1476 1410 IV.
1499 1371 1547 1410 de
1569 1370 1687 1409 Finib.
1706 1381 1784 1419 cap.
1806 1370 1950 1408 XXIII.
1993 1370 2030 1407 &
2058 1369 2202 1409 XXIV.
2235 1372 2444 1414 Consensus

319 1431 485 1470 saubono
517 1434 560 1469 τὸ
584 1443 685 1481 parce
714 1444 783 1480 pro
820 1430 1010 1468 Adverbio
1042 1429 1082 1466 fit
1111 1427 1354 1471 habendum,
1402 1431 1528 1462 tamen
1558 1421 1857 1460 membranarum
1880 1421 1917 1459 &
1939 1420 2025 1466 hic,
2053 1421 2091 1459 &
2111 1421 2175 1461 illo
2196 1422 2311 1462 altero
2328 1424 2449 1472 loco,

319 1483 492 1521 nondum
511 1484 638 1530 liquet·
695 1485 805 1530 Quae
827 1481 1055 1530 praecedunt
1078 1479 1207 1516 verba:
1235 1487 1275 1514 ut
1295 1477 1351 1513 a'e-
1407 1475 1577 1513 animum
1598 1481 1743 1512 movet.
1771 1473 1929 1511 Come.

318 1533 414 1571 cebat
436 1534 601 1583 optimum
623 1535 747 1571 virum
765 1542 836 1571 cet.
891 1532 1112 1570 Casaubono
1143 1530 1270 1567 favere
1300 1529 1352 1565 vi·

319 1584 477 1624 deirur:
508 1585 578 1622 Sed
607 1587 646 1623 ὃ(
674 1585 807 1623 eadem
840 1585 888 1621 ita
922 1582 1079 1631 intelligi
1106 1578 1255 1629 possunt
1274 1607 1287 1624 ,
1314 1587 1355 1618 ut

1459 1538 1481 1575 3
1510 1522 1758 1576 Mauricum]
1799 1524 1954 1571 Junium
1988 1524 2200 1562 Mauricum
2230 1525 2367 1564 Rustici
2387 1527 2443 1565 AS

1406 1576 1522 1614 ruleni
1549 1576 1698 1612 fratrem
1715 1602 1726 1618 ,
1753 1575 1875 1612 virum
1906 1585 2082 1622 gravem,
2111 1576 2149 1613 8<
2184 1576 2413 1615 constantem
2430 1604 2448 1622 ,

319 1635 499 1684 Spurinna
519 1636 607 1674 nihil
628 1636 784 1685 amplius
805 1646 824 1673 a
852 1634 970 1672 Plinio
991 1634 1155 1682 petierit,
1183 1641 1294 1680 quam
1307 1642 1355 1668 ne

318 1687 530 1725 irasceretur
559 1688 702 1734 Regulo
722 1714 736 1732 ,
767 1697 815 1724 ne
848 1685 997 1723 iniurias
1027 1683 1231 1722 vindicaret
1256 1710 1267 1727 ,
1296 1681 1356 1719 sed

321 1738 470 1787 Regulo
503 1746 678 1786 parceret.
736 1737 793 1775 Est
824 1743 950 1774 autem
984 1735 1164 1772 sollemne
1197 1733 1355 1771 verbum

318 1797 418 1838 parce
442 1817 452 1832 ,
488 1800 566 1838 quo
594 1789 752 1827 aliorum
784 1787 930 1825 animos
959 1785 1151 1822 mollimus
1175 1811 1186 1827 ,
1232 1784 1270 1821 δε
1313 1784 1358 1820 ab

322 1841 398 1885 ira,
425 1849 488 1879 aut
511 1839 670 1877 vindicta
693 1848 938 1880 revocamus,
968 1846 1007 1873 ut
1026 1836 1063 1872 in
1087 1834 1150 1872 illo
1163 1833 1360 1883 Epigram-

323 1900 426 1930 mate
451 1891 555 1940 super
580 1890 728 1936 exfilio,
756 1888 860 1939 quod
881 1888 1044 1926 Senecae
1063 1886 1257 1924 tribuitur:

373 1974 486 2013 Parce
508 1973 667 2023 relegatis
685 2001 696 2019 ,
724 1972 784 2011 hoc
812 1972 878 2020 est,
906 1974 982 2012 iam
1007 1982 1117 2024 parce
1134 1968 1322 2021 fipultis.⁴

324 2035 487 2076 Ovidius
510 2037 557 2075 Il.
578 2037 688 2076 Trist.
711 2049 763 2076 vs.
791 2036 876 2078 181.

378 2113 490 2154 Parce
504 2144 514 2161 ,
537 2127 640 2163 pater
655 2119 807 2168 patriae.

326 2188 378 2229 11.
404 2201 450 2228 ex
473 2190 595 2228 Ponto
617 2188 729 2239 Epist.
751 2187 859 2227 VIII.
884 2198 936 2227 vs,
959 2188 1021 2238 23.

375 2291 511 2336 Parce,
538 2292 599 2329 vir
615 2291 780 2338 immenso
817 2289 929 2328 maior
959 2286 1154 2326 virtutibus
1175 2286 1252 2325 orbe
1273 2289 1287 2333 3

431 2344 590 2394 Iustaque
609 2343 791 2380 vindictae
811 2340 982 2391 suppritne
1008 2339 1084 2376 lora
1101 2350 1195 2375 tuae.

377 2394 515 2440 Parce,
540 2407 677 2444 precor,
698 2393 782 2443 secli
809 2393 907 2431 decus
929 2389 1107 2430 indelebile
1125 2388 1231 2437 nostri

329 2494 506 2534 Lucanus
535 2496 619 2535 Lib.
641 2497 712 2535 VI.
735 2507 789 2535 vs.
810 2496 899 2547 2302

377 2588 540 2633 Parcite,
567 2587 618 2625 ait
641 2615 651 2632 ‚
678 2587 770 2624 aives
789 2614 800 2631 ,
827 2585 944 2635 procul
959 2585 1043 2624 hinc
1057 2582 1211 2623 avertite
1228 2579 1366 2625 bellum,

331 2664 445 2705 atque
469 2656 517 2692 ita
544 2653 685 2702 paffim.
744 2652 906 2690 Coarss.

378 2719 398 2743 2
431 2704 626 2754 Dispicie1.]
669 2703 895 2750 Cognosces.
924 2701 970 2739 fic
989 2701 1082 2740 libro
1105 2701 1216 2738 tertio
1238 2697 1363 2736 idem.

329 2756 367 2793 ὃς
405 2758 621 2801 justinianus
652 2763 818 2791 utuntur.
871 2752 1018 2790 Servius
1051 2754 1090 2789 &
1115 2751 1289 2789 Donatus
1309 2747 1363 2784 di-

319 2806 446 2854 spiccre
465 2808 590 2844 dicunt
621 2804 692 2843 effe
715 2804 911 2853 disquirere
941 2803 1151 2842 consilium.
1206 2800 1365 2837 Cum.

331 2856 458 2903 Scripi
499 2869 630 2893 omnes
653 2856 806 2903 despicies
827 2855 986 2898 habent,
1016 2866 1093 2892 non
1112 2851 1279 2902 dispicies.
1305 2850 1365 2887 Sic

329 2906 461 2944 iterum
489 2906 571 2942 Lib.
595 2907 677 2942 VII.
704 2906 810 2953 Epist.
838 2905 1014 2943 XXXIII.
1037 2917 1074 2942 n.
1104 2918 1139 2953 ς.
1196 2908 1294 2940 Cum
1321 2900 1367 2946 [ι’-

330 2971 407 2994 mus
426 2956 590 2991 advocati
614 2968 634 2990 a
651 2955 775 3003 senatu
795 2956 872 2991 dati
892 2972 903 2992 .-
934 2955 1077 3004 despice
1101 2985 1111 2998 ‚
1151 2967 1239 2992 num
1267 2961 1364 2997 pera-

1409 1626 1475 1675 qui
1497 1627 1647 1665 Nervae
1667 1653 1677 1669 ,
1701 1624 1892 1663 Catullum
1912 1622 2170 1662 Maefl'alinum
2194 1626 2449 1666 saeviffimum

1409 1678 1627 1716 Senatorem
1639 1675 1744 1724 quod
1755 1676 1902 1713 foveret
1915 1702 1926 1719 ,
1939 1676 2189 1722 exprobravit.
2222 1678 2332 1726 Apud
2347 1678 2446 1718 Tac.

1409 1729 1447 1765 ὃ(
1469 1728 1706 1770 Secundum,
1732 1726 1906 1774 scriptum
1931 1725 2185 1765 indifferenter
2204 1729 2346 1767 offendi
2361 1735 2448 1766 Ma-

1408 1779 1519 1816 ricum
1543 1776 1821 1816 &Mauricum.
1875 1776 2053 1814 Martialis
2089 1779 2346 1817 Mauricorum
2381 1791 2447 1818 ae,

1410 1832 1589 1877 quitatem
1612 1828 1748 1866 laudat.
1777 1828 1935 1864 Cant-1.
1965 1825 2135 1876 Bongars.
2166 1827 2267 1866 Voss.
2293 1832 2331 1868 &
2354 1831 2447 1869 Lin-

1409 1881 1535 1919 denbr.
1563 1880 1624 1918 hic
1654 1879 1691 1916 ὅ(
1720 1878 1816 1916 infra
1850 1878 2031 1914 Maricam
2053 1893 2065 1922 ;
2093 1887 2129 1916 at
2150 1880 2282 1928 reliqui
2306 1881 2452 1918 Mauri-

1410 1945 1511 1974 cum,
1541 1938 1582 1969 ut
1611 1930 1708 1979 apud
1742 1929 1922 1967 Tacitum
1965 1929 2031 1966 IV.
2068 1928 2163 1967 Hist.
2193 1941 2273 1979 cap.
2302 1932 2386 1969 XI...
2405 1933 2449 1971 δε

1413 1983 1537 2032 Agric.
1589 1993 1668 2029 cap.
1702 1980 1829 2018 XLV.
1884 1980 2129 2018 Membranae
2179 1982 2446 2020 Riccardianae

1409 2035 1470 2073 hic
1490 2033 1732 2075 Mauricium5
1763 2039 1798 2069 at
1820 2030 1914 2069 infra
1939 2031 2111 2067 Mat-icus.
2165 2030 2332 2070 Eaedem
2350 2033 2447 2071 enim

1413 2087 1618 2124 omittunt:
1649 2083 1801 2120 nondum
1824 2080 1869 2118 ab
1885 2078 2010 2128 exsilio.

1463 2148 1487 2183 4
1515 2142 1556 2171 In
1585 2144 1754 2183 praetorts
1784 2130 1923 2180 officim]
1958 2132 1997 2169 ln
2022 2131 2233 2180 praetori0.
2257 2132 2318 2170 ubi
2339 2139 2445 2182 prae-⁴

1412 2196 1471 2225 tor
1491 2186 1655 2224 officium
1671 2184 1773 2222 suum
1788 2190 1956 2220 exercet:
1988 2183 2045 2220 vel
2060 2211 2071 2228 ,
2099 2183 2196 2229 apud
2210 2195 2420 2232 praetorem
2434 2214 2447 2232 ,

1413 2250 1490 2285 quo
1510 2246 1764 2275 conveneram
1788 2234 1902 2272 officii
1921 2233 2023 2270 causa
2069 2234 2225 2271 Cum.
2255 2235 2357 2273 Male
2381 2238 2448 2286 qui

1413 2289 1539 2337 legunt
1560 2288 1597 2325 in
1613 2286 1781 2336 praetoris
1792 2285 1941 2333 judicio.
1998 2284 2096 2322 Nam
2121 2285 2288 2323 officium
2312 2289 2349 2324 in
2373 2287 2450 2326 hoe

1415 2341 1591 2383 auctore,
1622 2337 1829 2382 Suetonio,
1862 2335 2038 2380 Iuvenale
2059 2337 2097 2374 δε
2126 2337 2226 2381 aliis,
2255 2337 2302 2375 ess
2323 2336 2360 2374 id
2384 2349 2450 2386 ge-

1414 2403 1479 2429 nus
1493 2419 1502 2435 ‚
1525 2401 1636 2440 quarn
1652 2389 1785 2427 Graeci
1799 2389 2031 2426 recentiones
2045 2388 2277 2431 παράστασιν
2292 2396 2449 2432 vocant,

1417 2454 1502 2480 cum
1535 2440 1688 2478 honoris
1716 2437 1821 2477 causa
1858 2437 2100 2486 praesentiam
2144 2438 2304 2476 nostram
2344 2436 2448 2476 alicui

1418 2491 1720 2531 commodamus.
1747 2491 1979 2528 Casaueon.
2002 2490 2199 2528 Mediccus
2214 2484 2448 2538 :pretonisoffi·

1417 2544 1486 2588 cio,
1514 2550 1699 2590 corrupte.
1724 2541 1824 2579 Infra
1851 2540 1962 2588 Epist.
1992 2539 2056 2577 IX.
2082 2552 2118 2578 n.
2143 2552 2178 2576 2.
2206 2540 2331 2577 officio
2355 2547 2449 2583 rogae

1416 2592 1532 2631 virilis
1561 2592 1720 2639 interfui.
1742 2592 1919 2637 Spartian.
1949 2590 2094 2628 Adri-an.
2119 2602 2201 2636 cap.
2227 2590 2294 2627 tx.
2324 2591 2452 2623 Romae

1412 2654 1612 2694 praetorum
1633 2655 1677 2683 ω’
1693 2641 1870 2691 consulum
1890 2640 2011 2679 officia
2029 2639 2284 2691 frequentavit.
2337 2635 2450 2674 Unde

1418 2695 1555 2734 netum
1588 2697 1669 2739 ,'ut
1715 2694 1885 2743 sequiore
1924 2701 2043 2730 aetate
2089 2701 2220 2729 omnes
2267 2686 2451 2735 magistra-

1418 2757 1524 2784 tuum
1554 2745 1780 2793 adparitores
1819 2746 1855 2781 &
1892 2742 2038 2780 minillri
2073 2739 2176 2788 officia
2206 2749 2452 2782 vocarentur,

1418 2798 1464 2836 de
1485 2808 1557 2847 qua
1583 2808 1621 2834 re
1643 2797 1738 2834 bene
1764 2795 1880 2833 multa
1904 2796 2118 2838 interpretes
2137 2789 2180 2824 ad
2205 2788 2454 2839 Htttor.Aug.

1420 2852 1457 2887 ὅ(
1477 2848 1522 2887 ad
1549 2847 1716 2885 [sacrant.
1736 2846 1782 2883 de
1804 2852 1901 2882 mort
1922 2841 2099 2889 persecut.
2126 2839 2208 2874 Coit
2219 2851 2280 2877 τε.

1472 2912 1491 2948 ς
1522 2904 1692 2936 Secretum
1704 2893 1839 2941 pain]
1869 2891 2025 2936 Quaerit
2058 2900 2206 2926 mecum
2228 2889 2366 2929 secreto
2387 2892 2456 2931 1οηἼ

1419 2951 1506 2999 qui:
1539 2960 1617 2996 quo
1639 2945 1785 2985 dicendi
1811 2951 1946 2991 genere
1969 2939 2167 2977 Suetonius
2187 2941 2372 2979 interdum
2415 2954 2460 2981 u-

332 3010 404 3044 etas
421 3017 516 3055 putes
531 3017 643 3054 partes
660 3006 812 3048 nostras,
851 3006 988 3049 senatus
1017 3006 1202 3053 cognitione
1222 3004 1323 3047 fincta
1347 3013 1364 3041 ,ι’
1421 3003 1521 3038 titur.
1552 2997 1708 3033 (ῘΑΤΛΝ.
1737 2993 1875 3047 Sueton
1912 2990 2040 3046 Tiber'
2064 3003 2142 3037 cap.
2165 2990 2284 3028 XXV.
2340 2999 2382 3030 Ee
2403 2993 2460 3030 se.

335 3059 479 3095 Scilicet
531 3066 567 3093 ut
600 3057 782 3103 discernere
818 3056 855 3091 δέ
899 3055 1070 3090 άεειγηεη
1114 3055 1289 3092 differunt
1326 3063 1366 3090 ut
1421 3059 1562 3087 cretum
1586 3046 1721 3093 petenti
1745 3056 1812 3078 non
1836 3039 1902 3089 711ss
1918 3039 2076 3078 adhiblta
2105 3047 2220 3086 Druso
2252 3043 2323 3088 βίω
2353 3045 2461 3082 dedit.

330 3109 406 3148 hoc
428 3108 618 3159 peractum
642 3107 702 3145 seu
719 3106 872 3155 plenum
894 3104 1070 3147 iudicium
1091 3103 1246 3144 denotet
1273 3131 1286 3151 ,
1310 3102 1360 3148 stc
1423 3099 1517 3139 adde
1547 3093 1793 3136 Turneb.IV.
1815 3094 1972 3133 Advers.
1994 3103 2070 3142 cap.
2097 3093 2167 3132 IV.
2190 3093 2459 3145 Moxpemzius,

2389 3155 2461 3194 ΡΨ
