2616 3686
301 220 403 282 706
471 212 531 260 C.
564 208 845 261 PLINII
882 204 1255 258 CAECILII
1292 206 1610 259 SECUNDI
1645 205 1797 257 LIB.
1832 207 1925 259 IX⁴
1957 207 2210 259 EPIST.
2243 210 2361 264 XL:

315 305 673 355 autumnum,
721 306 860 361 quae
899 291 1040 345 inter
1071 287 1305 344 hiemem
1341 287 1702 361 aestatemque
1738 287 1917 344 media
1942 328 1961 354 ,
2009 302 2069 345 ut
2099 287 2229 345 nihil
2257 290 2327 346 de
2349 292 2438 349 die

314 366 582 442 perdunt,
618 367 692 421 ita
716 364 789 420 de
811 363 971 421 noete
995 365 1278 440 parvulum
1309 366 1611 437 acquirunt.
1653 360 1797 419 Vale.

320 514 508 560 Palatino,
534 516 573 554 δε
596 514 665 554 Ed.
685 513 772 553 Vet.
793 513 909 552 addas
927 513 992 551 huc
1007 514 1085 552 licet
1099 523 1185 551 vere
1206 518 1349 552 tantum
1421 524 1474 551 nu
1493 520 1654 552 exaratos
1672 512 1862 563 inspicere:
1893 519 1932 552 ut
1946 512 2024 564 jam
2046 524 2102 553 res
2124 524 2170 552 ex
2191 520 2282 553 vett.
2298 514 2445 565 impres-¹

323 577 416 606 num
438 578 525 617 quae
539 566 652 612 inter,
678 572 745 604 cet.
770 564 895 615 Atque
923 576 1007 602 cum
1027 564 1101 601 hoc
1119 563 1351 609 testhnonim
1424 563 1467 602 fis
1496 565 1534 602 ὃ(
1553 564 1762 615 conjectura
1784 564 1825 603 fit
1850 565 1997 614 agenda.
2023 565 2100 609 >Hic
2120 563 2206 602 illud
2225 564 2356 604 addere
2381 565 2446 605 de-

322 615 400 655 five
419 618 539 666 potius
559 629 644 655 cum
665 614 738 654 fine
756 616 861 665 hujus
888 615 986 653 Libri
1010 642 1024 659 ‚
1051 614 1158 651 MSS..
1178 613 1289 653 nostri
1309 626 1349 652 ον»
1421 614 1549 653 bemus
1568 644 1579 661 ,
1605 615 1740 654 Aldum
1765 615 1955 665 prodidiffe
1975 629 1984 654 ι
2010 622 2091 653 Non
2108 615 2224 652 addas
2244 616 2311 654 huc
2332 644 2344 662 ‚
2372 616 2450 655 licet

320 670 500 713 mnes‚&
520 667 585 706 Ed.
610 669 695 705 Vet.
712 677 821 715 quam
843 666 1015 704 haetenus
1032 664 1280 709 laudavimus,
1307 665 1351 702 fi·
1423 676 1654 704 tantumnum
1673 695 1684 711 ‚
1719 680 1807 718 quae
1832 668 1853 706 i.
1881 667 1917 707 h.
1945 680 1994 705 ae.
2019 667 2194 711 mediam,
2217 676 2257 704 ut
2283 679 2320 705 n.
2348 668 2384 705 d.
2409 667 2449 704 d.

320 718 410 757 lent.
460 718 593 766 Neque
616 718 774 756 Grutero
787 744 797 761 ,
815 716 981 761 Modio,
1008 727 1129 765 neque
1149 715 1207 753 alii
1225 727 1351 754 recen-
1414 718 1591 766 perdunt,
1604 719 1645 756 de
1662 723 1754 757 nom
1777 729 1811 771 p.
1825 731 1861 760 a.
1882 719 1948 760 ista
1958 718 2125 769 panicula
2135 717 2314 766 Negativa
2335 718 2450 758 etiam

323 770 459 808 tiorum
480 769 718 819 interpretum
733 767 834 808 Licuit
852 766 997 808 codices
1022 767 1122 807 Libri
1131 766 1263 808 decimi
1273 778 1353 807 ma·
1415 769 1455 806 in
1474 768 1581 808 MSS.
1605 769 1744 821 haeretr
