2616 3686
510 192 858 248 LJ‘BER
927 193 1071 243 vm.
1143 192 1711 250 EPISTOLA
1778 203 1975 257 xvni.
2232 223 2344 284 60‘7'

196 285 250 340 &
281 285 306 315 r
334 282 525 335 vivere·
559 274 771 330 volebat
805 319 819 338 ‚
885 270 1208 329 sustentante
1252 275 1485 329 maxime
1532 292 1707 333 uxore
1732 317 1748 342 ‚
1809 298 1950 354 quae
1996 288 2206 361 eulpam
2246 298 2323 347 in·

195 355 370 415 choati
408 349 737 406 matrimonii
776 356 793 380 ²
827 352 879 404 in
911 350 1138 419 gloriam
1177 347 1572 420 perseverantia
1610 367 1864 410 verterat.
1929 357 2113 416 Habes
2139 380 2323 420 omnes
2347 390 2396 422 ιι

191 434 221 467 ³⁶
241 429 440 485 fabulas
467 425 627 480 urbis.
665 432 684 460 ⁴
721 443 837 479 narn
864 423 982 478 sunt
1008 440 1199 477 omnes
1226 421 1435 478 fabulae
1467 423 1679 482 Tullus,
1758 427 2112 501 Exl‘peftatur
2136 437 2325 494 auciiO.

190 503 311 560 Fuit
350 503 494 557 enirn
537 515 644 554 tarn
685 499 932 572 copiosus
954 537 970 560 ,
1020 511 1080 552 ut
1103 496 1444 570 amplissirnos
1477 499 1667 557 hortos
1695 542 1710 568 ,
1758 504 1958 560 eodem
1982 524 2094 580 quo
2122 527 2326 567 emerat

191 577 310 642 die,
349 574 688 631 ⁵instruxerit
716 577 957 648 plurimis
995 574 1048 627 δε
1083 575 1102 601 ⁶
1148 572 1514 647 antiquiffimis
1556 575 1744 634 statuis,
1823 581 2064 637 Tantum
2099 585 2172 638 illi
2207 589 2324 658 pul-

189 653 585 710 cherrimorum
613 667 845 723 operum
878 650 910 687 ⁷⁶
934 651 987 704 in
1024 649 1229 704 horreis
1252 688 1269 714 ,
1308 667 1448 722 quae
1471 653 1895 725 negligebantur.
1974 656 2209 714 Invicem
2238 675 2292 716 tu
2312 699 2327 724 ,

158 739 160 743 ’
2083 736 2109 763 ¹'
2127 733 2163 788 fi
2192 739 2326 808 quid

244 855 276 882 1.
302 842 618 893 Vive-revolent]
649 840 1035 881 Similiter‘Mecaenas
1059 868 1070 884 ,
1104 839 1220 878 modo
1293 852 1356 879 me
1374 841 1549 880 futurum.
1576 842 1632 880 Sic
1653 843 1780 893 legitur
1799 847 1835 885 in
1858 834 2001 898 optimo
2014 849 2326 890 MS.Florentino.

192 895 330 933 viveret
349 897 386 932 ὅ(
407 896 570 944 spiraret,
595 894 732 932 nullum
756 892 938 931 debilitatis
952 920 963 937 ‚
984 891 1124 929 nullum
1143 892 1221 940 sup-

196 946 286 994 plicii
303 956 437 994 genus,
464 945 672 985 acerbiffimi
689 945 771 982 licet
793 972 802 988 ,
831 952 871 981 ut
889 954 1033 981 crucem
1053 951 1193 980 acutam
1209 970 1219 986 ‚

187 1007 297 1046 quam
320 998 516 1042 vocabant,
545 995 808 1044 deprecabatur.
837 995 898 1033 De
920 1006 995 1044 quo
1019 994 1136 1032 versus
1146 994 1221 1044 ejus

187 1045 282 1096 apud
301 1047 480 1086 Senecam
514 1049 621 1097 Epist.
645 1047 708 1084 CI.
747 1048 784 1084 ὅ(
815 1046 921 1096 liujus
950 1045 1133 1084 censuram
1156 1046 1219 1083 ibi-

191 1097 278 1136 dem
297 1098 377 1136 licet
393 1099 498 1148 legas.
525 1099 551 1136 B
565 1112 588 1135 u
604 1111 626 1134 e
640 1109 663 1133 u
678 1110 701 1134 N
718 1110 736 1134 ε
753 1111 788 1135 iz.

241 1160 278 1187 2.
311 1154 354 1185 In
379 1149 524 1198 gloriam
549 1149 805 1198 perseverantia
839 1145 1038 1197 verterat.]
1076 1146 1158 1184 MS.
1186 1146 1223 1185 in

185 1197 296 1248 gloria
314 1202 604 1250 perseverantiam
621 1211 788 1237 verterat.
814 1200 928 1248 qualia
949 1207 1058 1235 errata
1079 1198 1139 1241 iis,
1162 1199 1224 1246 qui

191 1250 293 1288 Vett.
317 1252 439 1290 Codd.
457 1251 652 1289 tractarunt
676 1278 686 1295 ,
716 1262 813 1288 nova
842 1261 919 1288 non
938 1249 1029 1287 sunt.
1077 1249 1221 1287 Verum

191 1300 241 1340 est
259 1302 414 1340 omnino
427 1330 438 1347 ,
466 1302 568 1352 quod
589 1302 716 1339 edit-ur.
1205 1349 1212 1355 ι

196 1401 230 1440 C
245 1362 279 1400 3.
308 1352 497 1404 fabum]
530 1353 807 1397 sermunculos,
833 1362 888 1389 res
909 1351 1007 1400 parvi
1029 1356 1225 1389 momenti.

242 1415 265 1440 A
280 1415 303 1440 T
316 1415 340 1441 A
356 1416 394 1442 N.

241 1464 277 1499 4.
303 1460 402 1490 Nam
420 1456 503 1500 sunt
519 1454 813 1491 venalestabulae
823 1452 962 1502 Tulli.]

184 1503 274 1551 sunt
297 1505 448 1542 venales.
474 1505 702 1540 CasAunoN.
729 1510 828 1540 Nam
842 1504 929 1552 sunt
949 1505 1085 1540 venales
1109 1514 1135 1540 t.
1159 1505 1225 1554 T]

198 1554 402 1601 Quislocus
411 1556 459 1600 τῷ
473 1560 569 1592 Nam
580 1551 650 1591 effe
662 1554 766 1599 poffit
781 1565 876 1598 ‚non
887 1552 1007 1590 video.
1021 1555 1147 1592 Malim
1160 1554 1226 1592 ita-

194 1614 268 1653 que
288 1603 381 1650 Jam
400 1606 530 1652 legere.
554 1604 709 1641 Tabulae
720 1613 839 1641 autem
855 1604 1013 1652 pie‘turae
1023 1605 1111 1641 sunt.
1138 1606 1225 1642 Pro-

193 1656 346 1703 pertiusa:
359 1655 487 1704 Qalis
499 1655 681 1706 Apellaeus
691 1654 732 1701 est
747 1655 834 1692 color
844 1654 881 1691 in
888 1655 1023 1692 tabulis.
1041 1655 1086 1692 Et
1097 1656 1223 1694 rursus:

193 1711 240 1752 In¹
259 1708 392 1744 Veneris
409 1706 524 1744 tabula
538 1707 720 1756 stammam
721 1705 789 1756 fibi
795 1706 891 1755 ponit
903 1704 1048 1755 Apelles.
1071 1708 1223 1756 Antiqui

992 1452 1120 1490 Malim
1134 1458 1236 1488 nunc‘

1289 892 1371 939 Jam
1397 894 1576 940 eleganter
1600 895 1723 933 Tullus
1738 898 1867 942 sabula
1890 901 2029 950 est,aut
2051 915 2164 939 omnes
2180 903 2329 950 fabulae

1283 944 1371 993 sunt
1395 944 1538 991 Tullus,
1565 952 1605 983 ut
1625 947 1779 986 Ovidius
1796 949 1844 988 ΙΙ.
1871 953 1951 990 Art.
1975 954 2064 992 Am.
2091 965 2143 992 vs.
2163 955 2250 1004 630.

1391 1050 1438 1083 Ut
1460 1059 1633 1099 quamque
1647 1048 1799 1098 attigeris
1812 1078 1826 1097 ‚
1850 1051 1969 1090 fabula
1987 1053 2096 1103 turpis
2118 1054 2194 1092 erit.

1292 1148 1489 1197 quomodo
1509 1149 1706 1188 Terentius
1719 1177 1730 1194 ‚
1743 1169 1745 1171 ·
1757 1151 1931 1190 Horatius
1941 1181 1950 1197 ‚
1976 1154 2143 1192 Tibullus
2156 1182 2166 1198 ‚
2176 1152 2329 1203 Prope1·-‘

1293 1201 1434 1244 iiu8,&
1454 1201 1511 1238 alii
1537 1201 1648 1239 locuti
1658 1201 1747 1240 sunt.
1774 1202 1872 1242 Vide
1887 1204 2079 1243 Heinfium
2093 1205 2136 1243 ad
2153 1205 2285 1243 Nason.
2299 1206 2328 1244 Ι.

1292 1250 1427 1288 Amor.
1467 1251 1566 1300 Eleg.
1584 1253 1688 1290 XIII.
1727 1264 1776 1290 vs.
1800 1256 1860 1303 36.
1895 1257 1933 1293 &
1961 1255 2007 1293 ad
2037 1256 2085 1294 ll.
2121 1257 2202 1293 Art.
2239 1257 2330 1293 Am.

1293 1312 1344 1339 vs.
1365 1303 1450 1349 561.
1477 1303 1676 1341 Ciofan.&
1696 1303 1949 1346 Burmann.a·d
1963 1306 2028 1345 111.
2042 1307 2287 1356 >Amonlileg.
2304 1307 2347 1345 Ι.Ἰ

1294 1363 1344 1392 vs,
1365 1364 1425 1391 21.
1452 1353 1620 1393 Similiter
1640 1354 1843 1402 Juvenalis:

1397 1457 1444 1491 Ut
1453 1453 1566 1504 pueris
1583 1456 1719 1506 placeas
1732 1484 1743 1503 ,
1772 1468 1816 1496 ey
1835 1457 2048 1498 declamatio
2069 1458 2142 1500 fias.

1263 1592 1265 1595 Α
1297 1551 1498 1604 Compone
1516 1568 1616 1595 nunc
1635 1557 1794 1606 vulgares
1811 1558 1951 1599 sordes:
1967 1560 2079 1599 Habes
2099 1575 2211 1601 omnes
2223 1561 2333 1609 falu-v

1295 1605 1348 1642 las
1368 1608 1474 1647 urbis.
1515 1614 1613 1645 Nam
1633 1608 1728 1656 sunt>
1740 1611 1881 1648 venales
1901 1610 2038 1649 tabulae
2057 1613 2157 1651 Tulli
2181 1627 2190 1652 τ
2219 1613 2341 1663 oxspe-‘

1295 1660 1415 1694 fiatur
1437 1660 1548 1696 aufflo
1569 1686 1580 1702 ‚
1609 1659 1646 1696 ὅ(
1667 1660 1796 1698 senties
1817 1687 1829 1705 ,
1857 1672 1925 1699 nos
1945 1662 2042 1701 haud
2063 1664 2185 1712 inepte
2207 1665 2331 1702 locum

1295 1707 1519 1746 emaculaffe,
1552 1709 1584 1744 C
1599 1722 1622 1744 0
1637 1721 1662 1745 R
1683 1718 1754 1748 τέ.

197 1757 294 1794 enim
316 1758 353 1795 in
374 1757 497 1795 tabulis
528 1758 722 1806 pingebant
746 1786 756 1800 ‚
791 1768 869 1794 non
890 1757 928 1794 &
947 1758 983 1793 in
1002 1757 1126 1795 linteis.
1181 1759 1221 1795 ln

197 1817 306 1855 quam
342 1819 419 1844 rem
452 1808 558 1845 larice
594 1808 795 1846 utebantur.
845 1807 974 1845 Plinius
1014 1807 1094 1845 Lib.
1113 1807 1221 1846 XVI.

194 1866 272 1904 cap.
294 1858 463 1897 XXXIX.
490 1858 534 1896 de
551 1859 680 1897 larice:
711 1865 901 1896 Inventum
920 1857 963 1904 est
976 1858 1145 1907 pictorum
1165 1870 1221 1896 ta—

195 1907 290 1945 bellis
315 1909 510 1947 immortale
537 1909 706 1959 nullisque
732 1909 824 1957 fiffile
856 1909 961 1947 ramis
989 1908 1049 1946 hoc
1078 1909 1220 1958 lignum.

197 1958 292 1996 Alibi
310 1959 431 1996 clarius
460 1959 670 2007 pleniusque
700 1960 840 1998 tabulae
863 1960 972 2008 purae
989 1960 1220 2009 appellantur.

196 2008 316 2046 Varro
341 2008 385 2047 de
406 2021 442 2047 re
460 2009 580 2047 rustica
608 2011 689 2049 Lib.
708 2011 741 2050 Il
748 2011 772 2048 I.
810 2017 881 2048 Nec
914 2020 1031 2048 tamen
1047 2011 1094 2048 ibi
1106 2011 1146 2059 se
1166 2023 1219 2049 ta-

197 2058 316 2096 bulam
355 2060 482 2108 piolam
525 2059 644 2109 vidisfi
673 2089 683 2105 ‚
729 2074 832 2112 neque
855 2061 995 2110 signum
1047 2061 1225 2103 aheneum.

197 2108 227 2146 B
241 2123 263 2146 υ
276 2122 298 2146 c
312 2122 335 2147 u
350 2123 373 2147 N
388 2123 409 2147 E
424 2124 460 2150 n.
487 2111 587 2149 Male
608 2112 696 2149 haec
716 2114 936 2157 cohaerent,
963 2112 1064 2162 quod
1075 2114 1153 2162 jam
1173 2115 1229 2152 vi-

198 2160 326 2198 derunt
345 2162 409 2199 viri
430 2161 539 2200 doeli.
564 2163 754 2200 Mediceus
775 2177 784 2201 :
824 2169 921 2200 Nam
932 2164 1020 2213 sunt
1041 2176 1154 2201 omnes
1165 2166 1230 2212 fa·

199 2211 301 2248 bulae
324 2211 453 2251 Tullus.
479 2213 703 2262 Exspefflatur
718 2214 858 2251 aurflior.
882 2225 974 2262 quae
996 2214 1044 2252 est
1063 2214 1228 2263 ipfiffima

199 2261 301 2300 Plinii
325 2274 474 2308 manus,
500 2263 618 2300 modo
640 2265 751 2301 aullio
765 2292 775 2308 ,
795 2275 862 2313 pro
880 2265 1030 2309 author,
1059 2276 1228 2314 reponas.

202 2311 385 2360 Scripserat
409 2326 417 2351 :
449 2314 559 2351 Habes
579 2325 709 2352 omnes
730 2314 869 2357 fabulas
886 2314 979 2352 urbis
1003 2343 1013 2358 ‚
1042 2316 1080 2353 ὃς
1101 2324 1228 2356 tamen

198 2361 244 2400 de
266 2375 343 2401 uno
364 2364 477 2402 Tullo
502 2365 652 2414 ejusque
673 2364 886 2403 testamento
906 2365 972 2402 hac
992 2365 1135 2413 epistola
1153 2379 1233 2405 nar·
1262 2389 1264 2394 π

199 2422 347 2452 raverat.
382 2414 481 2452 Bene
501 2416 620 2458 itaoue
637 2443 646 2459 ‚
675 2416 712 2452 &
735 2415 916 2463 eleganter
934 2414 1102 2454 subdidit:
1133 2423 1232 2455 Nam
1262 2400 1264 2437 Ι
1303 2416 1388 2455 Ion
1407 2428 1447 2456 u.

191 2465 278 2513 sunt
299 2478 410 2502 omnes
421 2463 573 2512 sabula&
599 2466 741 2510 Tullus,
768 2466 850 2515 quia
867 2466 944 2514 jam
964 2467 1064 2514 supra
1085 2478 1234 2505 memo·
1262 2469 1265 2512 Ι
1354 2478 1387 2514 7.
1420 2474 1460 2504 In
1480 2467 1641 2518 hornia]
1674 2470 1714 2506 ln
1738 2467 1947 2516 quibusdam
1976 2471 2065 2516 fuit,
2093 2467 2200 2508 hortis
2230 2473 2331 2521 quod

200 2523 338 2554 raverat
354 2544 365 2560 ‚
403 2517 521 2554 varios
547 2528 621 2554 tota
649 2517 794 2554 civitate
818 2517 860 2554 de
879 2516 976 2553 Tullo
987 2517 1232 2567 fuiffeserm'o-
1301 2519 1498 2557 convenire
1529 2520 1819 2567 praecedentibus
1839 2520 2041 2560 Catanaeus
2059 2524 2224 2571 putabat.
2254 2535 2333 2560 ma·

203 2574 283 2610 nos,
310 2579 346 2606 n.
372 2577 404 2616 3.
436 2567 560 2615 Inepte
583 2567 723 2604 tabulas
745 2568 926 2605 inculcant
948 2594 959 2611 ‚
998 2579 1083 2604 cum
1110 2576 1232 2607 tamen
1299 2570 1343 2606 le.
1397 2570 1493 2607 Nam
1516 2571 1597 2617 quia
1619 2571 1745 2608 horrea
1776 2569 1924 2608 habebat
1956 2573 2059 2621 plena
2088 2573 2204 2610 statuis
2224 2580 2353 2623 atque*

203 2616 315 2655 statim
336 2618 505 2667 loquatur
527 2617 571 2656 de
584 2618 734 2663 statuis,
762 2629 854 2666 quae
871 2618 1034 2655 immane
1055 2626 1231 2666 quantum
1301 2620 1467 2668 pic'iuris',
1493 2620 1625 2658 idcirco
1645 2621 1681 2658 in
1704 2631 1850 2669 promtu
1878 2622 2003 2661 hortos
2026 2625 2064 2661 iis
2085 2624 2254 2661 inanime
2277 2620 2350 2663 xel'

201 2666 392 2711 differunt,
406 2676 444 2706 ut
465 2669 552 2706 olim
576 2669 766 2706 docuimus
785 2668 827 2705 ad
848 2668 978 2706 Sallust.
988 2668 1067 2705 Cat.
1078 2679 1142 2717 cap
1164 2669 1233 2707 XI.
1264 2669 1267 2715 l
1303 2683 1350 2708 eo
1370 2673 1446 2719 ipso
1469 2670 1548 2712 die,
1577 2682 1653 2718 quo
1673 2670 1812 2710 emiffet
1880 2679 2012 2710 Horrea
2032 2676 2252 2722 receptacula
2273 2676 2352 2714 seui

205 2725 242 2754 n'.
261 2720 294 2756 6.
323 2718 444 2757 DiCtio
464 2732 576 2757 omnes
591 2719 742 2766 fabulae
761 2717 847 2767 sunt
875 2718 996 2756 Tullus
1022 2730 1099 2756 non
1121 2721 1232 2767 magis
1265 2724 1267 2747 ¹
1302 2722 1513 2769 repofitoria
1530 2721 1608 2759 sunt
1632 2749 1642 2764 ,
1678 2734 1753 2760 non
1782 2724 1841 2762 ubi
1873 2725 2142 2762 frumentorum
2165 2732 2328 2770 tantinum

206 2766 390 2808 offendere
414 2769 543 2814 debet,
557 2782 667 2818 quam
681 2769 808 2808 Ovidii
829 2771 960 2807 Omnia
978 2778 1099 2820 pontus
1117 2783 1234 2816 crant,
1265 2748 1267 2789 l
1302 2783 1430 2809 verum
1453 2772 1510 2809 ubi
1532 2772 1568 2808 ὃς
1591 2772 1735 2810 allarum
1761 2784 1881 2811 rerum
1915 2776 2018 2822 copia
2041 2774 2208 2813 conditur
2227 2779 2263 2814 ὅ(
2283 2778 2334 2816 as-

206 2824 265 2855 aut
293 2820 431 2858 Lucani
464 2822 595 2858 Omnia
629 2821 759 2868 Caesar
783 2831 871 2859 erat.
907 2821 996 2858 Non
1025 2828 1147 2859 tamen
1172 2821 1232 2859 hic
1300 2822 1598 2866 servatur,etiam
1618 2824 1860 2870 pretiosarum.
1888 2824 2014 2864 Paulus
2032 2824 2142 2873 Jctus
2166 2827 2209 2862 L.
2238 2828 2353 2867 Nan-1¹

209 2868 372 2907 omittam
393 2871 590 2919 Apuleium
614 2871 662 2910 II.
699 2872 841 2910 Metam
871 2882 950 2920 pag.
971 2883 1029 2917 29.
1057 2871 1125 2909 Ed.
1145 2871 1235 2911 Prie.
1302 2873 1458 2910 Salutem
1485 2872 1546 2909 ΙΙΙ,
1571 2874 1603 2914 §.
1632 2873 1854 2914 Effratfturae
1874 2875 1920 2913 ΙΙ.
1949 2876 1996 2913 Ι).
2024 2875 2070 2914 de
2090 2876 2213 2914 officio
2236 2883 2358 2917 Prae:

211 2918 306 2954 Mihi
328 2921 466 2970 denique
481 2930 693 2971 proventum
724 2922 829 2969 hujus
853 2921 1133 2971 peregrinationis
1163 2934 1233 2959 an·
1266 2955 1268 2965 ,
1302 2923 1388 2961 fecffi
1409 2923 1569 2971 vigilum
1596 2936 1605 2960 z
1634 2925 1880 2972 Effrac‘lurae',
1907 2927 2046 2975 inquit,
2067 2927 2356 2978 fiuntplerumv

212 2967 359 3015 quiremi
377 2971 489 3008 multa
521 2974 688 3023 respondit
718 2985 760 3012 ω’
787 2974 902 3022 oppido
931 2973 1020 3010 mira
1045 3001 1055 3016 ,
1090 2986 1135 3012 ey
1147 2973 1235 3022 satis
1267 2977 1268 2997 ³
1303 2987 1366 3024 que
1387 2974 1422 3011 in
1443 2973 1560 3024 insulis
1577 2974 1800 3026 horreisque,
1829 2976 1888 3013 ubi
1909 2978 2059 3015 homines
2075 2979 2357 3028 pretioszsſsmam’

214 3019 330 3074 varia.
359 3025 459 3056 Nunc
479 3023 566 3059 enim
585 3024 731 3072 gloriam
744 3024 834 3073 satis
852 3024 1011 3069 floridam
1034 3051 1044 3066 ‚
1071 3036 1162 3060 nunc
1182 3024 1234 3062 hi·
1268 3031 1269 3036 ’
1297 3032 1435 3073 partem
1467 3030 1691 3065 fortunarum
1715 3028 1865 3076 suarum
1895 3037 2071 3077 reponunt.
2119 3030 2201 3067 Vet.
2240 3031 2358 3070 Glos-r

211 3065 354 3106 storiam
375 3080 609 3120 magnam,eo·
630 3074 879 3113 incredendam
896 3075 1048 3114 fabulam
1071 3074 1236 3114 &libros
1268 3094 1272 3128 '-
1304 3082 1490 3114 Horreum
1521 3075 1707 3119 ἀποθήκη»
1736 3078 1792 3116 Sic
1829 3085 1997 3116 Horreum
2030 3080 2305 3124 frumentarium
2324 3093 2358 3123 ’,-

2237 3135 2347 3165 fiius

1348 1769 1380 1804 ς,
1409 1758 1650 1808 instruxerim]
1681 1760 1890 1801 Ornaverit.
1916 1762 2046 1802 Solitos
2067 1766 2184 1803 ornari
2206 1766 2333 1804 hortos

1294 1806 1434 1853 statuis,
1455 1811 1532 1859 jam
1554 1808 1689 1847 dixerat
1711 1812 1840 1850 Plinius
1859 1840 1869 1857 ,
1884 1824 1970 1852 cum
1993 1815 2039 1853 de
2051 1817 2190 1865 Regulo
2207 1817 2333 1855 scribe-

1295 1866 1360 1896 ret.
1399 1860 1446 1897 Et
1468 1862 1525 1900 M.
1557 1861 1700 1899 Tullius
1739 1862 1805 1900 111.
1835 1864 2052 1904 officiorum
2074 1895 2086 1911 ‚
2127 1868 2184 1905 ubi
2226 1865 2364 1906 refert*

1297 1909 1473 1958 Pythrum
1498 1911 1614 1949 (sanio
1638 1911 1835 1951 vendidiffe
1855 1914 1979 1953 hortos
1997 1917 2183 1955 instrucstos
2207 1932 2215 1956 :
2251 1931 2329 1956 nou

1298 1960 1412 1999 solum
1436 1962 1553 2000 statuis
1578 1990 1588 2006 ,
1627 1974 1755 2001 verum
1786 1966 1894 2003 etiam
1921 1967 1991 2005 aliis
2020 1969 2122 2006 rebus
2155 1971 2193 2007 &
2224 1981 2334 2007 orna·

1301 2014 1434 2051 mentis
1451 2021 1637 2062 apparatos
1658 2013 1820 2053 ostendit.
1845 2018 1878 2053 C
1890 2029 1912 2053 A
1925 2030 1948 2054 τ
1964 2032 1980 2053 A
1997 2031 2034 2056 N.

1352 2065 1387 2102 6.
1421 2063 1708 2115 Antiquiffimis.]
1738 2067 1836 2116 Ergo
1855 2068 2130 2117 pretiofillimis‘,
2151 2069 2254 2122 quod
2265 2082 2331 2107 no-

1300 2119 1350 2154 tat
1370 2115 1570 2162 Juvenalis:

1351 2239 1419 2246 -—-
1450 2224 1570 2263 Nam,
1596 2218 1735 2265 inquit,
1759 2218 2005 2267 perfel‘i‘iffimus
2027 2224 2148 2256 horum
2169 2222 2211 2269 est
2226 2249 2235 2264 ,

1352 2268 1387 2305 Si
1401 2268 1475 2318 quis
1494 2269 1713 2318 Aristrtelem
1729 2269 1896 2314 similem,
1926 2271 1983 2306 vel
2005 2274 2164 2308 Pittacon
2186 2271 2295 2309 (mit.-

1349 2323 1376 2355 E
1382 2329 1396 2355 t
1409 2318 1508 2366 jubet
1527 2319 1724 2367 archetypos
1739 2319 1894 2367 pluteum
1907 2321 2054 2369 servare
2075 2321 2279 2359 Cleanthas.
