2616 3686
373 235 377 238 ,
587 170 1720 240 LIBER‘V1.EPISTOLA
1787 191 1865 237 11.
2202 214 2288 266 397

166 269 380 326 {multo
406 267 594 338 magi3‚
632 267 650 286 ²
671 262 762 318 seu
785 259 935 334 quod
962 259 1066 331 ipsa
1095 260 1214 313 loca
1234 296 1249 320 ,
1275 260 1329 311 in
1353 257 1545 328 quibus
1569 259 1671 313 esse
1686 277 1788 313 una
1805 263 2028 315 solemus
2047 299 2061 323 ‚
2087 261 2101 285 ³
2122 275 2286 326 acrius

172 360 259 402 me
296 343 372 395 tui
410 324 806 399 commonent‘,
850 334 937 388 seu
962 371 978 394 ,
1028 331 1178 402 quod
1216 328 1538 384 desiderium
1564 329 1854 385 absentium
1881 333 2008 386 nihil
2034 339 2285 403 perinde,

171 433 232 473 ac
270 413 508 468 vicinitas
549 411 690 465 acuit
717 451 732 474 ‚
781 423 1001 479 quoque
1035 403 1253 476 propius
1290 401 1562 456 accesseris
1615 403 1681 456 ad
1722 404 1866 474 spem
1902 405 2144 471 fruendi,
2180 410 2284 463 hoc

169 487 528 557 impatientius
563 498 754 539 careas·
830 476 1110 549 Qiicquid
1148 477 1202 530 in
1240 475 1430 538 causa,
1481 475 1629 555 eripe
1665 492 1752 529 me
1805 475 1930 529 huic
1982 489 2285 536 tormento:
2329 515 2357 548 2„

166 561 322 622 veni,
362 570 451 613 aut
477 573 581 630 ego
606 555 760 617 illuc,
799 553 942 606 unde
966 551 992 576 ⁴·
1010 549 1305 605 inconsulte
1334 563 1641 620 properam,
1683 562 1949 612 revertar,
1989 550 2070 602 vel
2097 552 2166 604 ob
2183 554 2288 608 hoc

172 633 339 688 solum
359 670 375 694 ,
413 644 469 686 ut
494 629 761 701 experiar,
789 640 852 678 an
878 624 1037 687 mihi,
1075 639 1202 678 cum
1227 622 1332 677 sine
1358 638 1444 677 me
1458 620 1669 676 Rornae
1684 623 1926 693 coeperis
1944 618 2077 687 effe,
2112 623 2122 648 ⁵
2154 625 2290 681 siim-

172 705 247 761 les
271 703 347 759 his
372 698 609 775 epistolas
637 699 830 753 mittas,
867 696 1020 753 Vale.

403 837 473 894 1-1.
546 822 1141 893 C...'P1.1N1-us-
1202 836 1686 891 Astura-No
1764 835 1946 891 Suo
2012 835 2085 893 S-

163 975 344 1035 Taxat
368 975 676 1031 notabiliter
697 975 950 1031 atf‘t‘ionem
976 974 1061 1028 M.
1093 974 1320 1046 Reguli,
1345 989 1458 1025 cum
1487 970 1744 1025 videatur
1756 974 2012 1044 probare,
2052 975 2107 1032 {5
2132 987 2287 1044 aper.»

232 1062 286 1104 te
321 1050 517 1104 modum
541 1049 726 1121 agendi
739 1052 836 1118 fito
862 1058 1093 1118 tempore
1119 1046 1378 1118 improbat
1409 1067 1427 1097 :
1465 1045 1732 1117 postquam
1746 1047 1984 1117 publicos
2014 1065 2177 1101 mores
2200 1069 2284 1105 720-

227 1123 404 1188 tavit·‚
441 1122 512 1177 ad
519 1124 644 1192 fitos
673 1121 728 1179 (5
754 1121 990 1179 Arriani
1012 1119 1175 1174 amici
1195 1119 1520 1174 revertitur.

152 1288 155 1293 ·
249 1261 388 1316 Oleo
423 1277 807 1333 nonnunquam
846 1260 900 1315 in
933 1259 1145 1330 judiciis
1181 1274 1442 1329 quaerere
1479 1255 2083 1327 Marcum-Regulum:
2152 1259 2281 1314 nolo

250 1336 392 1388 enim
417 1333 626 1398 dicere,
666 1333 983 1389 desiderare.

1059 1328 1077 1352 ⁶
1098 1329 1214 1385 Cur
1239 1331 1633 1402 ergoquaero?
1673 1329 1688 1356 ⁷
1717 1329 1943 1386 habebat
1974 1330 2155 1386 studiis
2184 1333 2281 1387 ho'-

149 1423 341 1463 norem
367 1444 383 1470 ,
423 1407 644 1461 timebat
671 1441 707 1470 ‚.
729 1399 746 1425 ⁸
771 1405 1045 1481 pallebat,
1070 1401 1331 1460 scribebat
1350 1421 1376 1457 :.
1402 1404 1644 1476 quamvis
1672 1421 1783 1459 non
1802 1403 1977 1474 posset
2004 1403 2281 1459 dediscere

192 1621 227 1659 ἰ’
249 1619 365 1657 Multo
396 1617 516 1666 magis.
538 1616 554 1665 ]
594 1617 684 1655 Hoc
702 1627 781 1655 non
803 1614 996 1666 respondet
1017 1628 1163 1667 praece-

147 1672 248 1710 denti
276 1671 404 1709 minus.
458 1667 550 1706 Illud
579 1667 691 1705 multo
724 1669 822 1705 enim
845 1671 1163 1716 comparationem

2149 1477 2280 1533 illud

1238 1614 1392 1655 Helmst.
1408 1616 1444 1655 ὃ(
1457 1617 1524 1655 Ed.
1539 1620 1625 1657 Vet.
1637 1616 1879 1666 impatientius
1893 1616 2005 1666 cupias
2020 1643 2030 1659 ‚
2059 1626 2127 1664 pro
2147 1613 2281 1655 caroas'.

1290 1680 1312 1714 4
1340 1667 1549 1706 Inconsultc
1565 1669 1789 1718 proper.zvi.]
1819 1667 1868 1704 Et
1886 1669 1962 1705 hoc
1984 1666 2163 1714 Optimus
2175 1675 2277 1706 tenet

145 1722 255 1761 habet
278 1751 288 1767 ‚
317 1733 412 1771 quae
444 1731 522 1757 non
554 1718 601 1758 est
632 1720 669 1757 in
702 1717 946 1767 superioribus.
1001 1720 1192 1767 Suspicor.
1239 1729 1325 1756 cum
1354 1717 1459 1755 Aldo·
1482 1720 1520 1756 &
1547 1719 1728 1766 Gryphio.
1764 1719 1824 1755 At.
1843 1715 1947 1754 Voss‘.
1970 1716 2126 1754 Helmst.
2145 1718 2277 1769 Oxon.

144 1773 270 1822 itaque
298 1800 309 1817 ,
343 1775 380 1810 in
403 1782 498 1808 voce
519 1769 630 1808 multo
651 1770 760 1807 latere
786 1768 1036 1815 vocabulum,
1064 1772 1167 1819 quod

145 1833 246 1860 nunc
267 1835 344 1861 non
371 1823 534 1860 occurrit.
565 1822 586 1859 S
600 1833 622 1858 c
638 1833 659 1857 H
675 1833 695 1857 E
709 1831 727 1856 F
742 1831 761 1856 ιτ
777 1831 797 1857 ε
810 1833 847 1857 κ.
875 1818 1024 1867 Frigide.
1053 1821 1168 1869 Quasi

1238 1768 1355 1806 Arnz.
1375 1769 1414 1806 ὃς
1438 1768 1506 1806 Ed.
1529 1769 1615 1806 Vet.
1638 1779 1724 1805 cum
1743 1769 1841 1807 aliis:
1869 1766 2032 1817 consulte.

1291 1831 1308 1867 ς
1340 1818 1524 1869 similes.]
1578 1820 1863 1869 Conquerentes
1894 1818 1939 1857 de
1974 1819 2130 1859 absentia
2166 1832 2274 1867 mea,

149 1882 241 1909 vero
265 1876 356 1911 inter
375 1874 493 1910 minus
512 1881 575 1910 aut
590 1882 745 1922 parum,
772 1872 810 1909 ὃ(
830 1872 921 1909 inter
933 1870 1166 1922 multomagis
1239 1870 1277 1908 ὃ(
1302 1868 1540 1917 efflagitantes
1559 1869 1765 1908 adventurn
1787 1871 1824 1910 in
1847 1870 1989 1907 urbem.
2018 1870 2171 1909 CATAN.

149 1931 227 1958 non
249 1921 290 1960 fit
312 1925 550 1971 comparatio.

198 1984 221 2009 2
251 1977 308 2008 Ex
332 1987 394 2022 quo
415 1973 484 2023 ipsa
507 1973 590 2010 loca.
613 1971 629 2021 ]
669 1971 711 2009 Id
742 1972 814 2016 est,
854 1970 1059 2021 postquam.
1088 1974 1168 2012 Ali-

145 2029 200 2061 ter
213 2050 224 2065 ,
241 2023 307 2068 seu
329 2024 418 2072 quod
431 2052 441 2068 ,
469 2035 561 2072 quae
582 2022 691 2061 lectio
712 2034 797 2061 cum
818 2023 1063 2072 sequentibus·
1083 2034 1166 2074 apte

145 2076 325 2120 congruit.
357 2074 389 2111 C
408 2087 429 2110 Α
445 2086 554 2112 rau.
592 2079 648 2111 Ex
671 2085 736 2122 quo
759 2073 832 2110 loca
847 2101 857 2118 ,
885 2073 985 2123 cyra]
1016 2075 1069 2112 Ita
1095 2076 1164 2114 Pal.

143 2123 192 2160 ita
226 2123 316 2161 Edd.
349 2124 449 2162 Vett.
479 2125 710 2174 agnoscitque
755 2125 969 2163 Catanaeus.
1024 2126 1165 2165 Planius

142 2184 282 2221 nupere
305 2175 481 2224 impressi,
506 2176 675 2226 ,seu-quod
705 2175 777 2213 loca
801 2204 812 2221 ‚
838 2176 947 2213 secuti
979 2175 1165 2216 Aldinam.

144 2225 217 2261 Gn
233 2239 255 2260 υ
273 2239 294 2262 T
310 2238 377 2263 en.
407 2230 460 2262 Ex
483 2239 547 2276 quo
567 2227 639 2274 ipsa
657 2225 776 2275 loca.]
807 2226 860 2264 Ita
886 2225 992 2264 MSS.
1014 2227 1166 2269 Palatini

143 2275 183 2312 &
217 2276 305 2313 Edd.
340 2277 493 2314 Veteres
512 2305 522 2319 ,
563 2277 771 2314 obscure&
793 2277 984 2315 salebrose:
1014 2278 1162 2325 planiffi-

140 2335 249 2363 mum
283 2326 330 2363 est
353 2355 364 2370 ‚
392 2327 493 2376 quod
522 2327 578 2364 alii
604 2326 760 2365 Codices
782 2327 1069 2376 repraesentant:
1101 2336 1164 2367 Seu

142 2377 234 2425 quod
254 2378 326 2424 ipsa
349 2377 422 2414 loca
437 2406 446 2421 ‚
474 2379 511 2414 in
533 2391 563 2426 q.
585 2390 610 2413 c.
634 2390 669 2414 n.
690 2391 716 2413 s.
736 2391 771 2413 a.
794 2391 847 2414 me
858 2378 910 2414 tui
922 2391 1162 2418 commonent:

133 2426 196 2475 fiu
218 2429 309 2475 quod
330 2439 401 2466 υτ.
430 2429 636 2466 Bucar-im.
665 2433 718 2464 1:¹2.-
740 2427 844 2477 quo.]
875 2427 927 2465 Ita
953 2428 1033 2465 MS.
1051 2429 1164 2468 Aldus

133 2476 196 2527 seu
215 2481 308 2527 quod
330 2507 340 2523 ,
379 2481 418 2517 &
441 2480 593 2526 probant
615 2479 790 2516 Gruterus
813 2487 921 2526 atquc
943 2478 1164 2519 Buchnerus.

144 2528 237 2567 Mihi
257 2540 334 2566 non
359 2528 405 2566 est
427 2530 576 2568 dubium
593 2558 602 2574 ,
630 2530 718 2578 quin
743 2528 950 2566 veralec'tio
963 2527 1002 2566 fit
1014 2544 1046 2566 eo
1060 2535 1162 2579 quod.

143 2579 358 2620 Scuffrzn.
394 2581 446 2617 At
480 2582 568 2618 mihi
601 2592 677 2616 non
712 2579 760 2617 est
780 2578 957 2622 dubium,
985 2581 1073 2628 quin
1098 2593 1145 2620 ve

142 2630 271 2671 riffima
294 2631 460 2679 scriptura
480 2630 519 2667 fit
534 2631 595 2680 seu
618 2631 708 2679 quod
733 2644 740 2666 :
770 2638 898 2679 utpote
921 2640 1033 2677 quam
1057 2630 1161 2669 adfir-

143 2689 243 2721 mant
273 2682 504 2720 Veterrimae
526 2682 771 2730 ,membran-‚ie
791 2708 801 2725 ‚
841 2683 878 2718 ὃς
910 2691 1024 2718 nexus
1057 2681 1161 2729 ipsius

137 2733 334 2778 orationis,
366 2744 460 2782 quae
507 2732 598 2770 infra
647 2732 756 2769 etiarn
796 2731 859 2778 seu
892 2732 984 2779 quod
1022 2736 1160 2780 repetit.

147 2782 322 2832 Scriptum
355 2786 466 2822 etiam
498 2785 534 2821 in
566 2783 681 2820 Arnz.
710 2781 779 2820 fuit
821 2794 840 2819 a
874 2782 990 2829 prima
1025 2795 1159 2823 manu:

142 2833 201 2881 sed
229 2846 302 2883 quo.
345 2833 449 2872 Voss.
481 2846 523 2871 ex
553 2847 618 2884 quo
641 2834 712 2882 ipsa
733 2833 829 2876 loca3
860 2831 1012 2870 Helinst.
1033 2847 1074 2871 ex
1096 2847 1160 2884 quo

150 2883 187 2920 in
211 2883 278 2932 ipsa
299 2884 379 2922 loca.

199 2943 220 2981 3
246 2935 371 2974 Acrius
392 2946 453 2974 me
472 2937 526 2974 tui
547 2945 802 2974 commonent.
821 2934 837 2984 ]
869 2936 925 2973 Sic
945 2935 1136 2975 Primanus
1150 2966 1159 2982 ,

154 2981 192 3019 &
223 2981 287 3021 Ed.
315 2985 400 3023 Vct.
427 2988 470 3025 ,ὃς
502 2986 627 3025 Aldus.
670 2988 722 3025 At
756 2984 959 3025 Heimstad.
985 2997 1024 3023 ac
1046 2988 1160 3025 Arnz.

152 3031 260 3068 acrius
292 3045 398 3072 metus
428 3049 649 3076 commovent
674 3053 685 3081 ;
732 3036 836 3075 Voss.
867 3037 982 3073 acrius
1006 3049 1157 3075 mentem

148 3091 380 3137 temmqvmn
405 3088 505 3136 quod
525 3089 714 3141 Gryphius
735 3088 915 3144 praetulit.
942 3085 1041 3127 Infra
1055 3089 1153 3143 Voff

1285 1921 1309 1956 6
1337 1926 1412 1957 Cur
1430 1934 1504 1970 ergo
1529 1934 1655 1971 quaero
1670 1930 1685 1958 ,²
1711 1920 1726 1970 ]
1756 1920 1792 1959 Si
1810 1921 1970 1970 superius
1994 1920 2076 1958 Lib.
2098 1922 2145 1958 V.
2163 1921 2273 1970 Epist.

1237 1969 1266 2006 Ι.
1299 1969 1414 2008 videri
1442 1981 1553 2021 queat
1585 1970 1655 2010 esse
1688 1973 1732 2009 ab
1753 1972 1897 2010 librariis
1922 2000 1933 2015 ,
1971 1984 2031 2008 cur
2071 1971 2273 2022 amplissimo

1232 2021 1375 2069 gratius
1399 2031 1413 2060 ἒ
1452 2022 1571 2072 potest
1617 2024 1654 2061 &
1685 2023 1746 2061 hic
1775 2033 1928 2072 quoquc
1962 2022 2274 2071 supervacaneum

1236 2071 1306 2111 clici
1344 2073 1437 2121 triga
1467 2073 1600 2112 isthaec
1631 2074 1831 2111 Verborum
1856 2102 1865 2118 ,
1904 2079 1981 2110 Cur
2014 2087 2090 2121 ergo
2113 2084 2272 2122 quaero?

1236 2122 1426 2162 Gnurzn.
1465 2124 1626 2163 Minime
1660 2124 1924 2174 supervacanea
1955 2123 2003 2161 est
2036 2125 2092 2162 illa
2118 2127 2272 2162 interro-

1235 2175 1358 2221 gatio:
1388 2180 1464 2212 Cur
1484 2189 1561 2225 ergo
1588 2188 1715 2225 quaero
1738 2185 1752 2212 ?
1791 2175 1850 2212 sed
1871 2175 2011 2224 prorsus
2033 2187 2078 2212 ex
2098 2177 2210 2223 genio
2232 2178 2271 2214 δε

1235 2223 1517 2270 stiloSecundi,
1547 2226 1651 2275 quod
1672 2226 1830 2275 pluribus
1854 2226 2097 2273 comprobavi
2119 2225 2163 2261 ad
2186 2224 2267 2264 Lib.

1235 2273 1283 2312 V.
1316 2276 1424 2325 Epist.
1457 2277 1485 2314 Ι.
1511 2288 1546 2313 n.
1573 2289 1603 2314 1.
1627 2276 1720 2313 adde
1741 2277 1821 2313 Lib·
1843 2275 1951 2311 VIII.
1973 2273 2081 2321 Epist.
2105 2274 2210 2312 XIV.
2231 2286 2267 2312 n.

1236 2335 1293 2370 24.
1323 2328 1436 2375 Supra
1461 2329 1682 2364 recentiores
1704 2325 1819 2373 scripti
1844 2326 1882 2362 ὅτ.
1904 2323 1971 2361 Ed.
1993 2323 2081 2361 Vct.
2103 2337 2268 2373 quaerere

1235 2380 1362 2413 meum
1387 2376 1555 2424 Regulum
1572 2404 1583 2420 ,
1610 2387 1677 2423 pro
1701 2380 1869 2411 Marcum

1284 2437 1302 2471 7
1335 2426 1499 2463 Habebat
1525 2425 1647 2474 studiis
1678 2424 1853 2462 honorem.
1881 2423 1896 2474 ]
1941 2426 2169 2464 Reverenter
2193 2434 2264 2464 tra-

1233 2474 1350 2514 efraim
1373 2477 1606 2525 eloquentiae
1626 2475 1736 2513 studia
1753 2504 1763 2519 ,
1792 2475 1853 2514 seu
1875 2476 2088 2515 Oratoriam
2104 2505 2114 2520 ‚
2143 2478 2263 2526 Quod

1233 2526 1430 2573 quomodo
1455 2528 1580 2564 iecerit
1604 2526 1762 2574 Regulus
1792 2555 1801 2570 ‚
1829 2528 1865 2564 in
1887 2526 2118 2576 sequentibus
2141 2527 2262 2567 docet.

1233 2577 1332 2614 Nam
1355 2579 1500 2621 timuit,
1528 2577 1650 2626 palluit
1675 2605 1685 2621 ‚
1724 2589 1769 2614 ne
1794 2576 1976 2615 videretur
1999 2578 2097 2615 male
2121 2577 2238 2617 dicere
2253 2608 2263 2623 .

1232 2628 1270 2665 &
1299 2627 1345 2665 fic
1369 2628 1551 2666 excideret
1572 2628 1643 2676 gloi
1655 2629 1684 2665 ia
1700 2656 1710 2671 ‚
1738 2639 1850 2676 quam
1875 2640 1919 2666 ex
1942 2628 2173 2677 eloquentiae
2193 2628 2264 2668 stu-

1231 2677 1294 2716 diis
1317 2679 1511 2728 quaerebat
1536 2707 1546 2722 ,
1574 2689 1668 2727 quae
1691 2677 1845 2715 faciebat
1868 2679 1991 2727 magni
2013 2682 2051 2716 δί
2074 2680 2264 2718 excolebat

1230 2740 1307 2766 non
1331 2729 1472 2767 orandis
1495 2727 1606 2766 causis
1627 2737 1768 2765 tantuin
1796 2757 1805 2772 ‚
1848 2729 1907 2766 sed
1931 2731 1968 2766 ὃ(
1991 2730 2083 2766 libris
2107 2729 2261 2770 scriben-

1231 2778 1282 2817 dis
1307 2793 1314 2816 :
1354 2789 1393 2817 ut
1418 2809 1427 2824 ‚
1466 2792 1579 2829 quein
1629 2780 1666 2816 in
1715 2779 1904 2816 Rusticum
1952 2781 2139 2825 recitavit,
2168 2782 2259 2820 item

1229 2842 1342 2877 quein
1380 2830 1425 2868 de
1454 2831 1558 2869 obitu
1583 2829 1647 2868 filii
1672 2828 1836 2867 condidit
1861 2858 1871 2874 ‚
1910 2829 1955 2868 de
1988 2831 2115 2880 quibus
2146 2830 2260 2881 supra,

1227 2881 1433 2927 Bucnrusn.

1280 2933 1300 2969 8
1330 2932 1506 2970 pallebat.
1532 2932 1547 2982 ]
1588 2932 1668 2970 Lib.
1700 2931 1730 2968 I.
1763 2933 1808 2971 de
1831 2932 1967 2970 eodem
1992 2931 2152 2969 dixerat:
2183 2937 2257 2969 Ex-

1225 2982 1355 3031 palluit
1380 2983 1604 3025 notabiliter,
1631 2983 1801 3031 quamvis
1816 2982 1950 3032 palleat
1965 2985 2106 3031 ftemper.
2133 2983 2258 3023 Pallidi

1231 3037 1327 3072 enirn
1353 3033 1496 3074 studiosi
1521 3033 1715 3072 creduntur
1737 3035 1852 3072 nimia
1874 3033 1995 3081 vigilia
2018 3038 2055 3072 ὃς
2078 3035 2152 3071 vini
2174 3045 2253 3082 par·-

1227 3083 1395 3128 fimonia·
1450 3084 1716 3175 Quarenggus
1753 3084 1801 3123 est
1838 3085 1974 3125 Valerii
2012 3085 2185 3138 Martialis
2217 3085 2253 3119 In

1346 3145 1349 3149 ⁴
1724 3146 1739 3183 3
2113 3138 2255 3180 Oppia«

2329 1366 2356 1398 2
