2616 3686
259 189 355 245 608
476 180 2150 247 C.PL1NIICAECILIISE..CUNDI

191 273 273 308 12³
303 268 342 324 fi
363 270 495 343 quid
523 269 633 326 istic
661 269 878 344 epistola
904 268 1129 342 dignum
1155 303 1177 333 i,
1216 283 1285 322 ne
1310 279 1545 338 gravare.
1624 262 1766 320 Nam
1787 280 1915 320 curn
1937 282 2090 321 aures
2119 261 2406 319 hominum

265 353 284 376 ²
306 348 547 401 novitate
570 345 1012 411 laetantu1·,tum
1035 341 1104 397 ad
1127 342 1396 397 rationem
1423 339 1564 394 vitae
1587 343 1603 411 ξ
1636 340 1899 410 exemplis
1921 339 2216 396 erudimur.
2260 338 2403 394 Vale.

483 495 643 554 XIX.
718 495 785 552 C.
866 494 1316 552 PL1N1us
1397 489 1834 546 MAx1Mo
1909 486 2088 545 Suo
2160 489 2216 545 S.

277 644 513 714 Excusat
528 647 588 718 se
612 645 746 719 quod
769 645 928 716 tristis
934 639 1134 714 scribat
1164 684 1179 705 ,
1241 642 1475 714 quoniam
1495 656 1557 694 ex
1576 636 2022 712 stztdz'issolatium
2043 639 2274 693 inveniat
2299 678 2316 704 ,
2358 643 2414 701 ξς

352 720 539 805 librum
564 721 926 850 emendandum
953 719 1192 773 Maximo
1216 719 1384 770 mittit
1416 736 1435 776 ;
1487 718 1541 770 in
1573 733 1718 790 quem
1752 726 1902 789 rogat
1925 726 1984 768 ut
2000 729 2092 788 pro
2099 713 2160 787 fi
2188 717 2419 771 intentio·
2454 737 2456 739 ·

351 811 461 852 nem
481 806 618 851 mter}
657 808 729 852 at.

407 923 465 977 T
496 924 754 996 gaudium
784 922 915 977 mihi
940 920 993 976 δε
1020 919 1265 978 solatium
1290 919 1344 972 in
1369 916 1563 971 literis:
1592 914 1832 988 nihilque
1856 928 1969 970 tam
1992 917 2228 985 laetum,
2259 914 2415 990 qu'od.

406 998 485 1055 his
511 1000 694 1055 laetius
725 1018 737 1052 ε
778 1003 797 1033 ⁴
822 996 953 1052 nihil
983 1009 1093 1051 tam
1131 993 1306 1058 triste,
1359 991 1514 1064 quod
1548 1008 1660 1046 non
1701 1008 1797 1062 per
1829 989 1917 1044 has
1951 988 2012 1045 fit
2052 994 2225 1046 minus
2252 993 2416 1048 triste.

277 1072 463 1146 Itaque
492 1074 548 1128 &
573 1075 914 1130 infirmitate⁵
943 1070 1130 1127 uxoris
1157 1110 1173 1134 ‚
1222 1068 1277 1124 &
1305 1084 1555 1123 meorum
1583 1065 1827 1139 periculo
1852 1105 1867 1128 ‚
1909 1066 2256 1138 quorundam
2279 1086 2414 1124 vero

283 1150 447 1205 etiam
473 1163 651 1205 morte
671 1151 690 1179 ⁶
712 1148 986 1211 turbatu8‚
1027 1146 1095 1200 ad
1123 1146 1345 1199 unicum
1372 1142 1574 1198 doloris
1600 1142 1996 1203 levamentum,
2038 1147 2056 1176 ⁷
2097 1140 2264 1195 studia
2289 1162 2419 1199 con-

282 1223 425 1296 fugi,
467 1243 606 1298 quae
629 1223 892 1297 praestant
921 1263 936 1285 ,
973 1234 1035 1277 ut
1061 1219 1277 1276 adversa
1309 1218 1473 1290 magis
1509 1218 1802 1289 intelligam
1831 1256 1846 1280 ,
1893 1215 1985 1270 sed
2023 1218 2308 1286 patientius
2341 1218 2422 1274 fe·-

241 1313 416 1356 2ram.
496 1300 588 1355 Est
611 1314 794 1359 autem
820 1299 951 1354 mihi
974 1298 1138 1351 moris
1166 1335 1182 1360 ‚
1230 1293 1382 1368 quod
1416 1292 1530 1347 sum
1564 1292 1784 1347 daturus
1806 1294 1860 1346 in
1887 1308 2073 1345 manus
2100 1292 2418 1359 hominum,

284 1388 409 1429 ante
435 1376 737 1430 amicorum
759 1375 964 1445 judicio
990 1373 1328 1433 examinare,
1369 1370 1423 1423 in
1447 1370 1630 1440 primis
1657 1381 1768 1422 tu0.
1812 1365 2051 1420 Proinde
2071 1408 2082 1426 ,
2113 1365 2145 1419 si
2171 1369 2415 1438 quand0‚

283 1466 430 1504 nunc
449 1445 472 1510 ‘⁸,
489 1449 716 1511 intende
738 1451 906 1511 libre,
953 1464 1118 1520 quem
1140 1463 1265 1501 cum
1291 1444 1389 1499 hac
1415 1442 1635 1523 epistola
1656 1443 1908 1514 accipies:
1952 1442 2075 1513 quia
2099 1459 2321 1506 vereor,
2348 1461 2419 1502 ne

288 1604 457 1639 Horreum
490 1599 670 1639 vinarium
693 1628 703 1646 ‚
739 1607 910 1638 Horreum
943 1597 1153 1651 penuarium
1175 1624 1187 1641 ,
1222 1593 1319 1645 apud

2271 1518 2380 1588 ipse
2395 1557 2413 1582 ‚

1396 1638 1398 1640 ,
1428 1606 1474 1652 ’3.
1501 1589 1711 1641 Exemplis]
1742 1590 1964 1638 Exemplum
1983 1589 2080 1628 enim
2091 1590 2233 1639 proprie
2244 1602 2421 1631 vocamus

286 1650 423 1699 thos:
448 1653 486 1689 &
502 1653 561 1690 hic
582 1659 752 1690 Horreum
771 1662 906 1702 operum
929 1679 939 1696 ,
965 1650 1003 1689 id
1021 1649 1092 1694 est,
1119 1648 1313 1686 statuarum
1386 1657 1437 1684 rei
1464 1643 1579 1694 gestae
1599 1671 1610 1688 ‚
1646 1650 1706 1680 aut
1724 1648 1898 1690 tanquam
1916 1641 2034 1688 gestae
2053 1668 2063 1685 ‚
2102 1642 2227 1679 utilem
2249 1653 2419 1681 comme-

292 1702 331 1739 &
350 1702 569 1751 picturarum
585 1731 596 1748 ‚
623 1715 716 1752 quae
735 1703 795 1740 hic
824 1712 958 1753 operum
980 1701 1133 1740 nomine
1153 1699 1317 1737 veniunt.

288 1752 344 1790 Ita
368 1754 467 1791 enirn
487 1754 577 1791 haec
597 1765 672 1791 vox
705 1753 751 1791 de
772 1753 972 1791 fabrefastis
993 1754 1030 1790 &
1049 1749 1198 1789 artificio
1217 1748 1316 1787 aesti-

289 1803 431 1842 mandis
457 1804 664 1842 aucftoribus
693 1804 888 1852 usurpatur.
940 1802 1054 1840 Unde
1086 1803 1124 1839 δε
1151 1810 1252 1851 opus,
1290 1801 1319 1838 i-

1389 1696 1634 1739 morationem
1655 1692 1701 1731 ad
1723 1691 2008 1741 persuadendum
2036 1691 2072 1730 id
2095 1692 2197 1742 quod
2215 1693 2424 1734 intenderis.

1392 1749 1600 1847 Carfflrhss
1623 1807 1699 1834 tam
1721 1794 1850 1845 triste]
1881 1794 2091 1834 Mediceus:
2121 1804 2197 1832 tam
2216 1794 2417 1844 triste,fine

286 1855 393 1904 psum
419 1854 609 1893 artificium
631 1862 757 1898 notat,
775 1851 955 1907 ffiufflstbc
980 1853 1126 1898 erbeit.
1155 1850 1320 1890 Censori·
1387 1850 1449 1889 illo
1474 1847 1586 1893 nihil,
1613 1846 1716 1897 quod
1738 1841 1784 1885 eir
1809 1847 1979 1895 superiori
1999 1844 2087 1884 nihil
2108 1857 2184 1883 non
2203 1845 2423 1896 ablurderinq

287 1922 355 1948 nus
378 1910 423 1949 de
445 1910 502 1949 die
525 1911 665 1949 Natali:
688 1915 840 1948 Munera
859 1924 898 1948 ex
916 1923 1003 1948 auro
1021 1908 1080 1948 vel
1096 1920 1182 1958 quae
1200 1920 1242 1945 ox
1259 1919 1320 1944 ar-
1384 1901 1561 1949 telligitur.

282 1972 389 2013 gemo
406 1963 518 2009 nitent
538 1990 548 2004 ‚
586 1961 714 2000 caelato
741 1970 830 2011 opere
860 1974 966 2012 quam
997 1960 1144 1998 materia
1174 1959 1319 1996 cariora.

291 2013 425 2050 Seneca
452 2014 497 2050 de
521 2013 795 2063 Tranquillitate
814 2014 923 2051 animi
952 2023 1029 2060 cap.
1052 2010 1080 2048 Ι.
1119 2014 1321 2058 Argentum

288 2077 399 2112 grave
415 2064 530 2113 rustici
546 2065 654 2113 patris
666 2063 739 2114 fine
760 2063 828 2102 ullo
847 2073 935 2113 opere
954 2072 997 2102 Ψ
1020 2061 1154 2099 nomine
1172 2059 1323 2107 artificis.

293 2114 321 2151 Β
336 2128 359 2151 υ
375 2125 398 2150 c
412 2127 434 2151 H
452 2128 475 2151 N
490 2127 508 2150 E
521 2127 562 2152 u.
614 2116 674 2152 De
707 2115 832 2153 horreis
864 2113 947 2152 vide
967 2112 1013 2151 ad
1040 2112 1122 2150 Lib.
1141 2111 1188 2148 II.
1215 2110 1324 2159 Epist.

294 2165 416 2203 XVII.
443 2176 479 2202 n.
501 2176 560 2214 13.
1072 2187 1093 2194 .-

351 2228 380 2253 1.
409 2217 444 2253 si
464 2216 548 2265 quid
566 2215 636 2265 istic
654 2215 783 2264 epistola
806 2215 948 2265 dignum
974 2242 983 2257 ‚
1013 2227 1054 2252 ne
1075 2226 1228 2262 gravare
1246 2212 1323 2250 scri-

292 2266 416 2316 bere]
447 2267 536 2304 Non
557 2268 656 2304 aliter
677 2267 911 2305 membranae
928 2265 1198 2314 speetatiffimae
1221 2291 1231 2307 ,
1259 2262 1324 2301 nifi

294 2317 397 2367 quod
415 2319 583 2356 ultimum
603 2317 757 2355 verbum
777 2317 923 2367 scribere
951 2316 1134 2354 omittant.
1185 2314 1233 2352 Et
1251 2315 1325 2353 hoc

294 2368 445 2417 quidem
463 2369 554 2406 belle
573 2368 769 2406 exauditur.
797 2369 910 2406 Treb.
930 2366 1045 2405 Pollio
1070 2364 1325 2414 Claud.c‘ap.1.

298 2425 360 2464 De*
384 2433 448 2469 quo
477 2434 529 2469 ego
557 2419 678 2456 idcirco
698 2420 855 2458 recusare
876 2431 943 2456 non
960 2418 1055 2468 potui
1076 2446 1086 2462 ‚
1128 2415 1219 2468 quod
1239 2415 1323 2454 alios

294 2471 502 2520 scripseram.
530 2470 622 2508 adde
647 2470 776 2508 Sallust.
796 2470 876 2518 Jug.
901 2481 976 2517 cap.
997 2469 1065 2506 IV.
1092 2479 1129 2505 n.
1152 2480 1175 2512 4
1223 2467 1326 2504 Con-

290 2530 347 2560 *tra
369 2522 456 2559 vello
469 2549 478 2564 ‚
506 2533 572 2569 pro
591 2520 679 2559 velle
696 2522 822 2565 dicere,
847 2519 1059 2570 respondere,
1088 2518 1218 2556 Cicero
1238 2519 1266 2556 I.
1284 2517 1329 2556 de

295 2572 413 2611 Finib.
440 2584 515 2621 cap.
536 2571 643 2608 Vlli.
679 2573 743 2611 Sed
765 2573 814 2609 ad
831 2569 914 2608 haec
934 2599 945 2616 ,
974 2571 1038 2619 nist
1055 2568 1230 2614 molestum
1251 2568 1294 2615 est
1313 2598 1323 2613 ,

298 2622 405 2661 haheo
440 2635 532 2672 quae
569 2624 678 2661 velim
731 2624 811 2662 Lib.
831 2622 897 2661 IV.
931 2633 1007 2670 cap.
1038 2622 1063 2659 1.
1103 2626 1226 2670 Itaque
1262 2631 1326 2658 aut

297 2675 501 2712 omittamus
519 2682 644 2711 contra
663 2675 798 2710 omnino
814 2673 904 2711 velle
923 2671 1055 2722 aliquid
1067 2700 1079 2717 ,
1103 2681 1168 2708 aut
1175 2669 1327 2720 spatium

298 2729 477 2770 sumamus
497 2725 546 2761 ad
562 2725 791 2774 cogitandum.
818 2724 936 2772 paullo
960 2723 1037 2771 post
1056 2738 1064 2762 :
1095 2727 1177 2759 Non
1196 2722 1328 2760 meher-

298 2774 371 2810 cule
384 2777 469 2824 soleo
483 2788 603 2814 temere
620 2786 738 2813 contra
757 2775 890 2814 Stoicos.
916 2774 1070 2812 deinde:
1100 2786 1204 2823 quare
1219 2772 1264 2810 ad
1286 2784 1328 2810 ea

298 2826 445 2870 primum
467 2854 476 2868 ‚
506 2825 540 2874 si
556 2827 696 2864 videtur
716 2842 726 2870 ;
748 2827 804 2874 fin
823 2825 922 2863 aliud
943 2826 1027 2874 quid
1047 2825 1138 2863 voles
1152 2851 1162 2868 ,
1197 2824 1333 2873 postea.

299 2874 391 2915 addc
415 2885 539 2913 notam
559 2877 604 2925 ad
633 2877 712 2915 Lib.
731 2877 780 2917 II.
815 2876 922 2926 Epist.
942 2878 1023 2915 XX.
1047 2888 1084 2915 n.
1108 2886 1166 2926 13.
1201 2874 1272 2912 Co
1287 2887 1331 2913 R·

306 2937 328 2960 '1‘
345 2935 377 2962 ε.

353 2986 388 3012 2.
418 2975 584 3011 Novitate
599 2976 810 3025 lactant-un]
841 2976 897 3014 Sic
917 2977 1151 3015 membranae
1164 3005 1174 3020 ‚
1190 2978 1228 3015 ὅ(
1250 2977 1329 3028 qui-

302 3023 386 3062 dam
431 3024 556 3061 formis
591 3024 673 3061 cusi.
712 3026 809 3062 Male
843 3027 898 3065 alii
933 3028 1121 3069 laetentur.
1157 3027 1246 3067 Dixi
1283 3026 1328 3067 ad

302 3075 387 3121 Lib.
411 3074 499 3121 Vll.
525 3074 633 3125 Epist.
652 3075 757 3112 VIll.
784 3086 817 3112 n,
840 3085 873 3123 3.

1445 1965 1481 2001 5.
1507 1948 1668 1998 Uxoris]
1698 1947 1935 1997 Calpurniae,
1958 1947 2004 1987 de
2025 1948 2124 1998 cujus
2145 1947 2366 1996 aegritudine
2383 1949 2421 1988 in

1392 1999 1695 2053 praecedentibus.
1722 1999 1754 2035 C
1767 2013 1787 2036 A
1804 2012 1827 2036 T
1840 2012 1862 2037 A
1875 2014 1911 2038 N.

1446 2055 1481 2092 6.
1510 2049 1722 2098 Turbatus]
1761 2049 1929 2088 Affecstus
1946 2059 2120 2087 moerore
2137 2059 2179 2086 ac
2199 2048 2299 2087 lustu
2321 2048 2420 2091 vide-

1392 2104 1486 2142 licet.
1512 2104 1612 2143 Nam
1632 2100 1752 2139 omnis
1774 2099 1930 2139 ‘affed‘ius
1961 2109 2091 2137 movet
2120 2107 2181 2137 aut
2212 2101 2328 2138 turbat
2345 2100 2418 2137 ani-

1394 2166 1498 2194 mum
1514 2183 1525 2201 ,
1552 2156 1589 2193 &
1614 2152 1794 2202 quiescere
1812 2164 1897 2190 eum
1919 2162 1997 2188 non
2018 2149 2107 2188 finit.
2132 2151 2322 2190 Suetonius
2341 2150 2418 2187 Au-

1394 2207 1498 2255 gusto
1524 2217 1599 2253 cap.
1618 2202 1742 2243 XVII.
1777 2203 1951 2247 Tor-orbatos
1972 2202 2104 2241 nuntiis
2124 2202 2164 2239 de
2177 2203 2336 2251 seditione
2353 2199 2417 2237 mi-

1396 2258 1510 2297 litum.
1539 2257 1579 2294 ld
1599 2256 1671 2299 cst,
1699 2254 1983 2302 perterrefactus,
2008 2253 2120 2301 Apud
2139 2254 2320 2303 Virgilium
2342 2250 2417 2287 Ae-

1396 2309 1494 2347 neid.
1512 2308 1619 2345 VllI.
1647 2306 1804 2344 :turbata
1826 2306 1947 2342 Pallas
1969 2332 1980 2348 ‚
2014 2304 2099 2346 irata
2122 2304 2180 2342 est.
2230 2298 2416 2349 Quemadq

1397 2359 1554 2397 modum
1575 2359 1609 2395 τὶ
1629 2356 1787 2395 turbidus
1814 2368 1891 2394 non
1912 2354 2021 2394 semel
2045 2367 2064 2392 a
2084 2355 2194 2394 Statio
2223 2353 2416 2398 usurpatur.'

1397 2410 1585 2449 Petronius
1610 2422 1618 2446 :
1658 2407 1858 2446 Exeanduit
1890 2407 1988 2445 Licas
2006 2406 2064 2442 hoe
2076 2406 2226 2454 sermone
2245 2401 2418 2439 turbatus:

1399 2462 1566 2500 Similiter
1588 2461 1625 2498 &
1649 2460 1852 2504 confandere
1871 2458 2047 2506 usurpant.
2099 2453 2226 2499 Noster
2253 2452 2328 2488 Lib.
2350 2451 2417 2490 111.

1398 2513 1507 2562 Epist.
1524 2514 1605 2552 XX.
1637 2511 1772 2548 Veritus
1782 2511 1865 2559 stom
1879 2537 1890 2552 ,
1910 2522 1950 2546 ne
1960 2521 2019 2544 vos
2035 2504 2123 2551 sestis
2143 2502 2254 2540 diebus
2277 2501 2417 2543 consun-

1397 2565 1510 2602 derem
1523 2593 1534 2608 ‚
1554 2564 1588 2611 fi
1605 2563 1642 2599 in
1660 2561 1859 2600 memoriam
1872 2553 2188 2610 graviffimiuluc‘lns
2207 2552 2415 2607 reduxiflem.

1400 2615 1456 2653 Sic
1479 2613 1697 2662 confufionem
1730 2623 1796 2661 pro
1822 2618 1992 2648 moerore
2013 2603 2092 2661 ‚Ltffi
2122 2603 2148 2639 Ι.
2176 2601 2280 2658 Epist.
2296 2603 2415 2642 XXII.

1401 2667 1438 2704 &
1459 2666 1632 2714 Panegyr.
1660 2675 1737 2711 cap.
1751 2658 1960 2698 LXXXVI.
1987 2654 2083 2691 dunt.
2109 2652 2418 2690 Petroniusmon-

1392 2717 1496 2766 jusus
1516 2717 1573 2755 ille
1603 2726 1645 2755 (φ
1672 2712 1794 2762 consilii
1818 2721 1919 2760 egens.
1946 2703 2134 2745 Suetonius
2155 2701 2307 2740 Caesare
2337 2715 2415 2752 cap.

1402 2768 1437 2804 V
1442 2768 1490 2806 II,
1516 2766 1706 2814 Confusam
1720 2760 1850 2812 ftmnio
1864 2756 2040 2809 proximae·
2060 2753 2162 2808 noaslis
2191 2753 2301 2799 (nam
2323 2755 2415 2800 visus

1399 2829 1475 2856 orat
1494 2827 1553 2867 per
1573 2817 1717 2866 quietem
1737 2810 1845 2852 matri
1857 2809 2009 2858 stuprum
2029 2803 2198 2851 mtuhsse)
2226 2805 2419 2849 conjer‘lores

1400 2870 1450 2906 ad
1466 2868 1704 2918 ampliflimam
1720 2863 1809 2911 spem
1829 2858 2073 2896 incitaverunt.
2101 2852 2127 2890 B
2143 2868 2162 2891 υ
2179 2866 2201 2890 c
2214 2866 2236 2890 Η
2250 2869 2271 2892 Ν
2286 2868 2305 2892 Ε
2321 2869 2355 2894 R.

1453 2936 1487 2970 7.
1513 2912 1637 2960 sto'dia
1655 2914 1864 2965 confugia]
1907 2911 2094 2950 Mediceus
2116 2912 2247 2959 confugi
2266 2939 2276 2956 ,
2314 2911 2417 2960 quod

1398 2975 1445 3012 ad
1466 2973 1675 3012 sententiam
1698 2967 1806 3013 magis
1825 2962 1983 3012 quadrat.
2010 2962 2140 2999 Narrat
2159 2964 2256 3000 enim
2279 2990 2290 3007 ‚
2316 2962 2419 3012 quod

1397 3024 1529 3062 doloris
1548 3018 1688 3060 levandi
1708 3013 1821 3054 cauffa
1843 3014 1974 3062 aliquid
1993 3013 2238 3051 elaboraverit.

1448 3073 1482 3112 8.
1511 3069 1652 3109 Intende
1667 3068 1705 3108 in
1720 3066 1848 3106 librum
1868 3064 2024 3115 meum]
2058 3066 2184 3106 Tuam
2204 3064 2421 3152 diligentia?

2277 3123 2375 3153 intcn
2404 3126 2424 3157 e
