2616 3686
634 193 980 250 LIBER
1045 192 1720 249 LEPISTOLA
1789 204 1937 257 ΧΠ·
2248 210 2316 272 σς

239 301 370 358 ergo
404 282 618 340 mecum
656 297 753 352 per
790 276 934 332 diem
972 285 1180 336 totum,
1217 272 1454 328 eundem
1482 289 1768 348 antequam
1798 280 2047 342 scribam,
2087 281 2321 337 eundem

238 354 401 430 quum
426 353 600 424 scripfi
619 393 634 417 ,
657 350 891 407 eundem
919 348 1078 402 etiam
1095 379 1107 401 ,
1134 361 1300 416 quum
1328 347 1578 401 remittor
1598 386 1614 413 ‚
1639 363 2014 421 nontanquarn
2045 353 2057 372 ¹
2085 352 2317 407 eundem

231 430 371 500 lego,
447 427 616 499 Quod
641 439 694 479 te
715 436 964 496 quoque,
999 431 1058 473 ut
1083 415 1272 478 facias,
1299 418 1355 472 &
1384 418 1574 474 hortor
1603 419 1657 474 &
1687 438 1903 475 moneo,
1931 433 1947 451 ²
1971 438 2146 493 neque
2171 425 2314 478 enim
2367 441 2398 489 8

155 539 162 546 -
232 500 395 556 debet
444 497 693 567 operibus
731 493 838 564 ejus
873 491 1049 547 obesse
1073 529 1088 553 ‚
1137 488 1290 561 quod
1331 491 1478 545 vivit.
1554 493 1644 547 An
1671 492 1707 546 fi
1731 493 1872 547 inter
1895 510 1986 547 eos
2017 510 2153 563 quos
2178 513 2315 551 nun-

232 589 392 646 quam
417 571 644 627 vidimus
669 563 954 627 floruisset,
991 580 1101 617 non
1129 563 1301 619 solum
1324 561 1490 617 ‘libros
1519 563 1628 634 ejus
1657 609 1668 625 ‚
1710 582 1897 620 verum
1939 567 2099 618 etiam
2139 583 2153 609 ³
2183 567 2314 621 ima-

232 648 383 715 gines
411 644 878 713 conquireremus:
919 635 1154 706 ejusdem
1181 651 1325 688 nunc
1351 636 1525 690 honor
1554 637 1838 707 praesentis
1866 639 1918 689 ἃ
1948 638 2145 707 gratia*
2167 638 2312 706 quafi

231 718 466 772 satietate
499 710 844 783 languescet?
896 712 970 763 At
996 709 1099 763 hoc
1125 724 1349 776 pravum
1373 709 1774 780 malignumque
1806 707 1906 768 est,
1944 727 2054 764 non
2085 709 2309 764 admira·
2360 725 2388 764 9

230 787 554 842 ribominem
573 782 924 838 admiratione
940 779 1300 852 digniffimum
1319 817 1335 841 ‚
1374 780 1496 849 quia
1523 778 1534 804 ⁵
1564 782 1746 834 videre
1778 821 1792 844 ,
1818 782 2013 851 alloqui
2041 820 2056 844 ,
2093 781 2306 845 audire,

228 857 534 931 complet‘li:
574 873 676 912 nec
697 854 912 910 ‘laudare
938 868 1176 916 tantum,
1216 869 1406 906 verum
1430 854 1589 907 etiam
1616 870 1794 910 amare
1815 855 2103 926 contingit.
2151 854 2302 912 Vale.

505 1051 717 1109 XVII.
786 1050 854 1107 C.
926 1052 1355 1106 PLINIUS
1426 1045 1443 1069 ⁶
1517 1048 1810 1105 CORN.
1886 1049 2026 1105 T1·

904 1153 1210 1193 11AN0
1288 1133 1475 1191 Suo'
1541 1136 1592 1193 S.

2155 1266 2298 1322 Com-

257 1416 280 1442 τ
311 1401 509 1452 Eundem]
540 1404 691 1452 Semper
714 1404 814 1442 enim
836 1404 972 1454 aliquid
994 1406 1086 1443 novi
1107 1405 1145 1442 in
1167 1404 1230 1443 illo
1266 1402 1424 1442 coluiffe.
1453 1405 1607 1442 CATAN.
1631 1404 1794 1441 Arnzen.
1816 1414 2018 1452 puerorum
2041 1413 2171 1442 more:
2197 1405 2292 1444 ima-'

211 1454 372 1492 invenio.
401 1453 554 1491 emm.
581 1454 682 1492 Male
703 1454 860 1503 impressi
881 1457 1043 1504 aliquot:
1070 1457 1231 1493 eumdem
1263 1454 1389 1502 ginem.
1441 1454 1540 1492 Vide
1562 1453 1609 1490 ad
1631 1455 1773 1490 Luc-ani
1798 1454 1879 1491 L2b.
1916 1455 1964 1492 ΙΙ.
2002 1466 2051 1492 vs.
2091 1455 2173 1502 298.
2225 1457 2288 1494 De

208 1516 287 1542 cum
310 1504 458 1540 remitto.
500 1505 627 1552 Scripti
648 1504 759 1543 nostri
781 1516 910 1543 omnes
933 1506 1103 1542 remittor.
1133 1506 1229 1542 Infra
1264 1505 1479 1551 imaginibus
1502 1503 1566 1540 illis
1589 1503 1673 1540 vide
1695 1504 1792 1552 sequ.
1816 1503 1924 1552 Epist.
1947 1505 2072 1542 XVII.

211 1555 292 1592 Lib.
315 1555 402 1590 Vll.
426 1553 533 1601 Epist.
556 1553 621 1589 lx.
644 1565 678 1589 n.
700 1566 734 1600 9.
788 1560 854 1589 Fas
877 1553 920 1600 est
941 1555 1093 1591 carmine
1104 1558 1229 1593 remit·
1312 1566 1336 1600 4
1363 1553 1478 1604 {2¹⁴⁶st
1493 1553 1662 1602 satietate
1685 1553 1917 1603 languescet.]
1958 1554 2125 1592 Riccard.
2150 1555 2285 1595 Helm-

210 1605 247 1640 ti.
270 1616 305 1640 n.
331 1615 382 1651 13.
442 1611 537 1637 Nam
559 1602 688 1637 mirum
711 1601 755 1647 est
780 1629 790 1645 ,
827 1613 867 1638 ut
891 1603 941 1639 his
964 1604 1125 1653 opusculis
1147 1606 1226 1644 ani-
1262 1602 1345 1640 stad.
1370 1607 1409 1643 ὅς
1430 1603 1588 1654 impreffi
1611 1604 1776 1641 nonnulli
1797 1605 1987 1654 languescit
2010 1633 2020 1649 ,
2049 1605 2153 1654 quod
2171 1607 2285 1646 inter-

212 1665 288 1691 mus
309 1652 519 1690 intendatur
543 1651 818 1700 remittaturque.
1261 1656 1443 1701 rogationi
1484 1665 1563 1691 non
1596 1655 1782 1692 convenit.
1835 1654 1983 1694 Deinde
2025 1656 2190 1693 Voffian.
2243 1663 2283 1699 ὃς

258 1715 280 1739 2
312 1709 429 1752 Neque
451 1702 540 1738 enim
556 1728 565 1744 ,
592 1699 690 1750 ew]
719 1702 819 1739 Nam
842 1704 1007 1742 viventes
1029 1706 1223 1744 comitatur
1258 1704 1411 1742 Helmst.
1465 1703 1513 1740 Et
1533 1703 1614 1746 hoc,
1643 1715 1711 1752 pro
1733 1710 1800 1740 At.
1827 1704 1947 1742 Miror
1968 1713 2089 1742 autem
2107 1735 2118 1750 ‚
2145 1715 2186 1744 ut
2198 1712 2281 1752 viro

210 1753 356 1793 invidia·
387 1752 486 1790 Hinc
508 1751 661 1789 Mm'tial·
1259 1753 1372 1792 do<sto
1395 1757 1434 1793 in
1455 1762 1621 1792 mentem
1645 1755 1788 1792 venerit
1810 1756 1852 1790 τὸ
1865 1755 2057 1804 satietate,
2086 1765 2229 1799 mutare
2241 1764 2280 1802 jn

1244 1804 1416 1853 fizcietate.
1445 1807 1585 1844 Rerum
1607 1804 1848 1853 praesentium
1871 1806 1910 1843 &
1932 1807 2130 1846 hominum
2145 1836 2156 1852 ,
2183 1823 2278 1861 quos

1250 1854 1392 1904 semper
1415 1858 1550 1906 ubique
1565 1884 1574 1900 ,
1604 1863 1713 1903 prout
1739 1856 1936 1901 volumus,
1963 1857 2062 1896 adire
2083 1867 2145 1896 aut
2168 1873 2276 1903 com-

1249 1906 1358 1953 pssedti
1380 1909 1488 1953 licet,
1516 1907 1620 1944 facile
1641 1906 1804 1949 taedium
1829 1906 1918 1944 subit
1944 1921 1952 1944 :
2003 1915 2100 1946 certe
2133 1909 2273 1953 defide-

1249 1957 1344 1994 rium
1368 1958 1484 1997 cessat.
1507 1957 1658 1995 &haec
1681 1955 1730 1993 est
1751 1955 1811 1993 ista
1826 1957 1986 2006 satietas.
2040 1959 2094 1997 Ita
2129 1961 2270 2004 Lucan.

1247 2006 1327 2044 Lib.
1353 2007 1417 2046 IX.
1439 2021 1490 2047 vs.
1512 2007 1597 2057 987.
1623 2006 1668 2045 de
1703 2007 1853 2046 Caesare
1887 2008 2069 2049 Troianas
2102 2011 2270 2064 reliquias

1244 2057 1385 2108 aliaque
1407 2061 1482 2098 eius
1503 2067 1617 2098 terrae
1634 2057 1837 2096 invisente:
2266 2065 2270 2068 ⁴

256 1884 326 1933 Effe
347 1886 429 1935 quid
454 1883 512 1921 hoc
535 1885 646 1921 dicam
662 1911 672 1929 ,
698 1885 793 1923 vivis
814 1885 910 1936 quod·
915 1887 1024 1932 fama
1038 1899 1185 1935 negatur
1198 1896 1214 1924 ?

306 1938 351 1971 Et
363 1936 431 1983 sua
455 1936 545 1983 quod
566 1947 670 1972 rarus
695 1945 847 1985 tempora
869 1935 970 1974 lefflor
991 1948 1123 1977 amat?

254 1985 301 2022 Hi
313 1985 401 2034 sunt
420 1985 576 2022 invidiae
596 1985 761 2022 nimirum
782 1985 902 2035 Regale
923 2000 1032 2024 mores
1045 2015 1055 2031 ‚

302 2036 485 2082 Praeferat
506 2036 669 2085 antiquos
682 2035 816 2086 semper
836 2047 876 2073 ut
898 2036 962 2075 illa
985 2038 1095 2076 novis.

204 2153 354 2209 Cum.
382 2155 505 2194 Sensus
526 2157 630 2205 igitur
651 2155 699 2194 est
711 2171 722 2200 ;
750 2168 827 2195 non
849 2155 982 2194 debent
995 2153 1079 2193 ideo
1092 2167 1203 2205 opera
1289 2165 1335 2197 Vt
1355 2161 1450 2199 ducis
1471 2160 1637 2210 implevit
1659 2159 1755 2209 visus
1777 2165 1985 2201 veneranda
2009 2162 2179 2208 vetustas.

202 2215 277 2252 ejus
301 2215 376 2242 non
396 2207 488 2253 legi,
516 2209 598 2256 quia
623 2209 778 2245 recentia
810 2207 889 2245 sunt
912 2235 922 2250 ‚
960 2205 1201 2256 nullumque,

198 2253 376 2301 superstite
397 2255 514 2294 adhuc
534 2257 682 2294 auetore
697 2286 706 2302 ‚
733 2270 753 2294 a
777 2257 951 2295 vetustate
974 2256 1116 2305 pondus
1139 2259 1219 2304 lia-5
1237 2260 1404 2301 Sidonius
1427 2262 1507 2300 Lib.
1530 2262 1598 2299 IV.
1622 2261 1729 2311 Epist.
1756 2264 1858 2301 XXI.
1886 2266 1999 2313 sicque
2021 2268 2131 2305 omnis
2154 2268 2259 2316 prae?

197 2302 220 2339 b
246 2313 294 2341 ut.
323 2305 429 2344 Multi
450 2309 548 2345 enim
574 2307 716 2345 nonnisi
738 2308 903 2345 auCtores
922 2315 1063 2344 veteres
1080 2310 1117 2346 ὃς
1131 2310 1200 2346 mi-
1215 2310 1218 2333 *
1235 2311 1367 2350 sentiae
1391 2312 1524 2359 vestrae
1546 2313 1709 2360 voluptas
1724 2340 1733 2354 ‚
1762 2316 1854 2361 quod
1867 2325 1989 2350 tamen
2002 2316 2142 2354 nullum
2159 2317 2258 2357 razias

194 2354 359 2409 rabuntur
380 2358 418 2395 ὅ(
438 2357 604 2404 legebant
627 2386 637 2401 ,
664 2357 835 2406 negleffis
857 2357 1125 2406 contemtisque
1148 2361 1217 2408 se-1
1234 2362 1343 2409 coepit.
1375 2364 1508 2400 Cicero
1532 2362 1578 2398 ΙΙ.
1603 2367 1647 2399 ad
1672 2362 1782 2398 Attie.
1806 2363 1914 2412 Epist.
1938 2365 1985 2400 V.
2010 2367 2121 2414 princ.
2149 2369 2253 2419 Cupio

194 2404 262 2440 culi
286 2405 330 2443 su?
357 2407 611 2455 Scriptoribus:
642 2419 753 2455 quarn
776 2408 953 2444 rationem
976 2408 1108 2445 Plinius
1131 2420 1199 2445 no·
1215 2416 1217 2453 f
1234 2412 1390 2457 equidem
1405 2440 1415 2455 ,
1445 2422 1489 2449 ω’
1509 2412 1582 2447 iam
1600 2412 1733 2460 pridem
1758 2414 1847 2462 cupio
1873 2415 2139 2454 Alexandriam
2173 2419 2253 2456 reli.

190 2452 308 2492 ster&
330 2457 387 2494 hic
410 2460 447 2495 ὅ(
470 2457 548 2495 alibi
571 2456 776 2506 perstringit.
804 2456 1008 2493 Euenum.
1036 2457 1198 2495 Voffian.
1215 2460 1217 2492 ἶ
1234 2471 1407 2509 quamque
1434 2467 1629 2509 Aegyptum
1655 2461 1763 2510 viſsere
1786 2490 1795 2505 ,
1835 2476 1877 2503 ω’
1894 2463 2001 2514 simul
2024 2465 2069 2502 ab
2092 2466 2158 2503 hac
2189 2468 2251 2507 ho-

190 2515 298 2552 neque
321 2506 417 2543 debet
433 2535 443 2550 ‚
469 2510 655 2554 praeterita
679 2507 846 2556 particula
868 2507 958 2543 enim
984 2534 993 2550 ,
1021 2517 1131 2554 quam
1160 2511 1199 2547 &
1233 2509 1369 2546 minum
1382 2511 1540 2548 satietate
1554 2512 1662 2548 nostri
1686 2512 1871 2560 discedere,
1901 2526 1943 2552 (θ’
1961 2527 2038 2552 cum
2062 2516 2179 2568 aliquo
2191 2520 2250 2557 de-

190 2553 373 2602 Gryphssus
396 2557 536 2605 iusuper
558 2558 689 2595 habuit.
720 2558 815 2594 Mox
838 2569 968 2594 omncs
992 2557 1106 2605 scripti
1128 2570 1197 2596 no-
1212 2558 1347 2608 :siderio
1371 2561 1508 2598 reverti.
1539 2561 1663 2611 Atque
1684 2563 1730 2599 ita
1754 2565 1890 2611 pallini.
1919 2566 2071 2604 Con-rs.

186 2602 265 2641 stri:
296 2605 505 2661 Atfis'nter
524 2622 574 2645 eos
591 2636 600 2649 ,
628 2620 693 2656 pro
719 2613 790 2643 An.
1208 2608 1214 2668 Ι
1283 2625 1299 2659 ς
1333 2613 1448 2649 Videre
1474 2639 1485 2655 ,
1512 2610 1658 2662 adloqui
1684 2641 1694 2656 ,
1721 2613 1884 2664 audire]
1926 2617 2016 2655 Duo
2049 2619 2246 2667 posteriora

237 2665 255 2702 3
287 2655 493 2705 Imaginem]
530 2657 690 2695 Piftums
724 2657 852 2696 ssmiles
876 2659 1013 2697 viventi
1037 2658 1336 2718 Satumi-gverba
1371 2664 1539 2710 ignorant
1571 2664 1733 2703 Riccard.
1768 2664 1965 2706 Lindenbr.
1999 2671 2038 2707 &
2063 2669 2246 2710 Heimsta-

187 2713 250 2741 no.
263 2706 482 2755 Scriptorum
506 2710 603 2746 enim
627 2710 800 2755 imagines
815 2737 824 2753 ,
852 2711 1045 2747 inventore
1067 2709 1194 2749 Afinio
1209 2736 1212 2760 ,
1228 2712 1364 2751 diensis.

188 2752 374 2801 Pollione,
401 2757 557 2796 solt-bant
580 2761 617 2797 in
638 2759 1020 2805 Bibliothecislocarc,
1050 2760 1213 2809 &quael
1278 2764 1300 2798 6
1329 2772 1433 2801 Corn.
1458 2764 1631 2814 Titiana]
1662 2769 1771 2805 Varia
1795 2771 2049 2820 exeinpfai·{ad
2064 2770 2245 2812 versunoss

189 2812 275 2862 non·
295 2816 393 2863 erant
417 2836 427 2852 ‚
464 2807 701 2858 fingebantur.
734 2811 991 2859 pariebantque
1024 2809 1094 2850 defi
1105 2811 1193 2850 lex-ia
1210 2801 1213 2842 9
1229 2812 1274 2850 de
1297 2815 1339 2852 ad
1365 2827 1475 2864 quem
1499 2815 1622 2865 scripta
1647 2817 1687 2855 s1t
1712 2819 1857 2867 epistola
1879 2821 2084 2860 ostendunt.
2113 2824 2240 2870 Quae-

191 2853 304 2911 ttaditi
323 2859 464 2902 vultus,
492 2871 568 2908 quo
592 2862 706 2898 maius
738 2861 878 2898 nullum
914 2870 987 2898 erat
1020 2861 1194 2902 felicitatis
1229 2862 1311 2901 dam
1349 2867 1474 2903 Icciano
1499 2895 1508 2909 ‚
1537 2868 1602 2905 alia
1627 2869 1760 2907 niciano
1785 2887 1794 2906 :
1836 2873 2008 2910 nonnulla
2030 2870 2213 2921 cythiano

190 2898 362 2963 specimen
387 2938 403 2966 ,ι
444 2921 555 2967 quarn
588 2911 728 2959 semper
759 2923 889 2950 ornnes
920 2912 1003 2950 scire
1037 2924 1191 2960 cupere,
1228 2915 1343 2965 aliqua
1370 2918 1515 2954 vaano.
1546 2919 1663 2968 Magis
1683 2922 1847 2970 approbo
1873 2923 2145 2972 Titian0‚cujus
2170 2905 2238 2962 no:

191 2952 298 3005 qualis
319 2955 421 2998 fuerit
442 2961 576 3010 aliquis.
630 2962 736 2999 Haec
758 2962 900 3000 Plinius.
930 2963 982 3001 At
1005 2965 1058 3001 M.
1095 2963 1189 3002 Tul-
1226 2967 1330 3005 minis
1355 2969 1472 3006 crebra
1495 2967 1536 3007 fit
1557 2972 1698 3008 mentio
1720 2973 1763 3009 ab
1785 2970 1955 3013 historicis
2027 2977 2087 3025 qui
2113 2987 2165 3013 res
2196 2976 2237 3014 il-

189 2998 254 3055 lius
277 3001 319 3040 de
340 3009 499 3053 perfeeto
523 3012 681 3048 Oratore
703 3012 847 3050 testatur
871 3042 881 3058 ,
911 3013 1062 3051 Brutum
1096 3016 1187 3052 ima--
1203 3016 1205 3030 ¹
1222 3016 1339 3054 lorum
1365 3026 1575 3068 temporum
1599 3020 1806 3070 scripserunt
1829 3051 1839 3067 ‚
1867 3034 1907 3061 ut
1931 3005 2098 3063 on’iittam
2125 3026 2236 3065 Taci-

185 3059 307 3096 gincm
319 3053 568 3109 Demosthenis
592 3073 636 3100 ex
658 3073 739 3102 aere
760 3064 853 3103 inter
873 3064 948 3104 suas
972 3067 1008 3104 δε
1030 3033 1298 3108 suorumitum
1334 3070 1371 3108 ὅ(
1405 3069 1544 3122 Tranq.
1578 3071 1761 3112 Lucianus
1795 3076 1833 3113 ὃς
1868 3076 2069 3124 Spartianus
2104 3076 2233 3114 Titiam·

1696 3122 1713 3162 I
2154 3137 2232 3178 mc-⁴
