2616 3686
604 188 944 242 LIBER
1014 188 1929 244 V.EPISTOLAXV1.
2245 212 2336 267 377

205 271 397 334 ricula,
432 279 492 322 ut
531 269 705 339 prius,
744 281 930 320 verum
970 261 1038 317 ad
1079 261 1310 315 honores
1349 264 1548 316 virtute
1586 266 1923 330 perveniunt.
1961 264 2015 319 ln
2055 266 2320 328 infinitum

203 343 467 412 epistolam
482 341 769 395 extendam
787 375 802 400 ‚
825 333 1072 406 {ig-audio
1088 334 1552 403 meoindulgeam.
1593 351 1605 372 ¹
1623 334 1938 389 Praevertor
1964 338 2028 392 ad
2055 355 2141 400 ea,
2179 357 2316 411 quae

168 451 172 453 ,
199 431 287 469 me
302 428 548 484 agentem
566 415 651 466 hic
665 411 888 466 nuncius
915 406 1291 476 deprehendit.
1335 406 1495 460 Eram
1521 423 1645 460 cum
1670 407 1961 478 prosocero
1989 425 2139 475 meo,
2177 429 2320 468 eram
2365 424 2394 471 8

196 503 320 540 cum
339 486 492 539 amita
512 486 718 546 uxori5‚
745 498 887 536 eram
903 496 1029 533 cum
1047 479 1224 531 amicis
1240 478 1331 530 diu
1349 478 1688 542 desideratis,
1715 479 2063 535 circumibam
2090 485 2284 551 agellos
2310 524 2326 547 ‚

195 558 477 613 audiebam
525 558 749 611 multum
798 551 1108 606 rusticarum
1160 551 1537 620 querelarum:
1577 552 1814 605 rationes
1853 552 2096 622 legebam
2136 563 2151 580 ‘
2186 555 2323 609 invi-

198 644 280 685 tus
335 632 388 685 dc
439 629 628 684 curfim
681 626 825 695 (aliis
872 627 1016 678 enim
1057 624 1281 685 cliartiS,
1316 623 1424 676 aliis
1462 623 1574 676 sum
1616 624 1780 677 literis
1819 621 1834 648 ³
1871 625 2142 691 initiatus)
2192 643 2319 679 coe-

193 716 372 774 peram
422 703 577 756 etiarn
627 698 804 752 itineri
857 713 945 750 me
984 712 1339 766 praeparare:
1382 712 1504 748 nam
1545 696 1792 749 includor
1831 696 2078 766 angustiis
2117 699 2133 722 ⁴
2169 716 2318 753 com-
2358 706 2392 746 9

193 790 418 834 meatus,
457 789 632 844 eoque
671 770 810 840 ips0‚
849 769 998 840 quod
1041 769 1346 838 delegatum
1386 768 1637 822 Cornuto
1677 769 1839 822 audio
1879 767 2126 824 officium
2152 808 2169 833 ,
2210 774 2319 828 mei

190 845 499 900 admoneor.
573 844 752 911 Cupio
803 856 857 896 te
909 857 1131 912 quoque
1181 840 1272 894 sub
1322 840 1466 894 idern
1519 853 1728 909 tempus
1769 841 2058 912 Campania
2097 855 2186 897 tua
2226 861 2311 898 re-

187 919 359 971 mittat
387 954 402 979 ,
459 930 470 956 ⁵
514 932 581 970 ne
622 916 765 988 quiS,
805 932 930 971 cum
970 915 1025 970 in
1066 912 1253 969 urbem
1290 913 1544 976 r-edier0,
1580 912 1938 968 contubernio
1976 914 2156 971 nostro
2196 916 2311 973 dies

182 1003 376 1060 pereat.
417 987 565 1044 Vale.
1785 997 1789 1001 “

235 1131 415 1190 XVI.
488 1133 1063 1189 C.P1.1N1us
1138 1117 1854 1191 Masscssnmno
1929 1131 2105 1188 Suo
2181 1131 2234 1190 S.

173 1278 231 1334 E
251 1279 477 1344 duabus,
517 1298 646 1351 quas
667 1278 891 1337 habebat
917 1279 1206 1334 Fundanus
1215 1278 1372 1349 filias
1398 1319 1412 1342 ,
1447 1280 1618 1334 minor
1649 1279 1850 1334 obierat
1875 1296 1886 1333 :
1938 1281 2122 1349 puella
2147 1279 2310 1350 fitpra

242 1362 469 1406 aetatem
494 1355 631 1405 omni
660 1355 872 1405 virtute
884 1356 1155 1424 praedita.
1232 1352 1415 1430 Qtare
1439 1365 1609 1406 monet
1641 1355 1860 1405 amicum
1897 1352 2307 1414 Nlarcellinum,

240 1439 303 1479 ut
322 1464 336 1488 ,
363 1425 418 1494 fi
436 1443 564 1495 quas
587 1425 660 1477 ad
683 1423 991 1478 Fundanum
1015 1427 1207 1479 literas
1243 1425 1611 1490 consolatorias
1624 1425 1818 1496 scribit
1842 1462 1858 1486 ‚
1886 1426 2069 1494 potius
2093 1426 2306 1497 mitiget

241 1516 382 1560 eum,
418 1514 572 1567 quam
597 1497 841 1567 castiget,
880 1512 991 1548 cum
1016 1499 1357 1569 impatienter
1385 1515 1574 1550 novum
1598 1498 1797 1549 vulnus
1810 1498 1987 1567 ferat.

319 1640 639 1695 Ristissimus
672 1637 803 1692 haec
839 1638 933 1692 tibi
966 1639 1138 1694 scribo
1165 1679 1180 1703 ,
1218 1639 1464 1694 Fundani
1499 1640 1661 1695 nostri
1702 1658 1719 1681 ⁶
1745 1641 1846 1695 filia
1869 1643 2078 1696 minore
2104 1642 2301 1702 defun-

321 1716 425 1768 c'ta:
467 1731 570 1786 qua
599 1712 766 1783 puella
794 1712 922 1766 nihil
947 1729 1184 1785 unquam
1214 1713 1478 1777 festiviu3‚
1511 1712 1812 1778 amabiliuS,
1851 1731 1952 1768 nec
1978 1716 2147 1771 modo
2178 1719 2296 1799 lon-

2139 1805 2294 1860 giore

168 1934 303 1983 Paneg.
350 1945 424 1984 cap.
471 1931 612 1972 XLIV.
659 1931 781 1972 XLV.
817 1933 856 1972 δε
892 1931 972 1971 XC.
1008 1939 1190 1972 extremo.

175 1985 384 2022 Bucam.

228 2049 240 2073 ι
274 2037 484 2073 Praevertor
502 2035 552 2071 ad
568 2034 648 2084 ιιι]
676 2034 777 2072 Voff.
799 2035 926 2073 Oxon.
951 2036 989 2073 &
1012 2034 1080 2072 Ed.
1102 2037 1188 2073 Vet.

1309 1945 1328 1986 3
1362 1932 1582 1986 Initiatus.]
1622 1934 1818 1976 institutus.
1853 1934 1989 1972 Pariter
2020 1943 2083 1981 per
2112 1935 2289 1976 transsati-

1257 1996 1374 2026 onem
1408 1986 1536 2025 Fabius
1570 1987 1693 2033 dixit,
1733 1987 1870 2035 Neque.
1902 1986 2001 2022 enim
2030 1983 2184 2023 sanetius
2216 1986 2288 2026 effe

1256 2036 1359 2076 sacris
1382 2038 1512 2076 iisdem
1538 2067 1549 2082 ‚
1587 2050 1699 2088 quarn
1722 2037 1842 2075 studiis
1860 2036 2010 2073 initiari.
2038 2035 2140 2083 quod
2164 2036 2212 2074 est
2234 2039 2292 2075 in-

174 2089 435 2130 Praevertam;
465 2086 574 2123 Arnz.
600 2092 788 2123 Revertam
812 2101 822 2128 ;
852 2086 1008 2124 Helmst.
1030 2097 1050 2123 a
1075 2097 1190 2125 manu
1219 2107 1223 2160 1
1257 2088 1403 2127 troduci
1423 2091 1462 2127 in
1482 2090 1643 2139 aliquam
1667 2101 1757 2126 rem.
1779 2088 1925 2136 proprie
1955 2094 2081 2123 tamen
2114 2085 2159 2124 de
2191 2087 2294 2126 sacris

174 2135 326 2173 secunda
362 2143 525 2174 Revertor
548 2164 558 2180 ,
596 2137 696 2185 quod
728 2136 877 2174 defendi
910 2144 1077 2185 poteiat',
1106 2141 1190 2188 quia
1259 2138 1400 2177 dicitur.
1455 2140 1577 2177 Varro
1611 2141 1783 2189 praecipit
1816 2138 1958 2175 initiari
1982 2148 2114 2185 pueros
2139 2137 2294 2178 Eduliae

177 2185 298 2224 Latini
323 2194 489 2225 Revertor
510 2185 769 2235 Compositum
786 2216 795 2232 ,
824 2198 890 2235 pro
916 2188 1075 2236 Simplici
1091 2189 1188 2226 haud
1260 2190 1298 2227 δε
1318 2192 1507 2230 Potulicac
1530 2192 1568 2229 ὃς
1594 2192 1720 2228 Cubae
1745 2218 1756 2234 ‚
1793 2189 1945 2227 Deabus
1968 2186 2097 2224 edendi
2123 2213 2134 2229 ,
2162 2189 2201 2224 δε
2224 2201 2293 2236 po·

175 2246 257 2273 raro
278 2246 447 2285 ponunt,
472 2247 513 2274 ut
550 2241 655 2274 Redeo
680 2267 689 2282 ‚
719 2249 786 2286 pro
810 2238 907 2275 Venio
931 2240 968 2276 &
993 2240 1058 2277 alia
1083 2240 1189 2278 huius
1258 2241 1384 2286 tandi,
1415 2243 1452 2280 ὃ(
1490 2241 1656 2279 cubandi.
1709 2242 1896 2278 Praeterea
1929 2238 2084 2283 legimus
2118 2237 2156 2272 in
2177 2239 2290 2277 insula

174 2290 323 2335 generis.
351 2289 447 2326 Vide
467 2287 512 2325 ad
534 2287 646 2335 Crispi
668 2288 743 2335 lug.
765 2300 840 2337 cap.
875 2288 944 2325 IV.
978 2297 1067 2327 extr.
1121 2291 1192 2329 Sed
1261 2291 1542 2329 Samothracum
1592 2299 1693 2328 certo
1742 2299 1912 2337 tempore
1959 2296 2090 2333 pucros
2135 2286 2288 2327 initiari.

174 2349 259 2375 cum
283 2340 318 2375 in
339 2340 549 2377 Veterrimo
572 2337 613 2375 sit
636 2344 846 2375 Praevertor
870 2367 880 2382 ,
903 2338 976 2376 hoc
1000 2338 1192 2378 destituen-
1259 2341 1472 2389 Quomodo
1504 2350 1630 2378 autem
1663 2341 1742 2388 quis
1765 2341 1862 2377 {lieris
1886 2338 2083 2374 initiaretur
2099 2362 2110 2379 ,
2142 2337 2286 2386 Apule-

174 2387 262 2426 duin
299 2401 372 2426 non
405 2389 463 2427 est.
495 2398 597 2426 notat
629 2400 749 2426 autem
781 2390 893 2438 potius
923 2403 977 2426 me
999 2402 1110 2427 verto.
1138 2392 1195 2428 Sic
1254 2391 1312 2438 jus
1335 2391 1400 2428 XI.
1423 2392 1580 2440 pluribus
1604 2390 1837 2438 persequitur.
1869 2387 2013 2424 IDEM.

173 2441 293 2475 maior
318 2441 448 2477 Plinius
484 2440 563 2477 Lib.
598 2439 776 2476 xxvlll.
818 2451 895 2487 cap.
927 2439 1034 2477 VIII.
1093 2447 1193 2477 Nunc
1307 2455 1330 2488 4
1357 2440 1624 2489 Commeatu5.]
1666 2441 1821 2477 Veni-ac.
1859 2437 1958 2476 Vide
1996 2436 2041 2475 ad
2091 2436 2172 2475 Lib.
2212 2439 2281 2479 ΙΙΙ.

171 2500 444 2538 praevertmiur
476 2491 524 2525 ad
561 2489 713 2535 nostrum
747 2490 861 2526 orbem
885 2518 894 2533 ‚
922 2498 962 2526 ut
984 2491 1194 2530 emendavit
1225 2503 1227 2510 ’
1260 2490 1372 2540 Epssst.
1403 2492 1470 2528 IV.
1499 2504 1532 2528 n.
1562 2503 1594 2527 2.

174 2539 388 2578 Gronovius
412 2570 420 2584 ,
466 2553 576 2589 quem
614 2541 706 2579 vide.
755 2541 929 2588 Apuleius
971 2541 1132 2589 Apolog.
1160 2555 1193 2591 p.
1223 2514 1227 2599 ξ
1311 2556 1326 2590 ς
1359 2550 1414 2580 Ne
1436 2544 1538 2591 quis,
1567 2554 1643 2578 cum
1664 2541 1685 2577 ι’.
1710 2553 1743 2577 u.
1766 2538 1824 2586 r.]
1854 2538 2048 2577 Mediceus
2074 2552 2082 2575 ε
2124 2554 2165 2578 ne
2188 2544 2287 2591 quis-

174 2602 255 2642 357.
283 2591 347 2629 Ed.
383 2591 489 2628 Colv.
538 2599 639 2637 Nunc
660 2599 794 2640 tempus
816 2591 860 2638 est
881 2592 931 2628 ad
951 2590 1101 2639 epistolas
1124 2600 1194 2630 Pu-
1224 2605 1226 2625 τ
1257 2604 1368 2640 quam
1385 2622 1394 2637 ‚
1423 2606 1499 2629 cum
1520 2593 1555 2629 in
1579 2591 1699 2628 urbem
1723 2591 1866 2628 rediero.
1891 2590 2008 2638 Supra
2043 2589 2146 2628 Vofl'.
2175 2600 2287 2630 Cam-

173 2642 336 2681 Aemiliae
358 2644 546 2692 praeverti.
1223 2634 1225 2672 ἶ
1250 2644 1358 2690 pam'a
1395 2642 1507 2689 nostra
1533 2671 1542 2687 ‚
1581 2642 1682 2691 quod
1716 2643 1887 2690 Gryphio
1920 2641 1952 2679 se
1985 2641 2150 2689 probavit
2181 2670 2191 2686 ,
2219 2646 2285 2692 qui

221 2704 242 2730 2
273 2695 411 2731 Invitus
434 2706 475 2731 cy
497 2692 664 2742 cufim]
695 2692 821 2731 Sensus
844 2692 915 2734 est,
943 2691 1091 2730 coactus
1113 2701 1193 2731 tan·
1222 2674 1225 2719 ¹
1254 2695 1364 2731 etiam
1400 2706 1444 2731 cx
1479 2693 1614 2732 eodem
1649 2693 1745 2730 Cod.
1768 2693 1867 2741 supra
1893 2693 2045 2739 margini
2079 2691 2285 2742 adscripsit:

175 2754 283 2794 quam
313 2746 351 2783 ὅ(
383 2754 537 2793 propere
558 2745 720 2791 legebam
747 2746 903 2781 rationes
930 2743 1107 2789 (calculos
1127 2757 1190 2782 ex-
1222 2733 1224 2758 ⁵
1252 2743 1393 2781 invitas
1415 2754 1457 2782 <7
1477 2746 1591 2781 iratus
1616 2773 1621 2779 .
1673 2743 1778 2779 malis
1802 2743 1893 2780 enim
1918 2741 2052 2779 chartis
2070 2744 2152 2789 sum
2177 2745 2281 2781 velut

167 2794 357 2843 'pensarum
383 2798 420 2834 &
443 2794 623 2832 redituum
638 2798 649 2831 ‘i
675 2806 794 2831 rerum
820 2794 1026 2832 rusticarum
1052 2807 1060 2831 :
1104 2807 1189 2834 nain
1222 2800 1223 2831 l
1252 2792 1322 2830 litt.
1346 2795 1534 2838 initiatus,
1561 2795 1607 2831 ita
1628 2793 1731 2830 Voss.
1764 2794 1811 2832 At
1838 2792 1988 2830 Helmst.
2014 2794 2125 2830 Arnz.
2150 2795 2189 2831 &
2212 2795 2284 2833 Ed.

178 2855 260 2882 cum
281 2844 346 2882 fint
373 2849 493 2894 inepte
512 2845 658 2893 scriptae
684 2874 693 2889 ,
722 2849 759 2883 (ἑκ
782 2847 847 2889 (ut
870 2847 916 2883 ita
940 2844 1084 2889 dicam>
1110 2857 1190 2883 ver-
1221 2835 1226 2871 l
1255 2844 1340 2882 Vct.
1371 2846 1511 2882 invitus
1535 2855 1577 2884 ω·
1611 2843 1725 2891 caxffis
1762 2843 1866 2881 malis
1899 2845 1993 2879 enim
2027 2843 2162 2880 chartis
2199 2846 2284 2892 sum

176 2895 306 2932 nac-ulis
321 2897 428 2935 literis
449 2896 666 2940 confectae,
689 2907 746 2933 eas
767 2895 959 2933 fastidibat
981 2896 1190 2940 Secundus,
1223 2915 1226 2921 ι
1252 2894 1322 2930 litt.
1355 2896 1530 2932 initiatus.
1560 2902 1742 2942 corrupte.
1775 2895 1970 2932 adsentitur
1996 2903 2121 2932 tamen
2146 2895 2280 2935 Oxon.

180 2943 239 2991 qui
271 2945 537 2993 elegantioibus
572 2956 761 2984 oratorum
797 2948 903 2984 'iitcris
926 2945 1079 2983 assuctus
1104 2957 1188 2984 erar.
1256 2943 1317 2982 nisi
1342 2947 1441 2994 quod
1466 2948 1492 2983 is
1515 2959 1556 2983 ex
1577 2945 1702 2993 taacffis.

178 2997 275 3028 Nam
290 3020 300 3034 ‚
324 2997 460 3045 inquit,
485 2997 663 3044 institutus
684 2998 761 3044 [um
777 2997 917 3048 floridis
935 2997 1072 3046 scriptis
1087 3026 1096 3041 ,
1120 3010 1189 3034 non
1301 2997 1324 3031 6
1355 2997 1444 3034 Filia
1468 2997 1583 3034 minor
1606 2996 1654 3033 est
1677 2995 1854 3044 defunffa.
1875 2994 1891 3044 ]
1921 2994 2024 3033 Voss.
2058 2995 2212 3033 Helmst.
2241 2998 2281 3035 &

168 3040 308 3098 pessimis
328 3056 369 3082 0-
390 3047 547 3086 laniariis
572 3077 581 3091 ‚
609 3050 737 3097 quibus
759 3058 910 3086 utuntur
933 3048 1189 3095 calculatores,
1252 3048 1339 3084 Vct.
1370 3048 1414 3094 est
1448 3050 1623 3086 omittunt
1648 3075 1658 3090 ‚
1706 3049 1742 3085 in
1775 3049 1843 3086 hac
1875 3055 2057 3096 praetcrea
2089 3056 2279 3094 comparet

173 3091 211 3128 ὅ(
232 3102 292 3141 qui
313 3096 463 3136 rationes
481 3098 690 3139 conficiunt.
719 3101 875 3139 Cei-im.
1221 3133 1227 3177 ἱ
1254 3099 1454 3145 defundata
1468 3127 1480 3146 ,
1507 3110 1574 3150 pro
1596 3097 1778 3187 cssftgnega.
1818 3099 1889 3139 Scd
1910 3099 2161 3185 Vetcrtimug,
2189 3097 2278 3133 item

2152 3157 2277 3184 rntcn.
