2616 3686
407 204 1986 265 tL·1.13ERx.QEP15TOLACVLCVII.
2198 223 2294 289 831·

177 292 283 351 des.
354 287 568 348 Vereor
592 284 768 347 enim,
805 299 877 338 ne
901 281 963 335 fit
990 281 1380 346 immodicum,
1419 298 1521 353 pro
1545 283 1797 339 omnibus
1822 289 2020 358 pariter
2040 290 2295 348 invocare

172 364 557 437 indulgentiam
583 373 767 421 tuam,
809 374 916 430 qua
939 355 1119 411 debeo
1155 367 1310 410 tanto
1345 354 1640 412 modestius
1671 359 1780 420 uti,
1822 374 2028 430 quanto
2049 369 2064 392 ¹
2090 365 2295 434 plenio-

174 458 287 498 rem
317 437 585 509 experior.
620 431 744 487 sunt
782 445 966 487 autem
1001 447 1103 502 pro
1135 429 1330 503 quibus
1360 442 1522 502 peto,
1562 437 1582 500 ξ
1612 431 1679 488 C.
1729 430 1974 489 Valerius
1996 435 2292 511 Aetnaeus,

170 515 238 572 G.
271 509 517 572 Valerius
543 503 859 580 Dionyfius,
884 506 967 562 C.
1009 503 1254 563 Valerius
1279 506 1447 579 Aper.

615 654 765 712 CVI.
839 653 1390 724 TRAJANus
1467 656 1868 713 PL1N10.

353 809 616 882 Trajanus
641 804 899 864 concedit
926 818 1116 879 rogata
1136 842 1153 870 ,
1196 804 1252 860 δε
1282 821 1386 878 pro
1411 806 1627 878 reliquis
1652 805 1800 861 idem
1826 809 2119 880 promittit.

310 962 361 1016 U
368 960 442 1014 M
473 957 787 1032 honestiffime
810 957 902 1017 iis,
944 959 1033 1029 qui
1054 953 1189 1029 apud
1213 951 1360 1025 fidem
1390 965 1532 1009 tuam
1553 952 1581 1006 a>
1608 953 1811 1010 Valerio
1849 955 2068 1013 Paulino
2101 953 2298 1033 depofiti

303 1034 462 1108 sunt,
508 1034 784 1108 consultum
821 1030 978 1094 velis,
1017 1035 1034 1064 ³
1076 1041 1287 1083 matura
1313 1044 1404 1104 per
1434 1047 1536 1093 me3
1578 1031 1639 1082 iis
1676 1032 1909 1095 interim,
1950 1034 2128 1105 quibus
2164 1051 2295 1088 nunc

161 1113 354 1185 petisti,
396 1109 774 1184 dediffelmejus
795 1105 1089 1182 ⁴Quiritium
1104 1143 1121 1169 ,
1161 1102 1348 1178 referri
1371 1108 1424 1159 in
1442 1105 1820 1161 commentarios
1844 1124 1971 1162 meos
1979 1106 2111 1183 juffi
2124 1131 2142 1163 .·
2163 1109 2295 1165 idem

155 1184 409 1258 faeturm
429 1189 482 1241 in
506 1196 736 1247 caeteris,
769 1199 864 1256 pro
888 1178 1068 1256 quibus
1085 1183 1301 1253 petieris.

590 1331 760 1391 CVII.
835 1331 1278 1387 PL1N1us
1355 1327 1864 1419 TR‘AJANO.

560 1482 857 1538 Civitatem
881 1478 1189 1536 Romanam
1217 1478 1352 1551 petit
1379 1477 1520 1534 filiae
1545 1481 1892 1537 centurionis,

329 1625 510 1682 Mittit
541 1620 762 1679 libellum
799 1621 1386 1752 Aqttilateclcentitrionis,
1427 1638 1523 1694 quo
1544 1619 1758 1696 rogabat
1768 1617 1943 1691 filiam
1954 1619 2110 1693 suam

1046 1713 1190 1752 onari
1217 1706 1448 1752 civitate.

170 1852 524 1996 Rogatus
563 1919 805 1977 Domine
843 1939 872 1976 a
909 1919 973 1976 P.
1015 1918 1192 1974 Accio
1232 1921 1464 1995 Aquila,
1501 1921 1821 1977 centurione
1860 1916 2147 1993 {cohortis
2174 1919 2290 1977 sex-'-

662 2038 668 2044 .
2202 2010 2291 2052 tae

169 2121 262 2177 tium
281 2121 410 2161 libertis
428 2126 607 2165 Antoniae
630 2125 861 2165 Maximillae.
885 2126 1047 2175 itemque
1069 2122 1194 2163 Schul-

169 2177 256 2220 ung.
280 2174 538 2222 jurisprudent.
564 2178 864 2225 Ante-justinian.
888 2189 926 2226 p.
955 2187 1041 2225 574.

227 2234 258 2260 1.
272 2223 487 2279 ‚pleniorem
509 2228 817 2276 experior.JPrima
838 2226 950 2265 editio
963 2226 1114 2276 pleniore
1130 2238 1192 2266 me

163 2281 328 2331 experior.
353 2275 519 2323 Quilibet
537 2279 645 2314 etiarn
671 2288 734 2314 me
753 2288 831 2314 non
858 2284 1037 2315 monente
1071 2277 1191 2321 videt,

167 2322 310 2380 1dqv1t11
341 2337 385 2362 ex
417 2327 630 2373 repetitione
665 2327 801 2375 primae
816 2327 953 2365 litterae
971 2330 1027 2363 τοῦ
1047 2329 1193 2376 experior

166 2378 345 2423 originem
367 2374 527 2421 traxisse,
554 2377 659 2426 quale
680 2378 756 2425 plus
777 2387 887 2426 quam
913 2376 1024 2414 semel
1047 2377 1085 2413 in
1104 2388 1192 2425 ope·

1261 2125 1452 2174 consultum
1471 2122 1735 2165 adsumendum
1747 2150 1758 2168 ,
1786 2122 1885 2173 cujus
1907 2120 1959 2159 rei
1975 2121 2140 2171 exempla
2159 2121 2196 2160 in
2209 2122 2294 2160 No-'

1261 2178 1331 2214 stro
1352 2177 1449 2216 haud
1466 2179 1545 2216 sunt
1565 2188 1651 2215 rara.
1703 2175 1764 2213 Est
1781 2182 1906 2213 autem
1927 2183 2071 2210 matura
2089 2173 2130 2211 iis
2149 2173 2295 2222 consule-

1263 2241 1299 2266 re
1319 2228 1419 2266 idem
1432 2239 1472 2265 ac
1484 2239 1619 2266 mature
1639 2227 1679 2265 iis
1699 2223 2292 2274 consulas.Sallust.Cat.XXXVI.

1264 2289 1300 2315 n.
1329 2289 1363 2326 3.
1391 2280 1574 2317 Antonius
1602 2291 1678 2316 cum
1717 2278 1866 2316 exercitu
1904 2273 2101 2311 Catilinam
2128 2272 2292 2321 persequi

1265 2336 1433 2366 maturet.
1459 2330 1521 2367 ubi
1540 2329 1654 2366 Corte
1673 2326 1862 2367 videndus.
1896 2330 1941 2360 Ut
1949 2323 2038 2371 scias
2055 2334 2205 2372 quoque
2227 2330 2295 2361 ‹ie-

1265 2379 1418 2416 levimus
1434 2379 1560 2417 iisdem
1580 2378 1697 2422 libris,
1724 2377 1750 2414 si
1769 2377 1914 2423 Juntam
1933 2375 2109 2423 excipias,
2136 2374 2294 2412 volenti-

170 2433 211 2461 re
243 2425 364 2462 nossro
394 2427 530 2475 obtigit.
582 2428 641 2465 De
674 2428 737 2465 usu
768 2427 868 2465 vocis
885 2427 1005 2477 plenus
1030 2429 1194 2466 nonnihil

168 2473 323 2514 diximus
343 2477 386 2514 ad
407 2478 514 2525 Epist.
541 2478 661 2515 XCV.
685 2489 766 2526 n.3.
793 2477 1193 2527 Scio‚Domine,quan-

170 2536 247 2564 tum
276 2527 471 2575 beneficium
497 2537 613 2577 petam
635 2556 646 2573 ,
676 2528 766 2578 quod
790 2536 862 2577 peto
902 2540 925 2564 a
955 2541 1008 2571 te,
1035 2530 1131 2576 cujus
1155 2529 1192 2567 in

170 2576 324 2635 omnibiu
356 2578 524 2630 desideriis
554 2579 635 2617 meis
667 2578 903 2626 plenissimam
932 2577 1190 2626 indulgentiam

171 2636 347 2674 experior.
1027 2644 1030 2648 ⁴

215 2687 248 2714 2.
278 2685 320 2718 C.
348 2680 502 2718 Valerius
524 2680 747 2729 Aessiaeus.]
772 2679 1005 2718 casaubonus
1022 2679 1164 2718 Aestius
1180 2708 1190 2725 ,

172 2723 273 2763 Voff.
301 2729 458 2776 Aestreus
481 2760 491 2775 ‚
517 2730 619 2779 quod
645 2733 753 2769 etiam
781 2731 820 2768 in
856 2731 1015 2778 principe
1056 2729 1124 2768 Ed.
1153 2731 1191 2767 &

173 2771 298 2818 Juntae
321 2788 430 2829 atque
462 2782 633 2819 Catanaei
664 2783 772 2830 priori
793 2781 926 2818 haeret.
970 2778 1113 2817 Eadem
1131 2780 1190 2818 illa

173 2831 246 2922 Ἐξ.
271 2826 336 2866 Ed.
361 2842 442 2870 cum
475 2830 581 2870 Voff.
613 2833 650 2869 in
676 2832 749 2870 fine
776 2831 943 2880 epistolae
972 2833 1076 2867 Axer
1112 2841 1191 2868 non

238 2888 283 2911 er.

230 2931 470 2985 {Matura}
509 2933 566 2971 Sic
598 2930 701 2970 Voss.
737 2933 774 2970 ὅ(
814 2931 906 2970 Fdd.
940 2931 1190 2970 vetustiffimae

178 2983 327 3020 omnes,
355 2981 524 3035 {nimique
543 2984 773 3022 casaubonus
794 2984 832 3020 δε
853 2983 978 3020 Minos
1002 2984 1038 3020 in
1062 2983 1193 3030 margi·

177 3033 224 3060 ne
238 3051 249 3068 ‚
271 3034 377 3083 atque
394 3029 429 3066 1d
448 3034 558 3072 rursus
577 3034 746 3072 Secundo
763 3033 990 3071 restituimus.
1019 3039 1170 3071 Matura
1183 3058 1194 3076 ,

177 3082 313 3123 nempe
345 3089 384 3116 11⁵
408 3082 593 3132 consulere,
626 3096 703 3136 quo
732 3084 850 3125 modo
883 3096 928 3124 ex
957 3083 1195 3125 antecedente

1266 2429 1330 2466 bus
1346 2456 1357 2473 ,
1384 2429 1446 2478 qui
1476 2429 1604 2467 eadem
1627 2430 1729 2476 supra
1760 2427 1866 2475 Epist.
1892 2425 2032 2464 XCVl.
2060 2423 2188 2472 pariter
2212 2435 2292 2462 non

1264 2478 1513 2527 agnoscebant.
1564 2479 1621 2517 Sic
1648 2486 1771 2516 autern
1798 2476 1985 2525 legebatur
2010 2475 2047 2512 in
2086 2475 2293 2512 recentiori-

1262 2529 1350 2567 bus:
1377 2529 1499 2579 quibus
1527 2541 1617 2567 nunc
1641 2527 1770 2580 petilii,
1799 2536 1839 2565 ut
1865 2527 1973 2572 scias,
2000 2524 2124 2575 dedisse
2141 2537 2194 2562 me
2220 2532 2291 2563 cet.

1267 2581 1298 2617 t.
1309 2593 1333 2616 o
1345 2593 1370 2618 N
1381 2591 1408 2617 6
1420 2592 1444 2617 o
1456 2594 1475 2617 L
1490 2594 1501 2618 1
1516 2594 1539 2617 u
1556 2593 1586 2619 S.

1314 2643 1349 2677 4.
1376 2630 1535 2669 Cohortis
1548 2631 1669 2680 sextae
1690 2626 1886 2680 equestris]
1913 2624 2130 2665 Notandum
2151 2623 2290 2664 cohortis

1263 2680 1503 2728 vocabulum,
1531 2681 1634 2731 quod
1661 2680 1742 2719 alias
1770 2679 1939 2728 pedestris
1966 2676 2112 2713 militiae
2143 2676 2215 2719 est,
2241 2675 2289 2714 ad

1263 2732 1465 2780 equestrem
1509 2731 1700 2769 transferri.
1750 2730 1994 2766 Ammianum
2032 2725 2202 2763 cohortem
2241 2725 2288 2765 d'e

1264 2783 1410 2830 equite;
1440 2793 1596 2820 turmam
1617 2781 1662 2818 de
1680 2779 1799 2829 pedite
1819 2777 1940 2816 dixisse
1956 2806 1966 2822 ‚
1991 2775 2150 2813 confusis
2180 2787 2292 2815 voca-

1263 2830 1350 2870 bulis
1372 2833 1543 2876 militiae,
1571 2829 1712 2879 Lipsius
1734 2831 1817 2867 Lib.
1847 2828 1894 2866 ΙΙ.
1923 2828 1968 2865 de
1987 2826 2116 2865 Militia
2147 2827 2292 2864 Roma-

1264 2892 1309 2919 na
1327 2881 1424 2920 Dial.
1449 2882 1516 2918 lV.
1544 2888 1631 2918 extr.
1658 2880 1831 2918 observat.
1855 2879 1913 2915 Ac
1938 2878 2176 2915 Ammianum
2210 2879 2291 2927 qui·

1264 2931 1348 2969 dem
1374 2929 1576 2969 confudiffe
1592 2958 1602 2975 ‚
1630 2941 1706 2967 non
1729 2929 1990 2967 contravenio:
2019 2926 2065 2965 de
2080 2926 2200 2965 ‘Plinio
2225 2939 2289 2967 au·

1264 2989 1337 3019 tem
1351 3010 1361 3026 ‚
1391 2984 1428 3020 &
1450 2982 1616 3029 Traiano
1635 2981 1729 3029 ipso,
1758 2983 1934 3027 (namque
1958 2980 1995 3016 &
2017 2977 2045 3015 is
2064 2979 2109 3015 ita
2130 2979 2288 3028 loquitur

1263 3032 1424 3082 sequenti
1447 3031 1616 3081 Fpistola)
1636 3031 1720 3071 nihil
1738 3031 1844 3074 huius
1862 3027 2089 3067 statuendum
2114 3029 2174 3066 est.
2209 3031 2286 3075 Qui

1265 3092 1304 3123 ut
1325 3083 1493 3132 militiae,
1521 3083 1568 3125 fic
1590 3085 1629 3125 &
1644 3082 1912 3123 vocabulorum
1932 3080 2081 3121 militiae
2096 3080 2286 3134 lic-manae

1724 3134 1903 3174 Nnnnn
2192 3139 2284 3176 pen-¹
