2616 3686
584 181 931 233 LIBER
1000 164 1731 231 IX.'EPISTOLA
1800 186 2018 237 Xxvrr.
2222 195 2321 258 685

346 329 1856 390 XXV11.C.P1,1N1us¹LAT1-:RAN0
1936 338 2150 393 SuoS.

573 480 814 552 Historiis
839 481 1182 534 reverentiam
1213 478 1390 534 haberi
1412 480 1626 556 exemplo
1658 483 1918 556 monstrat.

189 641 209 667 ²
381 630 554 685 Uanta
585 629 815 702 potestas
844 667 860 692 ‚
918 641 1114 702 quanta
1149 629 1377 701 dignitas
1405 670 1421 695 ,
1474 647 1673 707 quanta
1696 634 1927 703 majestas
1955 679 1967 699 ‚
1991 656 1993 658 ¹
2014 642 2028 671 ³
2048 648 2308 710 quantum

383 707 616 777 denique
643 722 842 759 numen
870 703 929 757 sit
956 704 1203 758 historiae
1231 743 1245 768 ‚
1290 722 1416 760 cum
1442 707 1751 782 frequenter
1778 713 1898 767 alias
1924 752 1939 776 ‚
1981 726 2095 779 tum
2124 715 2305 783 proxi-

182 800 270 840 me
295 781 438 838 senii.
516 781 862 834 Recitaverat
887 780 1110 852 quidam
1131 779 1459 835 verissimum
1484 784 1679 839 librum
1706 824 1721 849 ,
1772 801 2091 859 partemque
2120 788 2229 858 ejus
2249 789 2302 842 in
2320 797 2347 831 2

182 860 339 912 aliurn
365 857 508 910 diem
534 854 886 910 reservaverat
912 873 922 908 :
975 861 994 889 ⁴
1029 872 1159 909 ecce
1190 856 1347 909 amici
1380 856 1660 928 cujusdam
1694 875 1906 916 orantes
1938 863 2305 917 obsecrantes·

176 949 312 1004 que,
351 949 420 985 ne
442 931 647 1001 reliqua
676 932 941 984 recitaret.
1020 929 1234 984 Tantus
1263 930 1518 987 audiendi
1542 952 1678 1007 quae
1705 936 1931 991 fecerint
1961 938 2164 1008 pudor,
2190 939 2304 1010 qui-

176 1006 272 1060 bus
297 1007 468 1060 nullus
497 1004 769 1067 faciendi,
822 1022 958 1076 quae
986 1004 1172 1058 audire
1201 1005 1540 1063 erubescunt.
1616 1009 1688 1064 Et
1716 1011 1805 1065 ille
1834 1013 2058 1083 quidem
2086 1012 2338 1083 praesti-3

171 1083 265 1143 tit,
309 1080 460 1154 quod
484 1079 793 1150 rogabatur:
838 1079 1207 1134 linebatfides.
1250 1079 1615 1149 libertatum,
1657 1097 1716 1139 ut
1742 1085 1938 1140 faRum
1966 1088 2298 1158 ipsum‚ma-

172 1171 286 1218 net,
336 1154 710 1226 manebitque,
750 1155 1070 1226 legeturque
1107 1155 1314 1226 semper
1342 1162 1362 1191 ·⁵
1395 1171 1545 1214 tanto
1576 1162 1741 1231 magis
1772 1199 1787 1222 ,
1826 1162 1949 1232 quia
1976 1181 2085 1216 non
2114 1161 2301 1217 statim.

166 1234 186 1303 ξ
213 1230 510 1285 Incitantur
539 1232 682 1284 enirn
706 1230 950 1285 homines
973 1236 991 1300 ἶ
1017 1230 1084 1284 ad
1110 1231 1480 1302 agnoscenda,
1524 1253 1663 1308 quae
1684 1234 2024 1292 differuntur.
2070 1237 2211 1291 Vale.

2031 1310 2303 1369 XXVHL

220 1446 252 1473 r.
282 1438 480 1471 LATER
497 1437 532 1470 A
549 1435 663 1482 NO.]
703 1432 863 1470 Sextilius
884 1437 1077 1471 Lateranus
1098 1460 1108 1476 ,
1147 1434 1192 1472 acl
1263 1434 1344 1473 Lib.
1367 1436 1395 1474 I.
1421 1447 1461 1474 vs
1494 1438 1554 1486 63.
1584 1437 1622 1475 δε
1643 1436 1687 1474 ad
1718 1436 1785 1474 Lib
1820 1436 1868 1473 V.
1895 1447 1946 1474 vs.
1970 1447 2052 1485 34—1·

165 1496 278 1534 quem
308 1497 406 1521 nunc
431 1485 545 1521 scribit
582 1483 766 1521 Secundus
787 1511 797 1526 ‚
836 1484 1061 1520 consulatum
1092 1485 1192 1530 geffit
1313 1500 1347 1527 4·
1374 1492 1455 1524 Ecce
1475 1489 1578 1526 amici
1598 1487 1817 1536 cujusdam]
1850 1488 2080 1525 Dormitabat
2092 1488 2210 1526 homo
2222 1489 2290 1528 do·

163 1547 249 1573 cum
288 1536 390 1573 Vero
418 1535 612 1571 Antonino
634 1562 644 1576 ‚
680 1532 806 1569 auetor
834 1534 1067 1580 Capitolinus,
1118 1535 1190 1573 Alii
1261 1536 1336 1574 &tus
1360 1565 1370 1579 ‚
1409 1539 1469 1587 qui
1499 1541 1559 1576 hic
1587 1538 1704 1576 deeffe
1735 1538 1867 1586 aliquid
1900 1539 2055 1586 putabat.
2083 1541 2289 1585 veniebam,

165 1594 288 1623 tamen
311 1598 386 1623 non
407 1591 578 1622 Laterano
600 1583 656 1622 sed
679 1590 825 1620 Paterno
839 1610 848 1626 ,
871 1582 916 1620 de
939 1585 1068 1631 quoin
1091 1594 1189 1631 prae·
1257 1589 1407 1625 aderant
1428 1590 1631 1637 intelligitur
1652 1617 1662 1634 ‚
1698 1597 1737 1626 ut
1757 1589 1856 1636 supra
1883 1589 1961 1626 Lib.
1982 1589 2048 1625 Vl.
2078 1590 2184 1638 Epist.
2209 1593 2290 1631 XX.

162 1637 368 1674 cedentibus
382 1664 392 1679 ‚
421 1636 580 1684 scriptam
604 1635 787 1683 epistolam
811 1633 972 1672 credunt.
997 1634 1134 1671 CATA
1151 1649 1189 1673 N.
1256 1647 1343 1675 extr
1371 1641 1478 1677 Nobis
1495 1651 1613 1677 tamen
1631 1653 1671 1676 ne
1692 1650 1774 1676 tunc
1794 1640 1929 1688 qffcidem
1940 1639 2291 1692 abmnd2cmfilium,

163 1688 274 1736 Apud
295 1699 361 1724 nos
382 1688 493 1724 Arnz.
517 1687 605 1723 item
629 1686 742 1723 Aldus
763 1686 800 1720 δί
827 1683 1011 1732 Gryphius
1037 1687 1187 1724 Paterno
1255 1690 1357 1725 donec
1381 1691 1421 1726 de
1439 1690 1613 1726 avunculo
1636 1690 1810 1733 nuncius,
1838 1701 1915 1737 quo
1938 1691 2035 1737 plura
2058 1694 2292 1732 contulimus,
2332 1703 2335 1705 ’

160 1737 360 1775 inscribunt.
391 1737 542 1775 Helmst.
572 1748 682 1782 vero,
709 1732 814 1773 Voss.
839 1734 878 1771 &
904 1734 972 1772 Ed.
1001 1735 1091 1780 νεῖ,-
1116 1742 1185 1773 La·
1256 1740 1417 1777 Valerius
1441 1739 1589 1777 Flaccus
1620 1740 1700 1778 Lib.
1721 1740 1767 1778 11.
1801 1750 1852 1777 vs.
1871 1750 1960 1786 477.

162 1796 291 1825 terano.
319 1789 415 1825 Prius
436 1788 557 1836 placet.

211 1851 247 1875 2.
271 1883 275 1887 Ι
317 1850 428 1875 nanta
448 1837 622 1889 poteslas]
663 1836 807 1875 Nescire
829 1837 926 1875 enim
953 1835 1039 1885 quid
1065 1844 1182 1884 antea,
1302 1845 1393 1876 Cum
1406 1839 1546 1888 subitus
1565 1843 1709 1889 fragor,
1738 1853 1781 1881 cy
1802 1841 1927 1880 fluctus
1948 1843 2053 1880 Idaea
2073 1854 2256 1882 moventes·

165 1899 275 1936 quam
299 1898 403 1925 natus
424 1888 464 1925 sis
479 1916 489 1931 ‚
503 1889 606 1926 tuerit
620 1888 816 1932 ,referente
838 1888 892 1924 M.
906 1887 1005 1925 Tull.
1024 1888 1071 1924 est
1091 1888 1182 1926 sern-
1301 1896 1394 1928 Cum
1413 1892 1561 1937 stabulis
1583 1898 1734 1929 nemora.

158 1950 222 1987 per
242 1950 392 1985 puerum
415 1937 496 1976 effe.
549 1940 635 1975 Hoc
661 1938 747 1976 illud
783 1937 834 1975 est
854 1939 1040 1986 praecipu-a
1060 1939 1095 1976 in
1118 1951 1180 1977 co-

155 1991 318 2036 gnitione
354 2000 470 2027 rerum
509 1989 642 2027 salubre
678 2000 724 2026 ac·
756 1988 967 2037 frugiferum
997 1994 1117 2028 omnis
1144 1998 1180 2028 te
1248 1991 1292 2029 ibi
1320 1993 1475 2041 imperiti
1508 1997 1697 2032 fecerant:
1735 2003 1776 2033 (9³
1789 1994 1919 2041 fluctus
1940 2005 2072 2033 venere
2094 2007 2280 2036 moventes.

156 2041 312 2088 exempli
343 2039 560 2078 documenta
587 2041 623 2077 in
647 2039 765 2077 illustri
790 2039 902 2088 posita
932 2048 1179 2079 monumento
1250 2043 1319 2080 Co
1336 2056 1435 2081 uriz.

154 2090 294 2128 intueri.
320 2091 414 2129 unde
435 2091 493 2128 tibi
527 2098 682 2139 tuaeque
712 2090 798 2138 reip.
830 2089 931 2139 quod
960 2092 1100 2129 imitere
1121 2104 1175 2130 ca·
1301 2106 1332 2141 ς.
1362 2100 1472 2132 Tanto
1488 2095 1634 2145 magis.]
1664 2096 1759 2142 Quia
1781 2094 1956 2144 suppressa
1977 2095 2023 2133 est
2047 2097 2177 2145 reliqua
2202 2109 2280 2145 pars

152 2142 248 2188 pias,
274 2141 369 2179 unde
389 2142 538 2179 foedum
563 2142 709 2189 inceptu
729 2141 765 2191 &
785 2142 883 2179 exitu
903 2140 1055 2178 foedum
1077 2143 1177 2181 vites.
1246 2155 1264 2180 a
1292 2146 1501 2184 recitatione
1522 2174 1531 2189 ‚
1572 2158 1657 2183 nam
1696 2147 1803 2183 vetita
1830 2147 1964 2184 avidius
1999 2149 2279 2195 conquiruntur,

154 2191 252 2228 Nam
276 2192 462 2243 pulchrum
486 2191 533 2229 est
551 2193 702 2229 aliorum
731 2191 848 2228 erratis
874 2192 911 2229 in
934 2193 1060 2230 melius
1082 2193 1177 2232 insti·
1245 2195 1277 2231 C
1291 2209 1311 2232 A
1326 2208 1349 2232 T
1366 2209 1384 2232 A
1400 2210 1435 2234 Ν.
1463 2197 1579 2234 Recte
1593 2198 1802 2234 Catanaeus.
1830 2199 1864 2233 V
1871 2198 1969 2235 itiose
1991 2197 2143 2235 Helmst.
2167 2202 2266 2237 Arnz

152 2248 254 2279 tuere
275 2243 383 2280 vitam
410 2242 563 2279 nostram
579 2269 588 2285 ,
609 2244 645 2279 ὅ(
669 2241 840 2289 nonquid
850 2242 1051 2289 aliiegerint
1063 2255 1175 2292 quae·
1244 2246 1282 2282 ὃ(
1304 2246 1370 2284 Ed.
1398 2248 1484 2285 Vet.
1518 2259 1618 2285 tanto
1647 2249 1755 2296 magis
1776 2275 1786 2290 ,
1826 2250 1863 2285 &
1889 2261 1955 2284 non
1967 2247 2101 2293 statim.
2131 2250 2276 2288 Melius·

151 2301 228 2330 rere
242 2320 251 2336 ,
272 2293 328 2330 sed
350 2292 449 2340 quod
471 2293 607 2340 optime
628 2291 749 2329 actum
773 2290 814 2327 fit
828 2292 950 2335 ,nobis
967 2304 1174 2342 proponere
1242 2295 1346 2333 Voff.
1373 2297 1472 2345 quod
1496 2311 1562 2333 non
1572 2297 1706 2342 statim.

149 2342 192 2379 ad
213 2344 448 2381 imitandum:
477 2343 654 2380 seniorum
678 2339 820 2378 consilia
842 2368 852 2385 ,
881 2353 973 2390 quos
990 2343 1097 2392 longa
1117 2356 1172 2383 ae·
1293 2347 1328 2384 6.
1356 2348 1556 2384 Incitantur
1584 2348 1674 2384 enim
1694 2346 1883 2397 hominm]
1924 2349 2074 2385 Tacitus
2095 2349 2228 2388 Histor.
2245 2350 2272 2390 I.

152 2400 202 2429 ras
229 2393 475 2442 prudentiores
506 2393 592 2430 fecit
613 2420 623 2437 ,
658 2391 843 2428 laudantur
869 2403 888 2428 a
903 2393 1114 2441 junioribus.
1139 2405 1175 2434 at
1242 2407 1317 2445 cap.
1336 2397 1458 2435 XVII.
1488 2399 1764 2442 circumsteterat
1797 2399 1938 2436 interim
1971 2402 2138 2446 secretum
2170 2405 2272 2447 pala-

152 2443 218 2480 hos
240 2445 414 2482 antecellit
432 2444 571 2482 historia
595 2471 605 2486 ,
640 2450 776 2491 quanto
804 2442 901 2490 plura
929 2444 1093 2493 exempl-a
1120 2456 1173 2483 re·
1241 2447 1331 2483 tium
1349 2448 1484 2496 publica
1508 2449 1713 2497 expectatio,
1742 2451 1859 2487 malni
1869 2450 1985 2496 sicreti
2003 2451 2200 2498 impatiens.
2223 2463 2265 2492 ω’

151 2504 230 2531 rum
250 2495 502 2543 compiefflmr
525 2494 733 2531 diuturnitas
752 2492 942 2540 temporis,
973 2505 1081 2541 quam
1103 2496 1170 2533 ho·
1239 2498 1329 2534 male
1346 2499 1521 2536 coercitam
1535 2501 1679 2544 famam
1693 2500 1933 2548 supprimentes
1949 2500 2129 2548 augebant.
2160 2502 2264 2541 Idem

152 2545 254 2582 minis
275 2555 368 2583 aetas
388 2573 398 2587 ‚
436 2547 473 2582 δε
496 2556 587 2593 quae
614 2545 713 2581 latius
739 2542 834 2591 apud
862 2543 1070 2581 Diodorum
1094 2573 1104 2588 ,
1133 2547 1169 2584 in
1238 2547 1328 2585 Hist.
1344 2550 1386 2587 ll.
1415 2549 1641 2593 cap.XCVl.
1670 2555 1825 2588 Coercere
1840 2551 2030 2600 sermones,
2050 2553 2266 2601 praecipuum

153 2597 508 2634 commendationem
530 2595 694 2632 historiae
711 2593 908 2631 traduntur.
935 2593 1122 2632 CATAN.
1237 2599 1443 2637 alimentum
1469 2604 1594 2646 famae
1619 2600 1712 2638 dicit.
1753 2601 1884 2639 Sumus
1907 2612 2028 2638 natura
2053 2602 2178 2639 curiosi
2198 2605 2267 2641 ho-

205 2655 238 2693 3.
262 2648 455 2700 Qantum
475 2647 616 2695 denique
636 2644 800 2693 nutrcem]
838 2644 960 2691 Major
986 2644 1144 2682 humana
1163 2674 1173 2691 ‚
1203 2666 1206 2688 ς
1239 2650 1353 2688 mines
1372 2678 1380 2692 ‚
1421 2653 1458 2687 ὃς
1477 2651 1720 2698 cognoscendi
1738 2652 1833 2689 avidi
1855 2680 1865 2695 ‚
1898 2653 2024 2689 secreta
2046 2654 2203 2691 maxime
2225 2656 2264 2692 ὃ(

158 2693 193 2729 &
221 2699 326 2742 qualis
358 2699 522 2734 Deorum
556 2696 708 2744 potestas
736 2695 784 2731 est
834 2694 942 2742 Supra
982 2695 1060 2732 Lib.
1086 2696 1174 2734 Vll.
1204 2708 1206 2722 i
1238 2709 1331 2746 quae
1356 2710 1596 2748 premuntur:
1634 2703 1772 2750 majora
1798 2703 1938 2750 semper
1967 2702 2038 2738 hoc
2071 2703 2145 2749 ipso
2176 2707 2263 2750 rati-¹,

155 2741 259 2789 Epist.
280 2747 436 2785 XXVII.
466 2750 531 2785 Per
551 2759 658 2796 quam
680 2744 786 2782 velim
803 2745 986 2794 scire,effe
1002 2744 1174 2791 phantas-
1204 2767 1206 2785 t
1238 2749 1338 2796 quod
1360 2752 1582 2788 occultantur
1605 2753 1642 2788 &
1660 2753 1784 2788 latent.
1810 2751 1836 2787 B
1852 2766 1871 2788 υ
1888 2764 1909 2786 c
1923 2763 1944 2787 Η
1959 2765 1979 2787 Ν
1996 2764 2012 2787 r:
2029 2765 2066 2788 R.

161 2803 285 2838 mata,
320 2809 360 2835 (φ
390 2797 507 2835 hahere
526 2796 692 2846 propriam
712 2796 866 2844 figuram
887 2807 1090 2846 numenque
1106 2798 1173 2834 ali-
1202 2788 1206 2854 ΙΙ
1291 2808 1325 2843 7.
1354 2801 1421 2836 Ad
1449 2801 1672 2849 agnoscenda
1692 2829 1702 2844 ,
1738 2814 1823 2849 quae
1854 2800 2101 2851 differuntur]
2130 2805 2258 2852 Lego:

162 2844 248 2889 quod
269 2871 278 2886 ‚
309 2855 411 2893 putes.
449 2849 473 2884 13
487 2862 506 2884 υ
521 2860 541 2885 c
557 2860 577 2883 Η
594 2861 617 2883 Ν
632 2859 652 2882 ε
667 2860 704 2884 R.
760 2847 809 2882 lta
843 2846 1007 2892 expreffit
1027 2849 1061 2882 τὸ
1082 2849 1172 2883 θεῖον
1202 2857 1204 2893 ξ
1237 2849 1286 2883 ad
1301 2861 1342 2886 ea
1366 2850 1543 2888 noscenda
1567 2879 1576 2893 ,
1615 2863 1700 2900 quae
1716 2851 1931 2898 differuntur.
1957 2852 1984 2889 B
2000 2867 2018 2888 A
2034 2865 2094 2890 afr
2108 2867 2142 2891 Η.
2179 2857 2261 2895 Ad.

162 2891 377 2931 Graecorum
393 2899 483 2939 ‚vim
507 2898 792 2947 potestatemque
813 2897 986 2934 occultam
1012 2898 1049 2935 ὅ(
1072 2909 1173 2945 pror-
1235 2899 1366 2936 sentior
1386 2901 1458 2936 fere
1476 2901 1630 2938 Barrhio.
1657 2901 1884 2939 Haefirarunt
1904 2904 1941 2940 δε
1962 2903 2015 2941 alii
2038 2918 2048 2947 ;
2087 2906 2148 2953 qui
2176 2919 2261 2955 pro-

157 2942 211 2979 sus
233 2942 433 2990 singularem
457 2949 604 2987 innuens
629 2976 638 2992 ,
664 2959 775 2995 quam
797 2948 959 2985 historiae
980 2949 1086 2985 etiam
1114 2949 1173 2985 tri·
1202 2962 1204 2989 j
1237 2957 1354 2997 pterea
1369 2949 1694 2996 exprefferunt·,ad
1711 2952 2159 3001 cognoscenda‚quoinodo
2173 2970 2262 2997 mox

158 2993 232 3029 buit
270 2994 390 3031 Sallust
434 2996 509 3045 Jug.
534 3011 609 3047 cap.
636 2998 702 3034 lV.
747 3010 782 3034 n.
803 2998 839 3035 6.
885 2997 979 3036 Vide
1005 3010 1098 3047 quae
1125 2999 1171 3037 de
1238 3000 1344 3046 Epist.
1368 3001 1547 3039 XXVlll.
1574 3013 1609 3038 n.
1632 3013 1663 3050 3.
1693 3002 1730 3038 ὅ(
1753 3003 1888 3051 paffim.
1930 3004 1998 3041 Sed
2029 3006 2064 3042 iu
2094 3010 2262 3048 omnibus

163 3043 297 3081 numine
330 3045 368 3082 in·
402 3044 495 3086 hune
530 3050 668 3088 tensum
707 3047 930 3103 differuimus
961 3049 1007 3089 ad
1034 3051 1172 3103 Lucan»
1197 3084 1205 3124 3
1237 3051 1343 3090 MSS.
1366 3052 1492 3092 nostris
1512 3053 1552 3092 δί
1571 3051 1747 3141 Εεένεῑ.
1778 3054 1826 3092 est
1845 3055 2061 3106 agrzqfcenda.
2198 3108 2267 3146 Sed

1643 3113 1729 3142 trr
1760 3114 1781 3153 3
2139 3120 2179 3148 1..
2266 3126 2270 3135 ·
