2616 3686
0 2149 5 2167 ¹

369 243 374 247 -
515 207 860 255 LIBER
926 204 1939 255 X.EPISTOLAXCV111.

161 283 310 341 rendi
333 280 596 354 nausiant,
618 275 675 346 st
695 278 984 349 afferentur
1023 281 1087 342 &
1121 284 1138 309 ¹
1172 287 1491 352 arguantur,
1535 280 1773 352 puniendi
1791 283 1936 353 furit.
1977 284 2051 337 ita
2079 295 2277 346 tamen,

217 496 250 524 r.
275 484 516 536 Arguantur.]
558 479 857 530 comprobentur
887 479 959 520 effe
988 481 1185 521 Christiani.

162 536 260 575 huric
277 535 400 573 locum
416 536 498 585 jure
518 535 571 583 Q.
598 532 789 580 Septimius
819 532 967 570 Florens
989 534 1184 582 reprehen-

162 585 238 632 dit,
266 587 305 624 &
333 586 503 624 emendat
519 584 636 633 capite
652 582 833 620 secundo:
862 582 994 620 Plinius
1014 585 1185 621 Secundus

160 649 241 674 cum
257 636 473 686 provinciam
494 643 618 684 regeret
631 660 641 678 ,
653 633 833 670 damnatis
849 634 1056 682 quibusdam
1079 634 1184 671 Chri-

156 687 304 737 ftiam‘s,
329 685 536 737 quibusdam
550 683 665 735 gradu
677 681 802 733 pulfis:
827 683 897 732 ipfh
927 683 1072 721 tandem
1091 684 1182 722 mul·

162 737 312 775 titudine
324 735 546 787 perturbatus
575 733 658 784 quid
687 733 729 769 de
760 743 886 770 caetero
906 743 1039 782 ageret,
1070 735 1188 784 consu-

164 786 231 824 luit
251 788 446 836 Trajanum
471 791 581 835 Imper
617 782 766 832 allegans
783 791 915 824 praeter
932 783 1187 828 obstinationem

165 848 234 874 non
245 836 486 885 sacrificandi,
514 833 603 872 nihil
630 834 663 878 se
692 833 794 871 atiud
827 834 868 870 de
881 834 1112 882 sacramentis
1135 849 1187 873 eo·

166 899 245 923 rum
264 885 470 935 compertffe,
497 897 603 935 quam
622 894 729 921 coetus
748 883 968 920 antelucanos
989 884 1039 921 ad
1063 897 1183 923 canen-

164 937 250 973 dum
274 935 429 980 Christo,
464 947 505 974 ut
525 940 621 978 Deo,
648 946 692 973 ω’
710 934 759 970 ad
787 935 1096 980 confhederandam
1120 935 1189 984 dis-

162 985 344 1035 ciplinam,
372 985 615 1028 homicidium,
642 983 878 1030 adulterium,
895 985 1089 1031 fraudem,
1111 994 1187 1034 per-

155 1036 284 1087 fidiam
303 1045 346 1075 <9¹
371 1045 502 1073 caetera
513 1033 640 1085 scelera
654 1032 879 1084 prohibentes.
905 1044 991 1072 tunc
1012 1035 1188 1084 Trajanus

162 1084 326 1135 rescripfit
339 1113 350 1130 ,
384 1085 457 1123 hoc
490 1096 603 1133 genus
627 1085 885 1133 inquirendum
922 1084 1070 1134 quidem
1109 1097 1186 1123 non

161 1135 258 1181 effe,
283 1135 444 1173 oblatum
466 1147 555 1173 vero
576 1136 691 1183 puniri
712 1143 892 1182 oportere.
931 1141 960 1171 O
973 1135 1186 1184 sententiam
1223 1140 1229 1194 ζ

162 1184 345 1233 neceffirate
366 1186 570 1235 confusam!
598 1195 698 1234 negat
717 1185 935 1234 inquirendos
967 1196 1008 1223 ut
1028 1188 1186 1224 innocen-

161 1247 232 1279 tes,
259 1236 412 1273 mandat
431 1235 548 1285 puniri
577 1245 617 1271 ut
645 1247 808 1272 nocentes.
829 1236 960 1284 parcit,
989 1246 1031 1274 ω’
1044 1236 1187 1284 saevit.-

160 1285 370 1334 diffimulat,
398 1296 441 1324 ω’
458 1285 732 1323 animadvertit.
769 1285 856 1335 quid
877 1285 1089 1334 temetipsum
1116 1299 1190 1324 cen·

154 1339 244 1386 sura
260 1336 486 1374 circumvenis
499 1345 515 1374 ἓ
534 1335 566 1386 fi
586 1335 758 1377 damnas,
785 1348 845 1372 cur
867 1347 933 1372 non
954 1345 994 1374 (9⁶
1020 1336 1188 1386 inquiris?

153 1386 190 1436 fi
208 1387 276 1424 non
295 1386 462 1436 inquiris,
490 1398 550 1422 cur
570 1397 636 1422 non
658 1397 700 1425 co·
720 1385 901 1433 absolvis?
921 1396 963 1424 ω·
981 1398 1066 1435 quae
1081 1387 1190 1425 latius
1224 1422 1226 1434 A

160 1438 211 1475 ibi
229 1437 508 1485 consequuntur.
533 1435 739 1483 prudentius
766 1437 888 1484 itaque
919 1437 1086 1484 rescripsit
1119 1439 1193 1476 Mi-

162 1487 269 1526 nutio
298 1486 475 1525 Fundano
503 1486 705 1530 Adrianus,
732 1486 757 1523 fi
779 1485 890 1523 Paulo
923 1486 1060 1524 Orosio
1079 1487 1192 1525 credi-

164 1542 318 1580 mus,ut
336 1537 474 1574 nemini
495 1537 614 1574 liceret
626 1536 846 1574 Christianos
867 1535 941 1572 fine
962 1536 1106 1584 objectu
1128 1539 1193 1576 cri—

167 1589 279 1625 minis
296 1597 338 1623 ac
356 1586 568 1635 probatione
585 1585 775 1624 damnare:
789 1586 955 1634 quamvis
974 1585 1080 1624 Suida
1097 1588 1193 1626 refe-

168 1646 270 1675 rente
292 1636 410 1684 (quod
438 1646 563 1674 tamen
585 1638 716 1684 opinor
732 1635 868 1674 factum
888 1635 966 1684 post
985 1636 1056 1674 hoc
1075 1637 1191 1676 rescri·

163 1688 288 1736 ptum)
300 1687 477 1737 Trajanus
495 1689 661 1729 vetuerit,
673 1686 888 1724 Christianos
905 1685 1075 1734 supplicio
1093 1688 1196 1727 affici.

165 1736 589 1786 Hic,inquit,christianis
601 1737 874 1786 quietempoenae
885 1736 1066 1785 quandam
1079 1738 1194 1776 reddi-

167 1788 222 1825 dit
235 1815 245 1831 ‚
257 1800 341 1838 quas
360 1787 580 1836 magistratus
602 1786 983 1835 diversasinfierebant:
995 1788 1087 1823 unde
1097 1789 1193 1825 Tibe·

169 1838 288 1875 rianus
307 1838 436 1880 primae
448 1837 716 1882 Palaestinorum
733 1837 846 1884 gentis
859 1837 1046 1885 praesilius
1066 1851 1192 1875 renun-

168 1888 279 1924 ciavit
289 1887 327 1930 ei,
338 1886 425 1924 nihil
431 1886 581 1936 proficere
602 1889 638 1925 in
647 1887 833 1924 occidendis
850 1887 920 1924 illis
931 1886 1046 1934 sponte
1057 1888 1105 1923 ad
1106 1889 1190 1937 sup-

162 1937 304 1986 plicium
316 1937 540 1975 currentibus.
564 1948 647 1975 tunc
667 1938 840 1986 Trajanus
859 1937 972 1974 vetuit
997 1939 1188 1987 quempiam

168 1986 442 2031 Christianorum
461 1987 739 2025 occidissnm.
757 1987 989 2036 Conquirendi
1008 1988 1188 2036 nonsunt:

159 2038 192 2088 fi
206 2038 405 2084 deferantur
423 2048 464 2077 ω·
483 2048 691 2085 arguantur,
699 2037 856 2086 puniendi
866 2037 953 2086 sunt
968 2037 983 2086 ]
996 2038 1187 2076 Tertullia-

166 2098 233 2124 nus
255 2088 290 2125 in
314 2087 472 2136 Apolog.
502 2089 568 2132 ait,
595 2087 796 2136 Traianum
821 2086 1046 2136 rescripsifle,
1074 2089 1186 2138 inqui-

165 2138 285 2174 rendos
313 2139 453 2188 quidem
485 2150 552 2175 non
578 2138 656 2187 effi,
683 2137 811 2175 oblatos
830 2151 911 2176 vero
922 2139 1040 2187 puniri
1057 2138 1186 2178 debere.

167 2187 337 2226 Eusebius
375 2189 499 2226 vertit:
536 2188 571 2224 τὶ
598 2191 785 2238 Xera-usvair
810 2192 915 2232 φῦλον
950 2189 995 2231 μὴ
1036 2189 1182 2238 ἐκζητεῖ-

166 2240 255 2274 o-Soee
279 2254 359 2282 με»,
386 2239 525 2279 {unce-Bi·
552 2237 589 2273 δὲ
611 2238 841 2282 κολάξεσθαι.
868 2237 936 2275 Sed
956 2239 1032 2287 plus
1050 2240 1181 2288 aliquid

163 2287 296 2326 habent
311 2288 366 2326 illa
385 2288 535 2337 Trajani
558 2288 685 2325 verba:
692 2289 724 2333 Ji
740 2289 943 2333 deserantur
963 2302 1008 2329 <J
1031 2301 1178 2337 arguan-

161 2349 232 2376 tur.
284 2338 462 2386 Principio
479 2338 545 2374 fuit
563 2337 649 2374 illud
667 2339 779 2375 moris
797 2338 958 2374 Romani
973 2343 983 2382 ,’
1009 2348 1049 2375 ut
1067 2340 1183 2378 nullus

162 2389 236 2426 fine
261 2388 463 2425 accusatore
493 2386 803 2426 condemnaretur.
855 2388 987 2425 Cicero
1010 2388 1081 2435 ipse
1107 2389 1180 2427 hoc

164 2438 252 2476 dixit
280 2440 317 2476 in
351 2439 529 2476 Oratione
557 2448 623 2485 pro
656 2438 760 2475 Rosc.
787 2437 976 2475 Amerino.
1003 2438 1178 2477 Ceterum

163 2488 283 2536 postea
312 2500 422 2536 quam
454 2487 545 2524 ordo
579 2494 678 2525 vetus
691 2487 917 2535 judiciorum
948 2489 1177 2536 publicorum

163 2547 324 2576 mutatus
355 2539 444 2582 fuit,
470 2549 546 2575 non
575 2537 712 2586 semper
734 2537 785 2576 est
804 2537 1023 2585 exspeftatus
1040 2540 1180 2577 accusa-

165 2594 220 2625 tor
237 2589 439 2637 legitimus:
469 2589 506 2626 ὃ(
531 2599 617 2624 vero
637 2599 677 2626 ea
705 2588 773 2626 fuit
802 2587 1085 2626 Christianorum
1108 2591 1179 2638 pri·

165 2648 268 2675 mum
295 2639 458 2677 conditio
488 2640 524 2676 in
551 2638 638 2675 orbe
662 2638 860 2681 Romano,
885 2646 924 2675 ut
940 2639 1044 2686 pauci
1060 2639 1179 2687 digna-

167 2695 285 2726 rentur
304 2690 349 2727 ad
360 2687 1045 2735 eosaccusandosdescendere:quidam
1067 2691 1176 2728 etiarn

170 2744 244 2774 non
273 2739 469 2783 auderent,
506 2738 705 2787 praesertim
736 2749 820 2775 cum
853 2738 1039 2779 audirent,
1067 2740 1179 2777 Tibe-

170 2786 260 2823 rium
290 2790 549 2828 comminatum
586 2788 656 2826 efle
683 2788 881 2837 periculum
914 2788 1183 2827 accusatoribus.

173 2835 270 2878 Quid
289 2839 419 2882 igitur?
447 2839 659 2887 Coeperunt
680 2839 898 2886 magistratus
915 2838 978 2886 ipfi
1001 2839 1037 2875 δε
1058 2841 1181 2887 praesi-

174 2883 235 2920 des
253 2884 341 2940 ultro
360 2890 394 2925 in
419 2901 480 2927 eos
501 2890 692 2938 inquirere.
743 2889 840 2925 Nam
863 2889 901 2925 &
919 2888 1066 2927 tandem
1089 2889 1135 2927 sic
1156 2902 1175 2927 a

174 2934 417 2980 magistratibus
434 2939 579 2977 fuerunt
600 2939 790 2977 mandatae
815 2937 1028 2976 delictorum
1042 2968 1052 2983 ‚
1081 2951 1181 2987 prae·

173 2984 290 3020 sertim
313 2989 509 3030 graviorum
531 2992 569 3027 ὃ(
587 2990 779 3028 criminum
810 2989 1055 3036 quaestiones,
1081 2998 1119 3026 ut
1141 2991 1179 3026 &

174 3032 387 3074 accusatores
408 3037 443 3074 ὅ(
457 3038 590 3088 judices
610 3051 723 3091 prope
745 3038 816 3079 effe
835 3039 1051 3079 viderentur.
1081 3041 1181 3092 Mar:

2184 212 2273 276 823

2220 372 2279 413 ut

1261 480 1382 519 cianus
1405 478 1538 526 Ictus,
1564 480 1764 526 mandatis,
1790 480 1929 529 inquit,
1956 492 2169 528 cavetur‚ut
2187 494 2283 535 prae-

1252 531 1366 583 fides,
1384 531 1588 581 sacrilegos,
1613 530 1784 577 latrones,
1807 531 1986 580 plagiarios
2010 535 2280 584 conquirerem&

1254 592 1356 629 prout
1385 583 1522 632 quisque
1551 581 1732 631 deliquerit
1751 609 1762 626 ‚
1798 583 1836 619 in
1871 595 1947 619 eum
1980 584 2287 622 animadvertant.

1260 632 1355 669 ltem
1393 634 1591 681 Ulpianus,
1625 633 1799 681 congruit,
1823 633 1961 681 inquit,
1989 633 2072 671 bono
2106 648 2150 674 (9'
2179 636 2285 683 gravi

1253 681 1416 730 praefidi,
1444 694 1564 720 curare
1581 693 1620 719 ut
1635 691 1765 731 pacata
1784 692 1886 733 atque
1903 684 2016 733 quieta
2030 685 2209 732 provincia
2229 684 2284 728 [ιι.-

1259 743 1301 770 Ε9·
1321 731 1419 769 debet
1447 732 1556 770 malos
1590 733 1740 770 homines
1770 734 1971 784 conquirere.
2021 734 2132 772 Nunc
2158 735 2290 784 Traja-

1259 792 1325 819 nus
1344 783 1486 821 videtur
1517 782 1736 821 Christianos
1763 785 1948 829 eximere,
1975 786 2058 833 quia
2088 795 2209 834 neque
2235 785 2289 822 sa-

1257 832 1396 881 crilegi,
1421 840 1542 882 neque
1571 835 1690 877 fures,
1718 844 1840 881 neque
1864 834 2018 872 latrones
2049 833 2139 874 fint:
2164 846 2287 883 neque

1256 890 1296 919 ut
1340 883 1549 931 perturbent
1592 883 1793 931 provincias
1816 910 1826 928 ,
1873 886 2103 924 committant
2153 885 2288 933 aliquid

1257 931 1406 980 dignum
1432 933 1570 982 publica
1587 936 1625 970 &
1646 931 1923 973 extraordinaria
1943 936 2180 983 inquisitione.
2194 936 2286 974 Non

1256 982 1380 1021 liberat
1401 995 1464 1021 eos
1482 984 1652 1022 criminali
1670 986 1708 1021 ὅ(
1728 985 1888 1032 legitima
1906 987 2155 1024 accusatione:
2183 985 2242 1025 sed
2259 986 2287 1024 fi

1258 1034 1438 1072 accusator
1460 1034 1547 1072 defit
1560 1061 1571 1078 ,
1597 1034 1726 1082 patitur
1746 1045 1811 1071 eos
1831 1035 1983 1083 impune
2003 1038 2112 1075 latere
2125 1065 2135 1081 ‚
2163 1048 2287 1087 neque

1258 1083 1302 1121 ad
1326 1096 1390 1122 eos
1406 1084 1594 1123 vexandos
1617 1086 1795 1132 pertinere
1820 1085 1898 1122 vult
1922 1086 2090 1123 mandata
2123 1087 2168 1124 de
2188 1087 2289 1136 flagi-

1258 1133 1354 1172 tiosis
1375 1135 1581 1173 hominibus
1598 1134 1860 1183 conquirendis,
1915 1135 2118 1173 Praefidum
2139 1138 2287 1186 inquifi·
2318 1180 2326 1181 ἶ

1257 1185 1348 1222 tioni
1372 1185 1655 1229 subserviebant,
1682 1187 1744 1233 qui
1773 1185 1980 1223 dicebantur
2011 1187 2218 1226 lrenarchae
2247 1190 2287 1227 δε

1260 1235 1427 1274 Curiofi:
1457 1247 1616 1285 quorum
1641 1237 1811 1284 frequens
1833 1237 1880 1273 est
1899 1237 2042 1274 mentio
2061 1238 2096 1274 in
2116 1238 2208 1276 libris
2225 1238 2290 1285 Ju-

1260 1285 1304 1322 ris
1327 1285 1449 1324 Civilis
1488 1286 1599 1324 Tales
1621 1297 1710 1324 vero
1730 1285 1949 1333 Quaestores
1968 1286 2071 1336 saepe
2088 1288 2288 1336 sycophan-

1227 1357 1229 1369 t
1260 1342 1319 1372 tae
1341 1336 1378 1373 &
1399 1338 1673 1375 calumniatores
1698 1344 1809 1374 erant.
1859 1337 2008 1374 Horum
2040 1339 2161 1387 itaque
2182 1339 2288 1378 Cori-

1258 1396 1431 1424 caeorum
1452 1387 1583 1425 insidiis
1603 1386 1817 1425 Christianos
1836 1387 2179 1436 eripere‚magrrum
2203 1400 2287 1438 pro-

1259 1435 1362 1473 fecto
1392 1438 1430 1474 &
1465 1437 1636 1486 singulare
1655 1437 1875 1476 beneficium
1897 1438 1974 1476 fuit.
2026 1439 2143 1477 Miror
2163 1441 2284 1490 itaque

1261 1485 1526 1533 Tertullianum
1550 1488 1586 1525 id
1610 1499 1686 1525 non
1705 1488 1911 1536 agnoscere.
1953 1488 2143 1527 Exclamat
2159 1490 2286 1532 adver-

1257 1535 1313 1573 sus
1334 1537 1406 1574 hoc
1426 1538 1574 1587 Trajani
1591 1538 1818 1586 rescriptum:
1837 1553 1856 1575 o
1869 1538 2079 1586 sententiam
2101 1543 2284 1591 necessitate

1263 1588 1464 1636 confusam!
1505 1595 1619 1636 Negat
1650 1588 1867 1639 inquirendos
1890 1615 1900 1632 ,
1936 1600 1976 1628 ut
2001 1587 2210 1630 innocentes:
2240 1605 2285 1633 ca·

1262 1639 1410 1675 mandat
1425 1639 1611 1687 puniendos
1625 1665 1635 1681 ,
1662 1650 1700 1676 ut
1722 1651 1872 1676 nocentes
1938 1641 2056 1677 Parcit
2086 1653 2128 1679 &¹
2142 1644 2284 1691 saevit.-

1260 1686 1452 1737 diffimulat
1471 1702 1515 1728 <y
1534 1689 1800 1727 animadvertit.
1847 1690 1899 1740 Q
1893 1690 1954 1726 uid
1973 1701 2006 1727 te
2021 1693 2128 1741 ipsum
2147 1694 2287 1742 censura

1260 1736 1513 1775 circumvenis?
1541 1738 1575 1785 fi
1600 1739 1772 1782 damnas,
1802 1752 1861 1776 cur
1887 1753 1953 1777 non
1985 1752 2026 1779 cy*
2059 1744 2233 1790 inquiris?
2250 1748 2284 1796 fi

1262 1799 1330 1823 non
1352 1788 1518 1837 inquiris,
1548 1801 1610 1825 cur
1641 1802 1706 1825 non
1734 1801 1776 1828 (φ’
1802 1788 1976 1835 absolvis?
2004 1800 2069 1830 cet,
2097 1794 2149 1832 Hi
2169 1795 2284 1836 aculei

1262 1836 1478 1876 Tertulliani
1514 1837 1658 1878 fortasse
1692 1840 1833 1887 possent
1862 1841 2027 1884 retundi,
2064 1842 2088 1880 fi
2124 1846 2284 1893 ingenue

1259 1897 1417 1935 agamus.
1468 1889 1634 1926 Medium
1669 1890 1718 1927 est
1747 1892 1956 1939 quippiam,
1991 1892 2081 1929 inter
2109 1894 2283 1936 damnare

1258 1939 1439 1976 accusatos
1456 1940 1742 1989 convictosque,
1771 1941 1808 1977 &
1832 1952 1907 1978 non
1931 1942 2111 1991 inquirere
2139 1946 2174 1982 in
2196 1959 2284 1993 eos,

1260 1989 1320 2036 qui
1351 1988 1454 2027 delati
1482 2001 1559 2027 non
1579 1992 1665 2028 sunt.
1721 1991 1853 2040 Neque
1872 1992 1954 2030 sane
1973 1994 2209 2033 criminalium
2222 1999 2285 2046 ju-

1259 2038 1434 2076 diciorum
1455 2042 1624 2078 omnium
1657 2041 1705 2079 est
1735 2052 1806 2078 una
1832 2042 2008 2081 conditio.
2059 2043 2149 2083 Sunt
2171 2057 2284 2095 quae·

1259 2088 1342 2126 dam
1374 2091 1507 2137 privata
1526 2118 1536 2134 ‚
1572 2092 1651 2129 sunt
1681 2091 1860 2140 quaedam
1889 2093 2039 2140 publica.
2090 2095 2138 2133 Et
2163 2099 2281 2137 modo

1261 2139 1460 2184 ordinaria,
1488 2141 1605 2178 modo
1636 2142 1909 2180 extraordinaria
1933 2153 2042 2182 erantl
2093 2147 2220 2195 Itaque
2243 2151 2284 2187 δε

1259 2191 1482 2237 publicorum
1501 2193 1690 2231 criminum
1709 2193 1885 2241 quaedam
1911 2194 1981 2231 effe
2002 2203 2221 2242 potuerunt,
2243 2202 2282 2238 in

1257 2241 1385 2289 quibus
1414 2242 1579 2290 quaestor
1604 2243 1847 2281 accusatorem
1881 2245 2082 2293 exspectare
2112 2259 2188 2284 non
2217 2248 2282 2286 de·

1255 2290 1356 2328 beat:
1386 2292 1563 2340 quaedam
1586 2304 1693 2336 vero,
1720 2295 1755 2331 in
1790 2295 1918 2342 quibus
1945 2295 2036 2332 ordo
2067 2305 2168 2334 vetus
2183 2299 2281 2347 jucli-

1258 2340 1398 2377 ciorum
1421 2342 1549 2379 servari
1567 2341 1694 2390 posset.
1739 2344 1834 2380 Nam
1858 2345 1896 2381 ὅ(
1915 2344 1994 2382 sunt
2012 2346 2189 2393 quaedam
2206 2376 2215 2387 .
2239 2351 2277 2387 in

1256 2390 1383 2436 quibus
1404 2392 1622 2429 vindicandis
1645 2404 1690 2430 ne
1721 2394 1959 2440 magistrarum
1988 2395 2135 2443 quidem
2156 2399 2280 2446 exspe-

1259 2440 1351 2479 ctare
1371 2442 1412 2478 sit
1430 2440 1578 2481 necesse.
1617 2442 1721 2480 Haec
1740 2454 1810 2491 ego
1830 2444 2025 2482 discrimina
2046 2457 2144 2484 nunc
2160 2458 2277 2495 noto,

1257 2502 1331 2527 non
1353 2493 1453 2537 quod
1474 2505 1548 2530 ron
1577 2492 1721 2531 sentiam
1752 2494 1915 2543 iniquum
1948 2494 2017 2533 effe
2043 2497 2244 2544 Trajanum
2264 2528 2276 2543 ‚

1254 2542 1317 2589 qui
1333 2542 1549 2580 Christianos
1570 2554 1645 2580 non
1664 2544 1833 2588 absoluit,
1860 2557 1952 2593 quos
1973 2547 2097 2584 nullius
2122 2549 2278 2587 criminis

1254 2593 1458 2630 convincit:
1485 2593 1544 2631 sed
1574 2593 1673 2642 quod
1703 2594 1802 2632 reete
1827 2596 1934 2633 velim
1959 2596 2034 2644 ejus
2063 2598 2275 2637 sententiam
2322 2621 2324 2623 ·

1255 2643 1423 2690 intelligi,
1451 2644 1489 2680 δε
1512 2643 1584 2682 fine
1605 2645 1840 2684 cavillatione.
1891 2646 2004 2693 Saepe
2026 2646 2145 2685 deerat
2162 2648 2276 2696 legiti-

1256 2703 1336 2730 mus
1363 2693 1562 2732 accusator:
1590 2694 1766 2743 multique
1793 2696 1836 2733 ab
1864 2696 2087 2735 accusatione
2107 2697 2279 2737 abhorre-

1255 2741 1361 2785 bant,
1389 2751 1536 2790 propter
1562 2744 1817 2786 subscriptionis
1845 2746 2055 2791 periculum,
2109 2747 2158 2786 lbi
2178 2749 2277 2786 secu-

1256 2802 1313 2829 ros
1338 2792 1517 2838 Traianus
1546 2793 1615 2830 effe
1634 2796 1709 2831 vult
1728 2795 1954 2832 Christianos.
1998 2795 2044 2832 Et
2064 2808 2155 2835 vero
2177 2799 2276 2837 Ter-

1255 2843 1420 2880 tullianus
1441 2844 1566 2891 ipsein
1587 2843 1714 2882 eadem
1737 2846 1925 2888 oratione,
1951 2845 2100 2885 tandem
2128 2849 2274 2898 aliquod

1253 2894 1410 2939 agnoscit
1430 2894 1504 2939 ejus
1522 2892 1749 2931 beneficium.
1778 2894 1840 2931 Ait
1862 2896 1958 2932 enim
1974 2924 1983 2940 ,
2002 2907 2087 2934 eum
2109 2910 2156 2937 ex
2175 2909 2274 2948 parte

1256 2941 1456 2978 frustratum
1497 2940 1565 2980 effe
1607 2944 1701 2990 leges
1736 2946 1949 2988 Romanas,
1984 2958 2076 2995 quae
2108 2948 2274 2989 adversus

1256 2991 1473 3029 Christianos
1500 2994 1853 3041 contorquebantur,
1892 3008 1976 3033 cum
2007 2999 2119 3036 vetuit
2142 3001 2275 3043 inquiri

1254 3041 1478 3083 Christianos.
1527 3042 1676 3091 jubebat
1705 3046 1825 3093 itaque
1853 3045 2029 3098 Traianus
2048 3076 2059 3096 ‚
2096 3050 2272 3099 praesides

1663 3094 1705 3132 M
1719 3106 1756 3134 m
1768 3107 1805 3135 m
1819 3108 1855 3135 m
1868 3106 1906 3135 m
2209 3100 2267 3137 hic
