2616 3686
617 201 1905 261 LIBERLEPISTOLAXIL·
2183 238 2302 289 »47

191 308 208 333 ⁸
254 288 428 363 precia
489 285 709 342 vivendi
759 283 946 338 mortis
986 282 1280 338 rationibus
1316 284 1678 340 vincerentur.
1742 289 1943 343 Tertio
1994 292 2054 346 δε·
2087 298 2287 353 tricefi-

189 380 280 420 mo
307 379 448 416 anno
478 361 528 431 (²
551 375 607 414 ut
633 358 800 431 ipsum
829 355 1226 427 praedicantem
1253 355 1570 423 audiebam)
1612 360 1813 429 pedum
1857 362 2048 416 dolore
2103 385 2280 423 corre.

185 449 305 508 ptus
331 435 423 489 est.
500 436 514 462 ³
546 433 748 486 Patrius
774 430 857 483 hic
882 428 972 483 illi.
1014 429 1150 482 Nam
1182 430 1497 501 plerumque
1522 432 1694 484 morbi
1723 450 1945 505 quoque
1969 452 2059 504 per
2074 437 2276 495 succes.

182 508 353 563 fiones
377 505 651 578 quasdam,
686 505 705 530 ⁴
734 515 792 556 ut
829 500 953 563 alia,
995 502 1298 557 traduntur.
1380 504 1548 557 Hunc
1574 505 1885 559 abstinentia
1926 546 1942 570 ‚
1993 508 2004 534 ⁵
2035 509 2272 567 sanctita-
2319 522 2354 570 5

181 593 264 644 te,
301 578 480 652 quoad
518 577 697 631 viridis
741 587 876 628 aetas
902 612 919 638 ‚
958 576 1086 628 vicit
1112 575 1167 629 &
1195 576 1385 647 fregit:
1427 577 1710 633 novillime
1738 596 1861 632 eum
1889 580 2162 636 senectute
2190 587 2272 640 in-

183 653 577 724 gravescentem
605 688 620 712 ‚
666 648 863 702 viribus
902 649 1063 702 animi
1099 648 1397 704 sustinebat.
1473 650 1615 704 Cum
1655 652 1878 724 quidem
1930 656 2268 714 incredibiles
2316 651 2349 693 ⁶·

184 726 476 785 cruciatus,
520 721 574 776 δε
611 718 968 793 indigniffima
1010 734 1280 776 tormenta
1314 735 1589 793 pateretur
1628 724 1763 794 (jam
1802 727 1944 779 enim
1971 727 2128 782 dolor
2154 748 2264 786 non

180 796 399 871 pedibus
425 795 569 856 solis,
611 807 668 847 ut
695 797 866 863 priuS,
906 792 1189 849 insidebat:
1229 794 1322 850 sed
1351 797 1531 849 omnia
1568 797 1807 852 membra
1846 802 2264 871 pervagabatur)

179 868 298 923 veni
323 869 388 924 ad
415 885 538 922 eum
564 866 860 922 Domitiani
889 869 1250 937 temporibuS,
1288 870 1343 922 in
1370 867 1672 923 suburbano
1708 869 1998 939 jacentem:
2041 876 2190 930 Servi
2233 877 2263 930 e

176 939 424 997 cubiculo
450 939 790 997 recesserunt.
863 936 881 960 ⁶
907 939 1160 996 Habebat
1183 940 1198 967 ⁷
1223 942 1328 997 hoc
1361 944 1566 1005 moriS,
1607 945 1819 1015 quoties
1856 945 2087 1003 intrasset
2128 948 2261 1076 filde-
2306 968 2345 1015 7·

2173 1041 2260 1079 v101·

167 1141 217 1180 νεὶ
237 1142 370 1181 mobilis
386 1143 549 1190 constitui.
578 1144 694 1184 Inrita.
720 1143 870 1194 Pignera
893 1142 1011 1182 scribit
1025 1144 1196 1185 Voffian.
1239 1154 1276 1182 ra
1297 1145 1454 1194 parentis
1472 1145 1632 1195 podagra
1654 1154 1841 1197 correptus
1863 1147 1922 1186 est.
1975 1149 2075 1188 Nam
2099 1150 2267 1191 Galenus-

170 1193 212 1231 &
232 1194 402 1234 Riccard.
422 1196 596 1235 Diximus
616 1197 662 1236 ad
684 1195 828 1234 Lucani
859 1195 942 1234 Lib.
965 1195 1012 1233 11.
1032 1208 1084 1235 vs.
1112 1208 1198 1247 370.
1238 1194 1376 1241 afferri,
1405 1199 1569 1247 quosdam
1593 1200 1722 1236 morbos
1748 1227 1758 1243 .
1799 1202 1853 1237 uti
1864 1201 2055 1250 podagram
2076 1215 2119 1241 v*
2134 1205 2263 1241 arseri-

1235 1259 1312 1283 cam
1342 1262 1384 1284 ex
1417 1249 1632 1288 haereditate
1665 1250 1784 1294 tradi,
1813 1254 1894 1302 quia
1907 1254 2045 1300 sperma
2066 1256 2103 1289 in
2114 1264 2260 1302 parente

214 1294 370 1346 Pignera
386 1298 486 1336 nulla
507 1298 655 1345 domus,
682 1297 773 1337 nulli
793 1296 895 1336 coiere
907 1297 1106 1349 propinqui.
1233 1298 1406 1335 vitiatum
1425 1301 1601 1349 neceffario
1630 1301 1785 1348 filiorum
1817 1304 1914 1352 pedes
1942 1304 2109 1341 debilitat.
2165 1307 2257 1344 Avi·

1234 1360 1352 1387 cenna
1377 1352 1486 1389 etiam
1516 1352 1758 1401 superioribus
1794 1355 1933 1393 addidit
1961 1355 2117 1404 phthisin
2137 1357 2175 1395 δε
2203 1357 2255 1396 le-

222 1410 239 1436 1
268 1398 428 1450 Precia.]
457 1401 615 1451 Pignora
629 1399 812 1448 intelligit.
838 1400 1026 1438 CATAN.
1057 1401 1192 1449 Pigno-
1237 1411 1353 1447 pram.
1381 1402 1564 1440 CATAN.

170 1458 207 1486 ra
222 1449 412 1500 intelligit,
438 1451 525 1492 dicit
545 1452 750 1491 (jamnaeus
772 1479 783 1496 ,
818 1451 922 1500 quod
942 1451 990 1488 est
1012 1453 1192 1499 ineptum.
1283 1463 1304 1496 4
1333 1457 1373 1487 Ut
1393 1451 1504 1501 alia]
1535 1451 1904 1503 Taliasunteffigies,
1929 1459 2073 1505 gestus,
2103 1471 2228 1498 mores
2241 1488 2261 1507 ,.

170 1498 328 1547 Pignora
360 1502 492 1541 dantur
521 1515 588 1551 pro
616 1515 655 1540 re
684 1502 896 1539 obtinenda.
950 1502 1007 1538 Sic
1037 1504 1190 1550 pignora
1231 1502 1480 1548 patrimonia,
1507 1514 1601 1552 quae
1627 1507 1924 1543 transmittuntur
1950 1508 2042 1546 filiis.
2072 1510 2183 1546 lom.

169 1549 269 1588 vitae
292 1560 394 1588 erant
412 1581 424 1596 ,
466 1555 594 1602 quibus
624 1553 812 1589 obtinetur
847 1553 883 1588 δε
914 1550 1073 1588 servatur
1102 1554 1186 1590 vita.
1280 1564 1298 1597 ς
1338 1554 1530 1590 Sani-‘litate
1549 1581 1559 1597 ,
1587 1555 1710 1600 quoad
1735 1556 1862 1592 viridis
1881 1569 1996 1602 aetas,
2026 1560 2113 1596 vicit
2138 1575 2163 1597 e.
2184 1559 2245 1609 fi]

171 1598 235 1635 Nil
252 1601 323 1638 tale
344 1602 463 1638 noster
483 1603 559 1638 vult
577 1602 776 1642 beclem,
805 1600 865 1637 sed
887 1599 932 1636 de
953 1602 1076 1649 pretiis
1093 1603 1190 1640 vitae
1220 1601 1411 1648 saneiitate
1430 1604 1451 1640 i.
1474 1616 1505 1640 e.
1525 1606 1765 1652 temperantia
1782 1607 1819 1643 ὃ(
1840 1609 2070 1648 castitate.Sic
2084 1612 2251 1650 laudatur

169 1647 356 1698 loquitur,
383 1663 478 1700 quae
524 1651 588 1698 ipfi
633 1651 712 1688 sunt
755 1651 943 1688 mercedes
964 1678 976 1695 ,
1004 1655 1189 1700 praemia,
1227 1653 1318 1688 infra
1348 1653 1452 1699 Epist.
1483 1655 1603 1691 XXll.
1638 1656 1777 1692 ssmn
1820 1658 1871 1694 lta
1890 1661 2038 1697 &infra
2062 1663 2144 1699 Lib.
2175 1662 2251 1701 111..

170 1699 322 1739 fruetus.
376 1703 463 1739 Hoc
484 1702 582 1746 vult,
609 1700 749 1739 etiamsi
768 1709 826 1738 tot
847 1702 958 1739 amici
981 1730 991 1746 ‚
1016 1705 1187 1750 cognati,
1226 1701 1336 1749 Epist.
1367 1703 1433 1740 Ill.
1465 1705 1577 1751 princ,
1596 1706 1655 1741 vir
1682 1706 1905 1754 gravissimus
1934 1722 1977 1750 (φ
2007 1711 2244 1760 sanaiffi'mus

168 1747 271 1788 liberi
294 1753 479 1800 potuerint
498 1752 612 1789 videri
628 1751 717 1789 tanti
738 1778 748 1795 ,
774 1758 814 1788 ut
833 1749 950 1799 poffet
970 1753 1086 1790 videri
1106 1765 1183 1792 non
1225 1761 1387 1791 vocatur.
1406 1754 1500 1792 adde
1531 1756 1610 1793 Lib.
1630 1756 1678 1793 11.
1701 1757 1809 1804 Epist.
1833 1759 1897 1798 lX.
1928 1773 1963 1798 n.
1993 1773 2033 1805 4.
2069 1764 2104 1799 &
2135 1763 2247 1812 Epist.

170 1801 346 1849 exiguum
378 1804 563 1851 percipere
593 1803 689 1840 vitae
715 1802 798 1839 suae
841 1801 1117 1847 commodum,
1159 1804 1182 1842 fi
1224 1803 1287 1841 Xl.
1308 1816 1330 1841 n
1374 1818 1407 1852 ς,
1427 1807 1464 1843 &
1486 1806 1653 1854 Crispum
1686 1807 1764 1857 Ing.
1791 1821 1867 1858 cap.
1897 1812 2090 1851 LXXXV.
2119 1827 2156 1852 n.
2183 1829 2246 1860 40.

169 1861 254 1888 eam
285 1855 322 1891 in
351 1854 514 1902 ipsorum
548 1854 718 1891 utilitates
753 1852 1018 1900 protenderet,
1054 1862 1181 1894 tamen
1223 1855 1282 1893 ubi
1313 1856 1472 1894 diximus
1503 1858 1690 1896 nonnulla.
1745 1861 1908 1900 Velleius
1945 1865 2028 1902 Lib.
2071 1865 2118 1902 ΙΙ.
2164 1878 2244 1916 cap.

171 1900 300 1940 maluit
321 1914 362 1939 ea
382 1914 515 1941 carere.
569 1904 788 1943 SCHEFFER.
839 1903 895 1941 Ita
915 1911 1041 1943 tamen
1055 1906 1180 1944 Schef-
1221 1905 1356 1943 XXlX.
1393 1907 1590 1945 innocentia
1612 1910 1758 1948 eximius
1781 1939 1791 1956 ,
1820 1911 2010 1951 sanctitate
2030 1916 2246 1963 praecipuus.

173 1951 270 1988 ferus
289 1953 376 1990 nihil
394 1953 490 1992 aliud
511 1954 602 1992 dixit
620 1966 730 2002 quam
762 1954 968 1992 Catanaeus
992 1983 1002 1999 ‚
1050 1955 1075 1994 fi
1102 1965 1181 1995 tan·
1222 1957 1326 1995 MSS.
1347 1958 1450 1996 Voff.
1469 1960 1637 1997 exhibet:
1667 1961 1875 2009 abstinentia
1891 1968 2153 2015 sanffztateque
2183 1969 2242 2006 vi-

170 2007 251 2038 tum
286 2004 419 2047 amici,
441 2005 589 2052 cognati
627 2007 665 2042 &
702 2005 801 2042 liberi
827 2005 1054 2054 intelligendi
1092 2007 1180 2046 sunt.
1218 2007 1303 2046 ridis
1320 2018 1417 2046 aetas
1439 2011 1527 2047 vicit
1548 2021 1593 2050 ω*
1610 2012 1714 2060 fregit
1729 2041 1738 2056 ‚
1768 2023 1807 2051 ut
1825 2015 2010 2063 Gryphius
2022 2018 2242 2059 edidit.non·

168 2052 286 2089 Presia
306 2054 455 2091 vivendi
471 2055 550 2093 sunt
570 2066 703 2093 omnes
733 2055 863 2103 caussae
892 2057 1066 2102 vivendi,
1093 2071 1181 2108 quas
1217 2059 1346 2105 placet.
1402 2061 1528 2098 Viridis
1575 2063 1648 2100 hoc
1694 2063 1791 2102 sensu
1825 2067 1916 2104 infra
1950 2071 2111 2106 occurrit
2150 2071 2237 2108 Lib.

167 2105 415 2148 enumeravit,
444 2115 527 2149 aut,
555 2113 596 2144 ut
630 2107 847 2145 Gronovius
885 2106 930 2144 ad
959 2110 1064 2146 Plinii
1088 2111 1179 2149 Hist.
1219 2110 1304 2148 VII.
1349 2112 1456 2161 Epist·
1493 2113 1634 2150 XXlV.
1664 2116 1778 2162 princ.
1832 2117 1926 2155 Mox
1959 2120 2235 2160 Riccardianuzz

166 2153 252 2192 Nat.
278 2154 358 2192 Lib.
377 2156 496 2194 XXII.
516 2167 595 2204 cap.
617 2157 684 2194 VI.
704 2156 869 2206 exposuit
889 2186 899 2200 ,
935 2158 1179 2198 blandimenta
1217 2161 1389 2210 noviffime
1412 2175 1496 2200 eum
1512 2165 2008 2215 seneffluteingravescentem⁷
2036 2171 2245 2218 quomodo¹⁴

164 2204 274 2241 vitae.
333 2207 382 2244 lbi
401 2209 602 2246 avunculus
627 2208 749 2246 Nostri
772 2222 781 2246 2
818 2209 1000 2247 Addidere
1025 2213 1174 2251 vivendi
1215 2214 1326 2251 etiam
1342 2242 1351 2258 ‚
1382 2223 1508 2252 contra
1529 2214 1639 2253 fidem
1661 2228 1867 2256 ceterorum
1897 2221 2073 2258 librorum
2108 2223 2235 2259 omni·

162 2256 276 2301 pretia
296 2256 434 2294 deliciae
451 2259 631 2309 luxusque.
671 2259 843 2297 Similiter
861 2260 956 2308 apud
978 2262 1171 2302 Lucanum
1216 2276 1276 2301 um
1294 2294 1303 2308 ,
1333 2266 1399 2304 Ed.
1423 2266 1629 2304 Hackiana.
1646 2270 1765 2306 minus
1786 2271 1981 2317 eleganter.
2013 2272 2135 2309 Paullo
2157 2272 2241 2319 post?

154 2307 307 2352 pretium
330 2310 484 2354 furoris,
512 2309 669 2347 connubii
691 2311 842 2358 pretium
872 2313 975 2349 tertia
991 2313 1065 2351 iam
1077 2315 1173 2364 sobo·
1217 2316 1407 2354 Mediceus
1426 2318 1462 2353 ὃ(
1484 2316 1586 2353 Voss.
1606 2330 1683 2354 cum
1706 2319 1844 2368 quidem
1864 2320 2080 2359 incredibilis
2099 2323 2233 2368 cruciaq

160 2354 231 2399 les,
259 2357 296 2394 &
320 2358 459 2397 infinita
476 2361 559 2397 talia
579 2360 675 2408 apud
698 2360 801 2398 alios.
1212 2376 1288 2409 tus,
1305 2367 1501 2412 ἀρχκικῶς.
1534 2368 1615 2403 Nec
1628 2370 1727 2405 aliter
1751 2369 1854 2406 Plinii
1879 2379 1997 2407 aetate
2020 2373 2232 2414 scribebant.

209 2418 229 2443 2.
261 2413 302 2444 Ut
321 2410 428 2457 ipsum
449 2410 719 2456 praedicantem
750 2411 975 2460 audiebam]
1022 2414 1171 2451 Plurimi
1263 2418 1286 2453 6
1316 2417 1475 2454 Habebat
1503 2417 1636 2466 enim]
1684 2420 1891 2457 CoroeliuS.
1940 2422 2091 2470 Legitur
2111 2425 2225 2463 etiam

156 2454 264 2494 MSS.
282 2460 392 2497 nostri
418 2461 651 2510 aliorumque
670 2461 709 2498 &
731 2463 870 2509 aliquot
888 2463 1048 2509 impreffi
1067 2464 1168 2510 igno·
1210 2463 1297 2502 loco
1317 2469 1408 2504 enim
1431 2469 1471 2504 is.
1500 2468 1640 2505 Cum
1683 2471 1835 2508 Malem
1860 2471 2034 2510 habebam
2059 2502 2069 2517 ‚
2097 2483 2137 2511 ut
2165 2487 2222 2513 re·

153 2515 235 2544 rant
260 2508 347 2546 illud
377 2512 644 2554 praedicantem.
696 2511 794 2548 Cum
823 2521 949 2549 tamen
984 2514 1167 2551 veterrimi
1209 2514 1402 2562 sponderet
1431 2519 1485 2563 τῷ
1509 2519 1704 2566 receffi’rcmt
1726 2522 1824 2568 servi
1845 2549 1855 2565 ‚
1898 2534 1985 2561 cum
2011 2525 2225 2570 praesertim·

152 2555 231 2594 libri
250 2559 470 2605 agnoscant,
498 2562 628 2599 tentari
649 2574 725 2599 non
755 2562 874 2600 debet.
927 2562 1059 2601 Sallust.
1088 2565 1156 2613 Iug
1209 2578 1297 2603 mox
1321 2568 1486 2616 sequatur
1507 2570 1544 2605 &
1567 2570 1612 2606 de
1631 2583 1748 2608 uxore
1767 2573 2031 2621 digrediebatur.
2082 2577 2224 2625 Liquet

153 2619 232 2656 cap.
253 2609 355 2647 XIV.
378 2623 412 2648 n.
437 2624 491 2649 12.
544 2616 611 2661 Ego
622 2610 671 2660 fic
689 2612 940 2659 existumabam
965 2641 974 2657 ‚
1003 2625 1043 2651 ut
1067 2626 1166 2663 prae·
1206 2618 1304 2654 enim
1321 2646 1330 2661 ‚
1359 2620 1565 2656 sermonem
1585 2620 1655 2659 esse
1676 2634 1751 2660 non
1769 2623 1812 2660 de
1835 2625 1999 2663 Corellio
2021 2655 2032 2672 ,
2066 2628 2126 2665 sed
2154 2629 2228 2668 bis..

150 2658 335 2698 dicantem
368 2662 580 2700 audiveram
615 2674 750 2707 patrem
785 2678 910 2702 meum.
963 2664 1044 2702 Cat.
1090 2678 1168 2713 cap.
1207 2668 1425 2707 Sensum.
1467 2669 1518 2707 Sit
1546 2672 1665 2710 sermo
1698 2673 1743 2710 dc
1771 2674 1904 2717 servis,
1933 2686 2057 2715 tamen
2084 2679 2141 2716 vel
2165 2678 2214 2718 fic

154 2709 335 2750 XLVIII.
355 2722 449 2752 extr.
505 2714 617 2763 Ipsum
636 2713 793 2762 Craffum
813 2729 867 2764 ego
890 2713 997 2764 postea
1025 2718 1163 2764 praedi·
1205 2719 1355 2756 habebat
1376 2721 1499 2758 locum
1522 2730 1666 2765 tuetur,
1694 2724 2119 2771 utexplicatCatanaeus.
2144 2731 2220 2768 Ni-

153 2769 299 2800 cantem
325 2764 447 2802 audivi
462 2792 472 2809 ‚
499 2775 641 2802 tantam
659 2765 758 2802 illam
774 2766 1021 2803 contumeliam
1037 2766 1103 2815 fibi
1121 2770 1164 2805 ab
1204 2770 1402 2808 nilominus
1422 2773 1533 2809 etiam
1555 2773 1590 2810 in
1617 2774 1803 2821 Excerptis
1825 2777 2021 2816 lindenbr.
2039 2780 2227 2819 habebant

155 2812 309 2851 cicerone
339 2814 545 2864 impositam.
571 2815 670 2854 unde
696 2816 802 2854 fimul
832 2817 883 2855 vis
904 2816 1006 2854 verbi
1022 2829 1162 2865 cogno·
1182 2809 1185 2838 Ι
1203 2830 1369 2858 notatum
1394 2822 1519 2860 video.
1570 2824 1745 2862 Ceterum
1765 2829 1897 2875 optimi
1913 2830 1991 2867 libri
2024 2831 2228 2871 Mediceus

157 2859 281 2907 icitur,
307 2877 417 2914 quam
441 2866 597 2905 ostendit
615 2868 714 2905 idem
737 2868 771 2906 Β,
801 2867 880 2915 lug.
900 2880 975 2916 cap.
1012 2869 1156 2907 CVlll.
1203 2873 1238 2908 ὃ(
1261 2871 1421 2909 Riccard.
1455 2874 1610 2912 Habebat
1635 2876 1694 2911 hoc
1714 2879 1836 2921 moris,
1866 2889 1950 2917 curn
1976 2882 2225 2928 vulgatienim

157 2918 196 2947 n.
217 2922 248 2959 3.
297 2916 365 2954 Pro
381 2918 638 2965 praedicantem
653 2918 781 2956 audivi
807 2918 942 2956 Cicero
970 2918 1161 2968 aliquoties
1200 2925 1401 2960 immittere
1423 2925 1559 2962 soleant
1625 2927 1712 2963 Non
1732 2927 1811 2970 his;
1842 2929 1900 2966 sed
1921 2931 1985 2970 illis
2007 2934 2214 2979 parendum

159 2958 300 3001 adhibet
326 2969 452 3007 audivi
479 2983 556 3006 cum
586 2971 709 3007 diceret
731 2998 742 3014 ‚
780 2969 825 3007 de
857 2981 934 3019 quo
955 2971 1096 3019 egimus
1114 2973 1157 3009 ad
1199 2972 1267 3011 effe
1297 2974 1396 3010 duxi.
1450 2975 1545 3013 lnfra
1571 2977 1668 3015 idem
1706 2979 1922 3019 Mediceus:
1961 2985 2072 3020 etiam
2101 2998 2223 3031 uxorg,

159 3010 242 3048 Lib.
262 3011 322 3051 ΙΙΙ.
341 3018 440 3057 Fam.
462 3021 570 3068 Epist.
590 3020 676 3058 Vll.
696 3033 732 3058 n.
752 3033 785 3067 7.
812 3020 972 3059 Goaria.
1195 3025 1252 3063 setl
1276 3025 1333 3061 alii
1355 3037 1507 3064 omnes:
1535 3030 1620 3075 quin
1646 3029 1752 3066 etiam
1779 3044 1879 3069 uxor.

168 3111 189 3121 Ρ
210 3072 228 3109 3
258 3060 443 3120 Patrius.]
474 3071 545 3109 Hic
567 3071 716 3110 morbus
736 3079 811 3109 erat
832 3072 867 3109 in
892 3080 992 3119 patre
1014 3073 1152 3111 Coroe-
1247 3088 1264 3120 7
1298 3082 1365 3112 Hoc
1391 3077 1531 3127 ποκα]
1572 3081 1624 3118 Ut
1647 3081 1793 3131 juberet
1819 3083 1942 3125 servos
1973 3085 2149 3125 faceffere
2189 3086 2213 3125 ὲ

151 3110 214 3158 lu,
242 3114 338 3155 unde
355 3129 433 3158 non
449 3120 508 3160 sua
524 3123 810 3172 intemperantia
825 3149 837 3169 ‚
863 3122 924 3162 sed
943 3134 988 3162 ex
1010 3125 1152 3173 genitu·
1195 3126 1371 3166 thalamo.
1397 3127 1428 3165 C
1442 3140 1591 3171 &TA-N.

2119 3191 2221 3233 3:312
