<?xml version="1.0" encoding="UTF-8"?>
<!DOCTYPE html PUBLIC "-//W3C//DTD XHTML 1.0 Transitional//EN"
    "http://www.w3.org/TR/xhtml1/DTD/xhtml1-transitional.dtd">
<html xmlns="http://www.w3.org/1999/xhtml" xml:lang="en" lang="en">
 <head>
  <title>
</title>
<meta http-equiv="Content-Type" content="text/html;charset=utf-8" />
  <meta name='ocr-system' content='tesseract 3.04.00' />
  <meta name='ocr-capabilities' content='ocr_page ocr_carea ocr_par ocr_line ocrx_word'/>
</head>
<body>
  <div class='ocr_page' id='page_1' title='image "./caiipliniicaecil00plin_0652.png"; bbox 0 0 2616 3686; ppageno 0'>
   <div class='ocr_carea' id='block_1_1' title="bbox 344 167 2271 247">
    <p class='ocr_par' dir='ltr' id='par_1_1' title="bbox 344 167 2271 247">
     <span class='ocr_line' id='line_1_1' title="bbox 344 167 2271 247; baseline -0.007 -17"><span class='ocrx_word' id='word_1_1' title='bbox 344 179 444 247; x_wconf 85' lang='lat'>588</span> <span class='ocrx_word' id='word_1_2' title='bbox 592 169 1685 230; x_wconf 84' lang='lat' dir='ltr'>C.PLINIICAECILII</span> <span class='ocrx_word' id='word_1_3' title='bbox 1753 167 2271 220; x_wconf 87' lang='lat' dir='ltr'>SECUNDI</span> 
     </span>
    </p>
   </div>
   <div class='ocr_carea' id='block_1_2' title="bbox 354 246 2487 333">
    <p class='ocr_par' dir='ltr' id='par_1_2' title="bbox 354 246 2487 333">
     <span class='ocr_line' id='line_1_2' title="bbox 354 246 2487 333; baseline -0.005 -19"><span class='ocrx_word' id='word_1_4' title='bbox 354 262 576 322; x_wconf 65' lang='lat' dir='ltr'>narum,</span> <span class='ocrx_word' id='word_1_5' title='bbox 614 268 633 290; x_wconf 44' lang='lat'>¹⁷</span> <span class='ocrx_word' id='word_1_6' title='bbox 660 276 797 333; x_wconf 87' lang='lat' dir='ltr'>quae</span> <span class='ocrx_word' id='word_1_7' title='bbox 828 257 1103 313; x_wconf 79' lang='lat' dir='ltr'>exsecutio</span> <span class='ocrx_word' id='word_1_8' title='bbox 1126 253 1395 328; x_wconf 80' lang='lat' dir='ltr'>prioribus</span> <span class='ocrx_word' id='word_1_9' title='bbox 1422 249 1623 323; x_wconf 89' lang='lat' dir='ltr'>aliquid</span> <span class='ocrx_word' id='word_1_10' title='bbox 1646 248 2227 310; x_wconf 88' lang='lat' dir='ltr'>addentium‚omnem</span> <span class='ocrx_word' id='word_1_11' title='bbox 2252 246 2487 320; x_wconf 81' lang='lat' dir='ltr'>denique</span> 
     </span>
    </p>
   </div>
   <div class='ocr_carea' id='block_1_3' title="bbox 314 323 2488 554">
    <p class='ocr_par' dir='ltr' id='par_1_3' title="bbox 314 323 2488 554">
     <span class='ocr_line' id='line_1_3' title="bbox 356 323 2488 406; baseline -0.005 -17"><span class='ocrx_word' id='word_1_12' title='bbox 356 333 701 389; x_wconf 82' lang='lat' dir='ltr'>Senatorium</span> <span class='ocrx_word' id='word_1_13' title='bbox 725 351 966 397; x_wconf 87' lang='lat' dir='ltr'>morem,</span> <span class='ocrx_word' id='word_1_14' title='bbox 1007 331 1160 406; x_wconf 91' lang='lat' dir='ltr'>quod</span> <span class='ocrx_word' id='word_1_15' title='bbox 1180 338 1198 359; x_wconf 91' lang='lat'><em>²</em></span> <span class='ocrx_word' id='word_1_16' title='bbox 1224 326 1584 384; x_wconf 75' lang='lat' dir='ltr'>fidelissimum</span> <span class='ocrx_word' id='word_1_17' title='bbox 1612 323 1979 398; x_wconf 84' lang='lat' dir='ltr'>praecipiendi</span> <span class='ocrx_word' id='word_1_18' title='bbox 1999 341 2165 394; x_wconf 86' lang='lat' dir='ltr'>genus</span> <span class='ocrx_word' id='word_1_19' title='bbox 2182 362 2197 388; x_wconf 92' lang='lat'><strong>,</strong></span> <span class='ocrx_word' id='word_1_20' title='bbox 2230 324 2488 395; x_wconf 84' lang='lat' dir='ltr'>exemplis</span> 
     </span>
     <span class='ocr_line' id='line_1_4' title="bbox 314 397 2488 479; baseline -0.005 -15"><span class='ocrx_word' id='word_1_21' title='bbox 314 414 347 465; x_wconf 94' lang='lat'>7</span> <span class='ocrx_word' id='word_1_22' title='bbox 364 409 718 464; x_wconf 74' lang='lat' dir='ltr'><strong>docebantur.</strong></span> <span class='ocrx_word' id='word_1_23' title='bbox 763 407 1186 479; x_wconf 83' lang='lat' dir='ltr'>Arnosjuvenes</span> <span class='ocrx_word' id='word_1_24' title='bbox 1200 401 1630 475; x_wconf 86' lang='lat' dir='ltr'>fuimusquidem</span> <span class='ocrx_word' id='word_1_25' title='bbox 1652 401 1705 454; x_wconf 91' lang='lat' dir='ltr'>in</span> <span class='ocrx_word' id='word_1_26' title='bbox 1719 397 2031 453; x_wconf 76' lang='lat' dir='ltr'>castriszsed</span> <span class='ocrx_word' id='word_1_27' title='bbox 2053 404 2070 433; x_wconf 85' lang='lat'><em>³</em></span> <span class='ocrx_word' id='word_1_28' title='bbox 2103 415 2228 453; x_wconf 88' lang='lat' dir='ltr'>cum</span> <span class='ocrx_word' id='word_1_29' title='bbox 2254 397 2488 470; x_wconf 63' lang='lat' dir='ltr'>suspeRa</span> 
     </span>
     <span class='ocr_line' id='line_1_5' title="bbox 359 472 2487 554; baseline -0.005 -15"><span class='ocrx_word' id='word_1_30' title='bbox 359 487 530 539; x_wconf 81' lang='lat' dir='ltr'>virtus</span> <span class='ocrx_word' id='word_1_31' title='bbox 555 525 570 548; x_wconf 93' lang='lat'>,</span> <span class='ocrx_word' id='word_1_32' title='bbox 614 486 841 539; x_wconf 87' lang='lat' dir='ltr'>⁴inertia</span> <span class='ocrx_word' id='word_1_33' title='bbox 869 486 921 538; x_wconf 91' lang='lat' dir='ltr'>in</span> <span class='ocrx_word' id='word_1_34' title='bbox 950 484 1168 554; x_wconf 89' lang='lat' dir='ltr'>pretio,</span> <span class='ocrx_word' id='word_1_35' title='bbox 1219 497 1346 534; x_wconf 89' lang='lat' dir='ltr'>cum</span> <span class='ocrx_word' id='word_1_36' title='bbox 1374 477 1602 532; x_wconf 85' lang='lat' dir='ltr'>ducibus</span> <span class='ocrx_word' id='word_1_37' title='bbox 1628 473 1912 529; x_wconf 64' lang='lat' dir='ltr'>aufioritas</span> <span class='ocrx_word' id='word_1_38' title='bbox 1940 473 2114 537; x_wconf 88' lang='lat' dir='ltr'>nulla,</span> <span class='ocrx_word' id='word_1_39' title='bbox 2142 472 2284 528; x_wconf 88' lang='lat' dir='ltr'>nulla</span> <span class='ocrx_word' id='word_1_40' title='bbox 2305 474 2487 529; x_wconf 90' lang='lat' dir='ltr'>militi-</span> 
     </span>
    </p>
   </div>
   <div class='ocr_carea' id='block_1_4' title="bbox 318 547 2559 985">
    <p class='ocr_par' dir='ltr' id='par_1_4' title="bbox 318 547 2559 985">
     <span class='ocr_line' id='line_1_6' title="bbox 361 547 2542 627; baseline -0.005 -12"><span class='ocrx_word' id='word_1_41' title='bbox 361 558 460 614; x_wconf 87' lang='lat' dir='ltr'>bus</span> <span class='ocrx_word' id='word_1_42' title='bbox 496 558 824 614; x_wconf 87' lang='lat' dir='ltr'>verecundia</span> <span class='ocrx_word' id='word_1_43' title='bbox 848 597 864 621; x_wconf 91' lang='lat'>‚</span> <span class='ocrx_word' id='word_1_44' title='bbox 915 573 1175 627; x_wconf 82' lang='lat' dir='ltr'>nusquam</span> <span class='ocrx_word' id='word_1_45' title='bbox 1212 554 1501 625; x_wconf 88' lang='lat' dir='ltr'>imperium</span> <span class='ocrx_word' id='word_1_46' title='bbox 1525 593 1542 615; x_wconf 89' lang='lat'><strong>,</strong></span> <span class='ocrx_word' id='word_1_47' title='bbox 1591 566 1855 621; x_wconf 81' lang='lat' dir='ltr'>nusquam</span> <span class='ocrx_word' id='word_1_48' title='bbox 1899 547 2219 620; x_wconf 85' lang='lat' dir='ltr'>obsequium</span> <span class='ocrx_word' id='word_1_49' title='bbox 2244 587 2261 612; x_wconf 89' lang='lat'>‚</span> <span class='ocrx_word' id='word_1_50' title='bbox 2311 549 2492 605; x_wconf 85' lang='lat' dir='ltr'>omnia</span> <span class='ocrx_word' id='word_1_51' title='bbox 2533 616 2542 623; x_wconf 42' lang='lat'><em>,</em></span> 
     </span>
     <span class='ocr_line' id='line_1_7' title="bbox 362 621 2497 701; baseline -0.004 -13"><span class='ocrx_word' id='word_1_52' title='bbox 362 633 529 688; x_wconf 87' lang='lat' dir='ltr'>soluta</span> <span class='ocrx_word' id='word_1_53' title='bbox 555 673 570 698; x_wconf 93' lang='lat'>‚</span> <span class='ocrx_word' id='word_1_54' title='bbox 612 641 626 668; x_wconf 78' lang='lat'><em>⁵</em></span> <span class='ocrx_word' id='word_1_55' title='bbox 649 633 861 688; x_wconf 78' lang='lat' dir='ltr'>turbata·</span> <span class='ocrx_word' id='word_1_56' title='bbox 890 668 904 694; x_wconf 91' lang='lat'>‚</span> <span class='ocrx_word' id='word_1_57' title='bbox 954 644 1116 701; x_wconf 87' lang='lat' dir='ltr'>atque</span> <span class='ocrx_word' id='word_1_58' title='bbox 1135 628 1382 682; x_wconf 89' lang='lat' dir='ltr'>etiam.in</span> <span class='ocrx_word' id='word_1_59' title='bbox 1407 627 1740 681; x_wconf 84' lang='lat' dir='ltr'>contrarium</span> <span class='ocrx_word' id='word_1_60' title='bbox 1761 623 1907 678; x_wconf 87' lang='lat' dir='ltr'>versa·</span> <span class='ocrx_word' id='word_1_61' title='bbox 1929 663 1945 687; x_wconf 93' lang='lat'>‚</span> <span class='ocrx_word' id='word_1_62' title='bbox 1994 621 2271 695; x_wconf 75' lang='lat' dir='ltr'>postremo</span> <span class='ocrx_word' id='word_1_63' title='bbox 2303 621 2497 680; x_wconf 90' lang='lat' dir='ltr'>oblivi-</span> 
     </span>
     <span class='ocr_line' id='line_1_8' title="bbox 318 697 2529 778; baseline -0.003 -16"><span class='ocrx_word' id='word_1_64' title='bbox 318 699 555 762; x_wconf 76' lang='lat' dir='ltr'>3scenda</span> <span class='ocrx_word' id='word_1_65' title='bbox 584 709 778 778; x_wconf 87' lang='lat' dir='ltr'>magis,</span> <span class='ocrx_word' id='word_1_66' title='bbox 821 721 985 776; x_wconf 89' lang='lat' dir='ltr'>quam</span> <span class='ocrx_word' id='word_1_67' title='bbox 1012 702 1263 757; x_wconf 86' lang='lat' dir='ltr'>tenenda.</span> <span class='ocrx_word' id='word_1_68' title='bbox 1307 701 1472 755; x_wconf 84' lang='lat' dir='ltr'>Iidem</span> <span class='ocrx_word' id='word_1_69' title='bbox 1500 701 1870 772; x_wconf 83' lang='lat' dir='ltr'>prospeximus</span> <span class='ocrx_word' id='word_1_70' title='bbox 1897 700 2126 753; x_wconf 88' lang='lat' dir='ltr'>curiam:</span> <span class='ocrx_word' id='word_1_71' title='bbox 2170 697 2261 753; x_wconf 91' lang='lat' dir='ltr'>sed</span> <span class='ocrx_word' id='word_1_72' title='bbox 2288 700 2501 756; x_wconf 86' lang='lat' dir='ltr'>curiam·</span> <span class='ocrx_word' id='word_1_73' title='bbox 2524 707 2529 709; x_wconf 71' lang='grc'><strong><em>’</em></strong></span> 
     </span>
     <span class='ocr_line' id='line_1_9' title="bbox 359 773 2559 853; baseline -0.005 -17"><span class='ocrx_word' id='word_1_74' title='bbox 359 783 671 853; x_wconf 80' lang='lat' dir='ltr'>‘trepidam</span> <span class='ocrx_word' id='word_1_75' title='bbox 694 781 748 834; x_wconf 69' lang='grc' dir='ltr'>δε</span> <span class='ocrx_word' id='word_1_76' title='bbox 775 780 1077 851; x_wconf 79' lang='lat' dir='ltr'>elinguem,</span> <span class='ocrx_word' id='word_1_77' title='bbox 1105 795 1232 832; x_wconf 88' lang='lat' dir='ltr'>cum</span> <span class='ocrx_word' id='word_1_78' title='bbox 1260 776 1441 830; x_wconf 80' lang='lat' dir='ltr'>dicere</span> <span class='ocrx_word' id='word_1_79' title='bbox 1466 774 1620 845; x_wconf 85' lang='lat' dir='ltr'>quod</span> <span class='ocrx_word' id='word_1_80' title='bbox 1645 775 1805 830; x_wconf 88' lang='lat' dir='ltr'>velles</span> <span class='ocrx_word' id='word_1_81' title='bbox 1823 818 1836 836; x_wconf 87' lang='lat'>‚</span> <span class='ocrx_word' id='word_1_82' title='bbox 1877 779 1895 810; x_wconf 91' lang='lat'><strong><em>⁷</em></strong></span> <span class='ocrx_word' id='word_1_83' title='bbox 1922 773 2315 846; x_wconf 87' lang='lat' dir='ltr'>periculosum:</span> <span class='ocrx_word' id='word_1_84' title='bbox 2340 775 2503 847; x_wconf 63' lang='lat' dir='ltr'>quod.</span> <span class='ocrx_word' id='word_1_85' title='bbox 2558 843 2559 846; x_wconf 7' lang='grc' dir='ltr'><strong>Ἴ</strong></span> 
     </span>
     <span class='ocr_line' id='line_1_10' title="bbox 356 848 2496 924; baseline -0.003 -13"><span class='ocrx_word' id='word_1_86' title='bbox 356 857 527 912; x_wconf 91' lang='lat' dir='ltr'>nolles</span> <span class='ocrx_word' id='word_1_87' title='bbox 550 894 566 919; x_wconf 91' lang='lat'>‚</span> <span class='ocrx_word' id='word_1_88' title='bbox 622 855 878 909; x_wconf 80' lang='lat' dir='ltr'>miserum</span> <span class='ocrx_word' id='word_1_89' title='bbox 903 853 1043 908; x_wconf 78' lang='lat' dir='ltr'>effer.</span> <span class='ocrx_word' id='word_1_90' title='bbox 1122 853 1275 924; x_wconf 88' lang='lat' dir='ltr'>Quid</span> <span class='ocrx_word' id='word_1_91' title='bbox 1305 864 1434 904; x_wconf 87' lang='lat' dir='ltr'>tunc</span> <span class='ocrx_word' id='word_1_92' title='bbox 1464 848 1596 903; x_wconf 88' lang='lat' dir='ltr'>disci</span> <span class='ocrx_word' id='word_1_93' title='bbox 1620 850 1800 921; x_wconf 90' lang='lat' dir='ltr'>potuit</span> <span class='ocrx_word' id='word_1_94' title='bbox 1829 849 1846 901; x_wconf 90' lang='lat'>?</span> <span class='ocrx_word' id='word_1_95' title='bbox 1895 848 2029 920; x_wconf 90' lang='lat' dir='ltr'>quid</span> <span class='ocrx_word' id='word_1_96' title='bbox 2055 848 2295 903; x_wconf 74' lang='lat' dir='ltr'>didicisse</span> <span class='ocrx_word' id='word_1_97' title='bbox 2314 848 2458 919; x_wconf 90' lang='lat' dir='ltr'>juvit</span> <span class='ocrx_word' id='word_1_98' title='bbox 2479 889 2496 915; x_wconf 94' lang='lat'>‚</span> 
     </span>
     <span class='ocr_line' id='line_1_11' title="bbox 360 921 2500 985; baseline -0.002 0"><span class='ocrx_word' id='word_1_99' title='bbox 360 949 486 985; x_wconf 89' lang='lat' dir='ltr'>cum</span> <span class='ocrx_word' id='word_1_100' title='bbox 513 929 736 984; x_wconf 85' lang='lat' dir='ltr'>Senatus</span> <span class='ocrx_word' id='word_1_101' title='bbox 771 932 787 958; x_wconf 81' lang='lat'><strong>⁸</strong></span> <span class='ocrx_word' id='word_1_102' title='bbox 827 942 915 985; x_wconf 89' lang='lat' dir='ltr'>aut</span> <span class='ocrx_word' id='word_1_103' title='bbox 940 929 1005 982; x_wconf 85' lang='lat' dir='ltr'>ad</span> <span class='ocrx_word' id='word_1_104' title='bbox 1047 929 1223 982; x_wconf 90' lang='lat' dir='ltr'>otium</span> <span class='ocrx_word' id='word_1_105' title='bbox 1253 926 1524 981; x_wconf 90' lang='lat' dir='ltr'>summum</span> <span class='ocrx_word' id='word_1_106' title='bbox 1547 961 1563 985; x_wconf 93' lang='lat'>‚</span> <span class='ocrx_word' id='word_1_107' title='bbox 1614 935 1704 976; x_wconf 89' lang='lat' dir='ltr'>aut</span> <span class='ocrx_word' id='word_1_108' title='bbox 1728 921 1796 975; x_wconf 89' lang='lat' dir='ltr'>ad</span> <span class='ocrx_word' id='word_1_109' title='bbox 1817 922 2088 978; x_wconf 90' lang='lat' dir='ltr'>summum</span> <span class='ocrx_word' id='word_1_110' title='bbox 2108 923 2250 978; x_wconf 87' lang='lat' dir='ltr'>nefas</span> <span class='ocrx_word' id='word_1_111' title='bbox 2274 941 2500 980; x_wconf 89' lang='lat' dir='ltr'>vocare-</span> 
     </span>
    </p>
   </div>
   <div class='ocr_carea' id='block_1_5' title="bbox 360 997 2513 1131">
    <p class='ocr_par' dir='ltr' id='par_1_5' title="bbox 360 997 2513 1131">
     <span class='ocr_line' id='line_1_12' title="bbox 360 997 2508 1131; baseline -0.002 -71"><span class='ocrx_word' id='word_1_112' title='bbox 360 1020 448 1062; x_wconf 87' lang='lat' dir='ltr'>tur</span> <span class='ocrx_word' id='word_1_113' title='bbox 476 1007 494 1058; x_wconf 84' lang='lat'>?</span> <span class='ocrx_word' id='word_1_114' title='bbox 538 1005 591 1061; x_wconf 85' lang='lat'>&amp;</span> <span class='ocrx_word' id='word_1_115' title='bbox 629 1003 802 1065; x_wconf 88' lang='lat' dir='ltr'>modo</span> <span class='ocrx_word' id='word_1_116' title='bbox 832 1013 851 1040; x_wconf 84' lang='lat'>⁹</span> <span class='ocrx_word' id='word_1_117' title='bbox 883 1004 1158 1075; x_wconf 83' lang='lat' dir='ltr'>ludibrio,</span> <span class='ocrx_word' id='word_1_118' title='bbox 1227 1000 1402 1058; x_wconf 90' lang='lat' dir='ltr'>modo.</span> <span class='ocrx_word' id='word_1_119' title='bbox 1431 997 1612 1055; x_wconf 85' lang='lat' dir='ltr'>dolori</span> <span class='ocrx_word' id='word_1_120' title='bbox 1648 1008 1890 1053; x_wconf 89' lang='lat' dir='ltr'>retentus</span> <span class='ocrx_word' id='word_1_121' title='bbox 1915 1034 1934 1061; x_wconf 42' lang='lat'>‚,</span> <span class='ocrx_word' id='word_1_122' title='bbox 1972 1014 2272 1072; x_wconf 86' lang='lat' dir='ltr'>numquam</span> <span class='ocrx_word' id='word_1_123' title='bbox 2318 999 2449 1131; x_wconf 49' lang='lat' dir='ltr'>serisa</span> <span class='ocrx_word' id='word_1_124' title='bbox 2480 1039 2508 1063; x_wconf 86' lang='lat'>‚.</span> 
     </span>
     <span class='ocr_line' id='line_1_13' title="bbox 2298 1076 2513 1131; baseline -0.014 -1"><span class='ocrx_word' id='word_1_125' title='bbox 2298 1079 2321 1104; x_wconf 85' lang='lat'>¹·</span> <span class='ocrx_word' id='word_1_126' title='bbox 2340 1076 2405 1130; x_wconf 89' lang='lat' dir='ltr'>tri</span> <span class='ocrx_word' id='word_1_127' title='bbox 2453 1076 2513 1131; x_wconf 82' lang='lat' dir='ltr'>ia-</span> 
     </span>
    </p>
   </div>
   <div class='ocr_carea' id='block_1_6' title="bbox 1453 1265 2510 1680">
    <p class='ocr_par' dir='ltr' id='par_1_6' title="bbox 1457 1265 2510 1360">
     <span class='ocr_line' id='line_1_14' title="bbox 1457 1265 2510 1360; baseline 0.003 -50"><span class='ocrx_word' id='word_1_128' title='bbox 1457 1281 1540 1360; x_wconf 69' lang='lat' dir='ltr'>1l·3um</span> <span class='ocrx_word' id='word_1_129' title='bbox 1563 1269 1820 1321; x_wconf 86' lang='lat' dir='ltr'>publicorum:</span> <span class='ocrx_word' id='word_1_130' title='bbox 1855 1265 1902 1308; x_wconf 85' lang='lat' dir='ltr'>de</span> <span class='ocrx_word' id='word_1_131' title='bbox 1935 1278 2012 1319; x_wconf 89' lang='lat' dir='ltr'>quo</span> <span class='ocrx_word' id='word_1_132' title='bbox 2032 1267 2077 1308; x_wconf 88' lang='lat' dir='ltr'>ad</span> <span class='ocrx_word' id='word_1_133' title='bbox 2105 1266 2187 1309; x_wconf 88' lang='lat' dir='ltr'>Lib.</span> <span class='ocrx_word' id='word_1_134' title='bbox 2208 1270 2261 1310; x_wconf 91' lang='lat' dir='ltr'>V.</span> <span class='ocrx_word' id='word_1_135' title='bbox 2285 1270 2393 1321; x_wconf 87' lang='lat' dir='ltr'>Epist.</span> <span class='ocrx_word' id='word_1_136' title='bbox 2410 1272 2510 1317; x_wconf 70' lang='lat' dir='ltr'>XV.&#39;,</span> 
     </span>
     <span class='ocr_line' id='line_1_15' title="bbox 1502 1335 1718 1360; baseline -0.005 0"><span class='ocrx_word' id='word_1_137' title='bbox 1502 1337 1522 1360; x_wconf 87' lang='lat' dir='ltr'><em>U</em></span> <span class='ocrx_word' id='word_1_138' title='bbox 1539 1335 1561 1360; x_wconf 90' lang='lat' dir='ltr'>C</span> <span class='ocrx_word' id='word_1_139' title='bbox 1574 1335 1598 1359; x_wconf 83' lang='lat' dir='ltr'>H</span> <span class='ocrx_word' id='word_1_140' title='bbox 1611 1337 1632 1359; x_wconf 85' lang='grc' dir='ltr'>Ν</span> <span class='ocrx_word' id='word_1_141' title='bbox 1646 1335 1667 1360; x_wconf 76' lang='grc' dir='ltr'>Ε</span> <span class='ocrx_word' id='word_1_142' title='bbox 1681 1336 1718 1360; x_wconf 80' lang='lat' dir='ltr'>R.</span> 
     </span>
    </p>

    <p class='ocr_par' dir='ltr' id='par_1_7' title="bbox 1454 1371 2498 1514">
     <span class='ocr_line' id='line_1_16' title="bbox 1511 1371 2498 1424; baseline 0.001 -12"><span class='ocrx_word' id='word_1_143' title='bbox 1511 1387 1544 1422; x_wconf 84' lang='grc' dir='ltr'>ς.</span> <span class='ocrx_word' id='word_1_144' title='bbox 1573 1371 1768 1422; x_wconf 56' lang='lat' dir='ltr'>Turbata]</span> <span class='ocrx_word' id='word_1_145' title='bbox 1797 1371 1986 1421; x_wconf 82' lang='lat' dir='ltr'>Disciplina</span> <span class='ocrx_word' id='word_1_146' title='bbox 2004 1371 2144 1410; x_wconf 88' lang='lat' dir='ltr'>militari</span> <span class='ocrx_word' id='word_1_147' title='bbox 2161 1372 2254 1421; x_wconf 86' lang='lat' dir='ltr'>lapsa</span> <span class='ocrx_word' id='word_1_148' title='bbox 2269 1384 2312 1412; x_wconf 89' lang='lat' dir='ltr'>ac</span> <span class='ocrx_word' id='word_1_149' title='bbox 2329 1383 2498 1424; x_wconf 59' lang='lat' dir='ltr'>peueex4·</span> 
     </span>
     <span class='ocr_line' id='line_1_17' title="bbox 1455 1422 2498 1471; baseline 0.006 -9"><span class='ocrx_word' id='word_1_150' title='bbox 1455 1424 1590 1468; x_wconf 59' lang='lat' dir='ltr'>tincta,</span> <span class='ocrx_word' id='word_1_151' title='bbox 1620 1426 1661 1463; x_wconf 73' lang='grc' dir='ltr'>ὃ(</span> <span class='ocrx_word' id='word_1_152' title='bbox 1680 1423 1854 1462; x_wconf 85' lang='lat' dir='ltr'>senatoria</span> <span class='ocrx_word' id='word_1_153' title='bbox 1876 1422 2047 1470; x_wconf 80' lang='lat' dir='ltr'>dignitate</span> <span class='ocrx_word' id='word_1_154' title='bbox 2069 1423 2159 1461; x_wconf 89' lang='lat' dir='ltr'>olim</span> <span class='ocrx_word' id='word_1_155' title='bbox 2180 1423 2289 1463; x_wconf 86' lang='lat' dir='ltr'>libera</span> <span class='ocrx_word' id='word_1_156' title='bbox 2309 1453 2321 1471; x_wconf 92' lang='lat'>‚</span> <span class='ocrx_word' id='word_1_157' title='bbox 2347 1433 2434 1467; x_wconf 89' lang='lat' dir='ltr'>tunc</span> <span class='ocrx_word' id='word_1_158' title='bbox 2452 1429 2498 1468; x_wconf 65' lang='lat' dir='ltr'>inv</span> 
     </span>
     <span class='ocr_line' id='line_1_18' title="bbox 1454 1472 2041 1514; baseline -0.003 0"><span class='ocrx_word' id='word_1_159' title='bbox 1454 1475 1640 1514; x_wconf 85' lang='lat' dir='ltr'>servitium</span> <span class='ocrx_word' id='word_1_160' title='bbox 1662 1473 1808 1512; x_wconf 67' lang='lat' dir='ltr'>redatsta</span> <span class='ocrx_word' id='word_1_161' title='bbox 1850 1472 1882 1509; x_wconf 91' lang='lat' dir='ltr'>C</span> <span class='ocrx_word' id='word_1_162' title='bbox 1896 1485 1918 1508; x_wconf 86' lang='lat' dir='ltr'>A</span> <span class='ocrx_word' id='word_1_163' title='bbox 1933 1485 1954 1509; x_wconf 77' lang='grc' dir='ltr'><strong><em>τ</em></strong></span> <span class='ocrx_word' id='word_1_164' title='bbox 1968 1486 1988 1510; x_wconf 74' lang='lat' dir='ltr'>A</span> <span class='ocrx_word' id='word_1_165' title='bbox 2002 1487 2041 1512; x_wconf 76' lang='lat' dir='ltr'>N.</span> 
     </span>
    </p>

    <p class='ocr_par' dir='ltr' id='par_1_8' title="bbox 1453 1523 2503 1680">
     <span class='ocr_line' id='line_1_19' title="bbox 1508 1523 2491 1580; baseline 0.005 -17"><span class='ocrx_word' id='word_1_166' title='bbox 1508 1527 1542 1564; x_wconf 92' lang='grc'>6.</span> <span class='ocrx_word' id='word_1_167' title='bbox 1571 1525 1755 1575; x_wconf 77' lang='lat' dir='ltr'>Trepidam</span> <span class='ocrx_word' id='word_1_168' title='bbox 1775 1533 1817 1563; x_wconf 69' lang='grc' dir='ltr'>ω’</span> <span class='ocrx_word' id='word_1_169' title='bbox 1837 1523 2048 1575; x_wconf 76' lang='lat' dir='ltr'>elinguem]</span> <span class='ocrx_word' id='word_1_170' title='bbox 2080 1524 2190 1562; x_wconf 91' lang='lat' dir='ltr'>Metu</span> <span class='ocrx_word' id='word_1_171' title='bbox 2225 1524 2393 1566; x_wconf 90' lang='lat' dir='ltr'>videlicet</span> <span class='ocrx_word' id='word_1_172' title='bbox 2430 1537 2491 1580; x_wconf 61' lang='lat' dir='ltr'>tg-</span> 
     </span>
     <span class='ocr_line' id='line_1_20' title="bbox 1454 1575 2490 1628; baseline 0.005 -15"><span class='ocrx_word' id='word_1_173' title='bbox 1454 1578 1575 1615; x_wconf 89' lang='lat' dir='ltr'>ranni:</span> <span class='ocrx_word' id='word_1_174' title='bbox 1603 1587 1688 1614; x_wconf 91' lang='lat' dir='ltr'>cum</span> <span class='ocrx_word' id='word_1_175' title='bbox 1705 1604 1715 1620; x_wconf 90' lang='lat'>‚</span> <span class='ocrx_word' id='word_1_176' title='bbox 1743 1575 1826 1625; x_wconf 89' lang='lat' dir='ltr'>quia</span> <span class='ocrx_word' id='word_1_177' title='bbox 1848 1575 2084 1623; x_wconf 89' lang='lat' dir='ltr'>periculosum</span> <span class='ocrx_word' id='word_1_178' title='bbox 2109 1575 2319 1625; x_wconf 81' lang='lat' dir='ltr'>quod&#39;velis</span> <span class='ocrx_word' id='word_1_179' title='bbox 2349 1578 2490 1628; x_wconf 84' lang='lat' dir='ltr'>dicere,</span> 
     </span>
     <span class='ocr_line' id='line_1_21' title="bbox 1453 1624 2503 1680; baseline 0 -14"><span class='ocrx_word' id='word_1_180' title='bbox 1453 1628 1492 1665; x_wconf 71' lang='grc' dir='ltr'>ὅ(</span> <span class='ocrx_word' id='word_1_181' title='bbox 1511 1627 1679 1666; x_wconf 90' lang='lat' dir='ltr'>miserum</span> <span class='ocrx_word' id='word_1_182' title='bbox 1694 1654 1704 1671; x_wconf 97' lang='lat'>,</span> <span class='ocrx_word' id='word_1_183' title='bbox 1718 1624 1820 1676; x_wconf 89' lang='lat' dir='ltr'>quod</span> <span class='ocrx_word' id='word_1_184' title='bbox 1841 1625 1952 1666; x_wconf 81' lang='lat' dir='ltr'>nolis,</span> <span class='ocrx_word' id='word_1_185' title='bbox 1982 1624 2080 1664; x_wconf 82' lang='lat' dir='ltr'>fil‘ere</span> <span class='ocrx_word' id='word_1_186' title='bbox 2099 1626 2247 1675; x_wconf 79' lang='lat' dir='ltr'>praestat</span> <span class='ocrx_word' id='word_1_187' title='bbox 2265 1628 2304 1665; x_wconf 89' lang='lat'>&amp;</span> <span class='ocrx_word' id='word_1_188' title='bbox 2323 1630 2503 1680; x_wconf 64' lang='lat' dir='ltr'>elinguem</span> 
     </span>
    </p>
   </div>
   <div class='ocr_carea' id='block_1_7' title="bbox 346 1286 1385 1532">
    <p class='ocr_par' dir='ltr' id='par_1_9' title="bbox 346 1286 1385 1532">
     <span class='ocr_line' id='line_1_22' title="bbox 409 1286 1385 1341; baseline -0.003 -12"><span class='ocrx_word' id='word_1_189' title='bbox 409 1302 442 1329; x_wconf 80' lang='lat' dir='ltr'>r.</span> <span class='ocrx_word' id='word_1_190' title='bbox 467 1291 569 1340; x_wconf 68' lang='lat' dir='ltr'>Qae</span> <span class='ocrx_word' id='word_1_191' title='bbox 587 1290 772 1341; x_wconf 57' lang='lat' dir='ltr'>exemia]</span> <span class='ocrx_word' id='word_1_192' title='bbox 802 1288 1012 1338; x_wconf 73' lang='lat' dir='ltr'>Quomodo</span> <span class='ocrx_word' id='word_1_193' title='bbox 1040 1288 1086 1326; x_wconf 91' lang='lat' dir='ltr'>illi</span> <span class='ocrx_word' id='word_1_194' title='bbox 1115 1286 1270 1326; x_wconf 87' lang='lat' dir='ltr'>debeant</span> <span class='ocrx_word' id='word_1_195' title='bbox 1299 1299 1385 1326; x_wconf 84' lang='lat' dir='ltr'>exe-</span> 
     </span>
     <span class='ocr_line' id='line_1_23' title="bbox 352 1338 1383 1392; baseline -0.004 -12"><span class='ocrx_word' id='word_1_196' title='bbox 352 1341 415 1389; x_wconf 82' lang='lat' dir='ltr'>qui</span> <span class='ocrx_word' id='word_1_197' title='bbox 435 1341 647 1380; x_wconf 87' lang='lat' dir='ltr'>sententiam</span> <span class='ocrx_word' id='word_1_198' title='bbox 673 1371 682 1386; x_wconf 81' lang='grc'><em>,</em></span> <span class='ocrx_word' id='word_1_199' title='bbox 725 1343 787 1392; x_wconf 90' lang='lat' dir='ltr'>qui</span> <span class='ocrx_word' id='word_1_200' title='bbox 806 1341 937 1390; x_wconf 81' lang='lat' dir='ltr'>aliquid</span> <span class='ocrx_word' id='word_1_201' title='bbox 958 1340 1094 1378; x_wconf 87' lang='lat' dir='ltr'>addunt</span> <span class='ocrx_word' id='word_1_202' title='bbox 1113 1339 1221 1388; x_wconf 81' lang='lat' dir='ltr'>priori</span> <span class='ocrx_word' id='word_1_203' title='bbox 1241 1338 1383 1377; x_wconf 82' lang='lat' dir='ltr'>senten-</span> 
     </span>
     <span class='ocr_line' id='line_1_24' title="bbox 347 1390 1381 1443; baseline -0.002 -14"><span class='ocrx_word' id='word_1_204' title='bbox 347 1393 428 1429; x_wconf 86' lang='lat' dir='ltr'>tiae.</span> <span class='ocrx_word' id='word_1_205' title='bbox 488 1394 629 1431; x_wconf 87' lang='lat' dir='ltr'>Dicitur</span> <span class='ocrx_word' id='word_1_206' title='bbox 654 1393 804 1443; x_wconf 67' lang='lat' dir='ltr'>persequi</span> <span class='ocrx_word' id='word_1_207' title='bbox 825 1394 881 1430; x_wconf 91' lang='lat' dir='ltr'>vel</span> <span class='ocrx_word' id='word_1_208' title='bbox 905 1391 1023 1436; x_wconf 78' lang='lat' dir='ltr'>exequi</span> <span class='ocrx_word' id='word_1_209' title='bbox 1045 1390 1122 1439; x_wconf 88' lang='lat' dir='ltr'>quis</span> <span class='ocrx_word' id='word_1_210' title='bbox 1148 1390 1381 1435; x_wconf 89' lang='lat' dir='ltr'>sententiam,</span> 
     </span>
     <span class='ocr_line' id='line_1_25' title="bbox 347 1441 1380 1493; baseline -0.001 -15"><span class='ocrx_word' id='word_1_211' title='bbox 347 1452 434 1480; x_wconf 88' lang='lat' dir='ltr'>curn</span> <span class='ocrx_word' id='word_1_212' title='bbox 458 1444 616 1493; x_wconf 84' lang='lat' dir='ltr'>disquirit</span> <span class='ocrx_word' id='word_1_213' title='bbox 631 1443 836 1481; x_wconf 85' lang='lat' dir='ltr'>senatorum</span> <span class='ocrx_word' id='word_1_214' title='bbox 861 1444 1074 1491; x_wconf 86' lang='lat' dir='ltr'>opinionem</span> <span class='ocrx_word' id='word_1_215' title='bbox 1096 1441 1139 1478; x_wconf 88' lang='lat'>&amp;</span> <span class='ocrx_word' id='word_1_216' title='bbox 1155 1448 1287 1478; x_wconf 90' lang='lat' dir='ltr'>votum</span> <span class='ocrx_word' id='word_1_217' title='bbox 1302 1469 1313 1485; x_wconf 93' lang='lat'>,</span> <span class='ocrx_word' id='word_1_218' title='bbox 1341 1450 1380 1478; x_wconf 89' lang='lat' dir='ltr'>ut</span> 
     </span>
     <span class='ocr_line' id='line_1_26' title="bbox 346 1491 997 1532; baseline 0 -2"><span class='ocrx_word' id='word_1_219' title='bbox 346 1491 410 1530; x_wconf 80' lang='lat' dir='ltr'>fiat</span> <span class='ocrx_word' id='word_1_220' title='bbox 427 1493 780 1532; x_wconf 84' lang='lat' dir='ltr'>senatusconsultum.</span> <span class='ocrx_word' id='word_1_221' title='bbox 807 1495 840 1532; x_wconf 94' lang='lat' dir='ltr'>C</span> <span class='ocrx_word' id='word_1_222' title='bbox 853 1510 873 1530; x_wconf 78' lang='lat' dir='ltr'><strong>A</strong></span> <span class='ocrx_word' id='word_1_223' title='bbox 887 1506 910 1531; x_wconf 69' lang='lat' dir='ltr'>‘r</span> <span class='ocrx_word' id='word_1_224' title='bbox 926 1507 947 1531; x_wconf 71' lang='grc' dir='ltr'><strong>Α</strong></span> <span class='ocrx_word' id='word_1_225' title='bbox 960 1506 997 1530; x_wconf 72' lang='grc' dir='ltr'>Ν.</span> 
     </span>
    </p>
   </div>
   <div class='ocr_carea' id='block_1_8' title="bbox 342 1554 1379 1658">
    <p class='ocr_par' dir='ltr' id='par_1_10' title="bbox 342 1554 1379 1658">
     <span class='ocr_line' id='line_1_27' title="bbox 397 1554 1377 1609; baseline -0.001 -14"><span class='ocrx_word' id='word_1_226' title='bbox 397 1569 432 1597; x_wconf 89' lang='lat'>2.</span> <span class='ocrx_word' id='word_1_227' title='bbox 459 1557 704 1605; x_wconf 81' lang='lat' dir='ltr'>Fideliffimum</span> <span class='ocrx_word' id='word_1_228' title='bbox 717 1558 943 1609; x_wconf 77' lang='lat' dir='ltr'>praecipiendi</span> <span class='ocrx_word' id='word_1_229' title='bbox 962 1554 1105 1606; x_wconf 53' lang='lat' dir='ltr'>genua]</span> <span class='ocrx_word' id='word_1_230' title='bbox 1146 1555 1224 1603; x_wconf 89' lang='lat' dir='ltr'>Qui</span> <span class='ocrx_word' id='word_1_231' title='bbox 1245 1556 1377 1603; x_wconf 49' lang='lat' dir='ltr'>praeci*</span> 
     </span>
     <span class='ocr_line' id='line_1_28' title="bbox 342 1605 1379 1658; baseline 0.001 -14"><span class='ocrx_word' id='word_1_232' title='bbox 342 1608 417 1656; x_wconf 86' lang='lat' dir='ltr'>pit,</span> <span class='ocrx_word' id='word_1_233' title='bbox 445 1620 513 1647; x_wconf 91' lang='lat' dir='ltr'>nec</span> <span class='ocrx_word' id='word_1_234' title='bbox 533 1611 615 1647; x_wconf 80' lang='lat' dir='ltr'>facit</span> <span class='ocrx_word' id='word_1_235' title='bbox 635 1609 725 1658; x_wconf 89' lang='lat' dir='ltr'>ipse,</span> <span class='ocrx_word' id='word_1_236' title='bbox 753 1621 846 1658; x_wconf 86' lang='lat' dir='ltr'>quae</span> <span class='ocrx_word' id='word_1_237' title='bbox 870 1608 1038 1657; x_wconf 80' lang='lat' dir='ltr'>praecipit</span> <span class='ocrx_word' id='word_1_238' title='bbox 1062 1634 1072 1650; x_wconf 92' lang='lat'>,</span> <span class='ocrx_word' id='word_1_239' title='bbox 1098 1605 1277 1644; x_wconf 86' lang='lat' dir='ltr'>scientiam</span> <span class='ocrx_word' id='word_1_240' title='bbox 1299 1607 1379 1656; x_wconf 86' lang='lat' dir='ltr'>qui·</span> 
     </span>
    </p>
   </div>
   <div class='ocr_carea' id='block_1_9' title="bbox 2574 329 2616 1547">
    <p class='ocr_par' dir='ltr' id='par_1_11' title="bbox 2574 329 2616 1547">
     <span class='ocr_line' id='line_1_29' title="bbox 2574 329 2616 1547; baseline 0 0"><span class='ocrx_word' id='word_1_241' title='bbox 2574 329 2616 1547; x_wconf 95' lang='lat' dir='ltr'> </span> 
     </span>
    </p>
   </div>
   <div class='ocr_carea' id='block_1_10' title="bbox 335 1656 1379 2216">
    <p class='ocr_par' dir='ltr' id='par_1_12' title="bbox 335 1656 1379 2216">
     <span class='ocr_line' id='line_1_30' title="bbox 344 1656 1379 1709; baseline -0.001 -13"><span class='ocrx_word' id='word_1_242' title='bbox 344 1658 431 1697; x_wconf 84' lang='lat' dir='ltr'>dem</span> <span class='ocrx_word' id='word_1_243' title='bbox 453 1660 539 1699; x_wconf 68' lang='lat' dir='ltr'>recti</span> <span class='ocrx_word' id='word_1_244' title='bbox 558 1659 673 1700; x_wconf 87' lang='lat' dir='ltr'>induit</span> <span class='ocrx_word' id='word_1_245' title='bbox 688 1672 786 1706; x_wconf 90' lang='lat' dir='ltr'>‚non</span> <span class='ocrx_word' id='word_1_246' title='bbox 801 1671 890 1698; x_wconf 89' lang='lat' dir='ltr'>vero</span> <span class='ocrx_word' id='word_1_247' title='bbox 911 1660 1022 1709; x_wconf 85' lang='lat' dir='ltr'>injicit</span> <span class='ocrx_word' id='word_1_248' title='bbox 1040 1656 1206 1695; x_wconf 82' lang='lat' dir='ltr'>ardorem</span> <span class='ocrx_word' id='word_1_249' title='bbox 1227 1656 1379 1706; x_wconf 87' lang='lat' dir='ltr'>sequen·</span> 
     </span>
     <span class='ocr_line' id='line_1_31' title="bbox 341 1708 1378 1760; baseline 0 -13"><span class='ocrx_word' id='word_1_250' title='bbox 341 1708 392 1747; x_wconf 88' lang='lat' dir='ltr'>di.</span> <span class='ocrx_word' id='word_1_251' title='bbox 446 1712 540 1748; x_wconf 89' lang='lat' dir='ltr'>Nam</span> <span class='ocrx_word' id='word_1_252' title='bbox 567 1713 678 1760; x_wconf 82' lang='lat' dir='ltr'>magis</span> <span class='ocrx_word' id='word_1_253' title='bbox 697 1711 870 1759; x_wconf 87' lang='lat' dir='ltr'>exemplis</span> <span class='ocrx_word' id='word_1_254' title='bbox 885 1710 1075 1752; x_wconf 88' lang='lat' dir='ltr'>homines,</span> <span class='ocrx_word' id='word_1_255' title='bbox 1103 1719 1214 1757; x_wconf 90' lang='lat' dir='ltr'>quam</span> <span class='ocrx_word' id='word_1_256' title='bbox 1234 1709 1378 1747; x_wconf 88' lang='lat' dir='ltr'>rationi-</span> 
     </span>
     <span class='ocr_line' id='line_1_32' title="bbox 341 1759 1377 1808; baseline 0 -11"><span class='ocrx_word' id='word_1_257' title='bbox 341 1761 408 1798; x_wconf 90' lang='lat' dir='ltr'>bus</span> <span class='ocrx_word' id='word_1_258' title='bbox 428 1764 571 1800; x_wconf 80' lang='lat' dir='ltr'>moveri</span> <span class='ocrx_word' id='word_1_259' title='bbox 591 1762 714 1800; x_wconf 84' lang='lat' dir='ltr'>solent.</span> <span class='ocrx_word' id='word_1_260' title='bbox 768 1761 848 1798; x_wconf 86' lang='lat' dir='ltr'>Post</span> <span class='ocrx_word' id='word_1_261' title='bbox 867 1762 978 1805; x_wconf 89' lang='lat' dir='ltr'>haec,</span> <span class='ocrx_word' id='word_1_262' title='bbox 1006 1761 1184 1808; x_wconf 74' lang='lat' dir='ltr'>exasperat</span> <span class='ocrx_word' id='word_1_263' title='bbox 1205 1759 1377 1804; x_wconf 84' lang='lat' dir='ltr'>homines,</span> 
     </span>
     <span class='ocr_line' id='line_1_33' title="bbox 340 1809 1377 1862; baseline 0 -15"><span class='ocrx_word' id='word_1_264' title='bbox 340 1818 382 1848; x_wconf 89' lang='lat' dir='ltr'>ut</span> <span class='ocrx_word' id='word_1_265' title='bbox 397 1812 454 1849; x_wconf 88' lang='lat' dir='ltr'>ille</span> <span class='ocrx_word' id='word_1_266' title='bbox 477 1813 525 1850; x_wconf 84' lang='lat' dir='ltr'>ait</span> <span class='ocrx_word' id='word_1_267' title='bbox 548 1840 558 1856; x_wconf 91' lang='lat'>‚</span> <span class='ocrx_word' id='word_1_268' title='bbox 587 1813 756 1862; x_wconf 82' lang='lat' dir='ltr'>imperata</span> <span class='ocrx_word' id='word_1_269' title='bbox 789 1812 940 1848; x_wconf 67' lang='lat' dir='ltr'>eorreczio</span> <span class='ocrx_word' id='word_1_270' title='bbox 960 1839 969 1854; x_wconf 90' lang='lat'><strong>‚</strong></span> <span class='ocrx_word' id='word_1_271' title='bbox 1008 1809 1218 1856; x_wconf 76' lang='lat' dir='ltr'>blandtffime</span> <span class='ocrx_word' id='word_1_272' title='bbox 1237 1809 1377 1853; x_wconf 80' lang='lat' dir='ltr'>iubetur</span> 
     </span>
     <span class='ocr_line' id='line_1_34' title="bbox 338 1860 1374 1912; baseline 0 -13"><span class='ocrx_word' id='word_1_273' title='bbox 338 1862 498 1912; x_wconf 79' lang='lat' dir='ltr'>exemplo.</span> <span class='ocrx_word' id='word_1_274' title='bbox 553 1863 660 1901; x_wconf 78' lang='lat' dir='ltr'>Adde</span> <span class='ocrx_word' id='word_1_275' title='bbox 682 1891 691 1906; x_wconf 93' lang='lat'>,</span> <span class='ocrx_word' id='word_1_276' title='bbox 718 1862 820 1912; x_wconf 89' lang='lat' dir='ltr'>quod</span> <span class='ocrx_word' id='word_1_277' title='bbox 859 1863 920 1911; x_wconf 91' lang='lat' dir='ltr'>qui</span> <span class='ocrx_word' id='word_1_278' title='bbox 958 1861 1021 1898; x_wconf 81' lang='lat' dir='ltr'>alia</span> <span class='ocrx_word' id='word_1_279' title='bbox 1051 1860 1185 1897; x_wconf 77' lang='lat' dir='ltr'>docent</span> <span class='ocrx_word' id='word_1_280' title='bbox 1206 1887 1217 1903; x_wconf 94' lang='lat'>,</span> <span class='ocrx_word' id='word_1_281' title='bbox 1255 1861 1292 1897; x_wconf 76' lang='grc' dir='ltr'>ὅ(</span> <span class='ocrx_word' id='word_1_282' title='bbox 1310 1863 1374 1899; x_wconf 87' lang='lat' dir='ltr'>alia</span> 
     </span>
     <span class='ocr_line' id='line_1_35' title="bbox 338 1908 1375 1961; baseline 0 -12"><span class='ocrx_word' id='word_1_283' title='bbox 338 1923 483 1961; x_wconf 81' lang='lat' dir='ltr'>agunt;</span> <span class='ocrx_word' id='word_1_284' title='bbox 522 1923 584 1951; x_wconf 86' lang='lat' dir='ltr'>aut</span> <span class='ocrx_word' id='word_1_285' title='bbox 618 1914 734 1951; x_wconf 90' lang='lat' dir='ltr'>inania</span> <span class='ocrx_word' id='word_1_286' title='bbox 761 1924 802 1950; x_wconf 89' lang='lat' dir='ltr'>ac</span> <span class='ocrx_word' id='word_1_287' title='bbox 832 1925 908 1951; x_wconf 84' lang='lat' dir='ltr'>non</span> <span class='ocrx_word' id='word_1_288' title='bbox 937 1908 1124 1949; x_wconf 83' lang='lat' dir='ltr'>necessaria</span> <span class='ocrx_word' id='word_1_289' title='bbox 1147 1938 1157 1954; x_wconf 90' lang='lat'>,</span> <span class='ocrx_word' id='word_1_290' title='bbox 1193 1919 1254 1948; x_wconf 91' lang='lat' dir='ltr'>aut</span> <span class='ocrx_word' id='word_1_291' title='bbox 1274 1910 1375 1960; x_wconf 88' lang='lat' dir='ltr'>supra</span> 
     </span>
     <span class='ocr_line' id='line_1_36' title="bbox 338 1960 1375 2012; baseline 0 -12"><span class='ocrx_word' id='word_1_292' title='bbox 338 1965 432 2002; x_wconf 80' lang='lat' dir='ltr'>vires</span> <span class='ocrx_word' id='word_1_293' title='bbox 450 1965 624 2002; x_wconf 86' lang='lat' dir='ltr'>humanas</span> <span class='ocrx_word' id='word_1_294' title='bbox 646 1965 849 2012; x_wconf 86' lang='lat' dir='ltr'>praecipere</span> <span class='ocrx_word' id='word_1_295' title='bbox 877 1962 1055 2001; x_wconf 82' lang='lat' dir='ltr'>videntur.</span> <span class='ocrx_word' id='word_1_296' title='bbox 1111 1960 1241 1998; x_wconf 88' lang='lat' dir='ltr'>Noster</span> <span class='ocrx_word' id='word_1_297' title='bbox 1265 1962 1375 2000; x_wconf 83' lang='lat' dir='ltr'>Pane·</span> 
     </span>
     <span class='ocr_line' id='line_1_37' title="bbox 338 2012 1372 2063; baseline -0.001 -12"><span class='ocrx_word' id='word_1_298' title='bbox 338 2016 449 2063; x_wconf 83' lang='lat' dir='ltr'>gyrici</span> <span class='ocrx_word' id='word_1_299' title='bbox 480 2026 556 2063; x_wconf 88' lang='lat' dir='ltr'>cap.</span> <span class='ocrx_word' id='word_1_300' title='bbox 572 2015 696 2053; x_wconf 78' lang='lat' dir='ltr'>XLV.</span> <span class='ocrx_word' id='word_1_301' title='bbox 726 2014 875 2062; x_wconf 80' lang='lat' dir='ltr'>[nfidelis</span> <span class='ocrx_word' id='word_1_302' title='bbox 895 2015 974 2051; x_wconf 61' lang='lat' dir='ltr'>recti</span> <span class='ocrx_word' id='word_1_303' title='bbox 994 2012 1149 2060; x_wconf 77' lang='lat' dir='ltr'>magister</span> <span class='ocrx_word' id='word_1_304' title='bbox 1169 2012 1213 2057; x_wconf 87' lang='lat' dir='ltr'>est</span> <span class='ocrx_word' id='word_1_305' title='bbox 1236 2024 1372 2050; x_wconf 82' lang='lat' dir='ltr'>metus.-</span> 
     </span>
     <span class='ocr_line' id='line_1_38' title="bbox 338 2063 1374 2114; baseline 0 -13"><span class='ocrx_word' id='word_1_306' title='bbox 338 2067 460 2102; x_wconf 72' lang='lat' dir='ltr'>melius</span> <span class='ocrx_word' id='word_1_307' title='bbox 476 2065 627 2103; x_wconf 82' lang='lat' dir='ltr'>homines</span> <span class='ocrx_word' id='word_1_308' title='bbox 644 2065 800 2114; x_wconf 84' lang='lat' dir='ltr'>exemplis</span> <span class='ocrx_word' id='word_1_309' title='bbox 818 2066 979 2103; x_wconf 86' lang='lat' dir='ltr'>docentur</span> <span class='ocrx_word' id='word_1_310' title='bbox 995 2092 1004 2108; x_wconf 89' lang='lat'><strong>,</strong></span> <span class='ocrx_word' id='word_1_311' title='bbox 1036 2076 1122 2113; x_wconf 78' lang='lat' dir='ltr'>quae</span> <span class='ocrx_word' id='word_1_312' title='bbox 1140 2063 1295 2112; x_wconf 83' lang='lat' dir='ltr'>inprimis</span> <span class='ocrx_word' id='word_1_313' title='bbox 1315 2063 1374 2101; x_wconf 83' lang='lat' dir='ltr'>hoc</span> 
     </span>
     <span class='ocr_line' id='line_1_39' title="bbox 335 2114 1369 2165; baseline -0.001 -12"><span class='ocrx_word' id='word_1_314' title='bbox 335 2115 375 2153; x_wconf 69' lang='lat' dir='ltr'>in</span> <span class='ocrx_word' id='word_1_315' title='bbox 386 2117 423 2165; x_wconf 90' lang='lat' dir='ltr'>se</span> <span class='ocrx_word' id='word_1_316' title='bbox 446 2117 524 2153; x_wconf 77' lang='lat' dir='ltr'>bom·</span> <span class='ocrx_word' id='word_1_317' title='bbox 551 2116 679 2154; x_wconf 83' lang='lat' dir='ltr'>habent</span> <span class='ocrx_word' id='word_1_318' title='bbox 700 2144 709 2157; x_wconf 91' lang='lat'>‚</span> <span class='ocrx_word' id='word_1_319' title='bbox 749 2116 839 2165; x_wconf 77' lang='lat' dir='ltr'>quod</span> <span class='ocrx_word' id='word_1_320' title='bbox 866 2114 1054 2165; x_wconf 81' lang='lat' dir='ltr'>approbant</span> <span class='ocrx_word' id='word_1_321' title='bbox 1078 2142 1089 2158; x_wconf 91' lang='lat'>‚</span> <span class='ocrx_word' id='word_1_322' title='bbox 1127 2126 1215 2162; x_wconf 78' lang='lat' dir='ltr'>quae</span> <span class='ocrx_word' id='word_1_323' title='bbox 1244 2117 1369 2154; x_wconf 80' lang='lat' dir='ltr'>praeci-</span> 
     </span>
     <span class='ocr_line' id='line_1_40' title="bbox 336 2164 1371 2216; baseline -0.002 -12"><span class='ocrx_word' id='word_1_324' title='bbox 336 2167 461 2214; x_wconf 89' lang='lat' dir='ltr'>piunt,</span> <span class='ocrx_word' id='word_1_325' title='bbox 485 2166 562 2213; x_wconf 82' lang='lat' dir='ltr'>fieri</span> <span class='ocrx_word' id='word_1_326' title='bbox 579 2166 670 2216; x_wconf 63' lang='lat' dir='ltr'>poffiae.</span> <span class='ocrx_word' id='word_1_327' title='bbox 700 2167 788 2204; x_wconf 89' lang='lat' dir='ltr'>Inde</span> <span class='ocrx_word' id='word_1_328' title='bbox 814 2165 1037 2214; x_wconf 83' lang='lat' dir='ltr'>Hieronymi</span> <span class='ocrx_word' id='word_1_329' title='bbox 1056 2164 1100 2201; x_wconf 89' lang='lat' dir='ltr'>ad</span> <span class='ocrx_word' id='word_1_330' title='bbox 1123 2164 1371 2212; x_wconf 86' lang='lat' dir='ltr'>Nepotianum</span> 
     </span>
    </p>
   </div>
   <div class='ocr_carea' id='block_1_11' title="bbox 336 2264 1376 2315">
    <p class='ocr_par' dir='ltr' id='par_1_13' title="bbox 336 2264 1376 2315">
     <span class='ocr_line' id='line_1_41' title="bbox 336 2264 1376 2315; baseline -0.001 -11"><span class='ocrx_word' id='word_1_331' title='bbox 336 2281 470 2305; x_wconf 87' lang='lat' dir='ltr'>monem</span> <span class='ocrx_word' id='word_1_332' title='bbox 490 2279 591 2304; x_wconf 84' lang='lat' dir='ltr'>tuum</span> <span class='ocrx_word' id='word_1_333' title='bbox 606 2285 617 2304; x_wconf 93' lang='lat'>.·</span> <span class='ocrx_word' id='word_1_334' title='bbox 646 2281 706 2312; x_wconf 82' lang='lat' dir='ltr'>ne,</span> <span class='ocrx_word' id='word_1_335' title='bbox 734 2281 812 2305; x_wconf 85' lang='lat' dir='ltr'>cum</span> <span class='ocrx_word' id='word_1_336' title='bbox 831 2268 868 2305; x_wconf 86' lang='lat' dir='ltr'>in</span> <span class='ocrx_word' id='word_1_337' title='bbox 888 2264 1032 2315; x_wconf 72' lang='lat' dir='ltr'>Ecclesia</span> <span class='ocrx_word' id='word_1_338' title='bbox 1052 2266 1196 2315; x_wconf 75' lang='lat' dir='ltr'>loqueris</span> <span class='ocrx_word' id='word_1_339' title='bbox 1214 2295 1222 2308; x_wconf 90' lang='lat'>‚</span> <span class='ocrx_word' id='word_1_340' title='bbox 1250 2267 1376 2303; x_wconf 78' lang='lat' dir='ltr'>tacitus</span> 
     </span>
    </p>
   </div>
   <div class='ocr_carea' id='block_1_12' title="bbox 1405 2045 1409 2148">
    <p class='ocr_par' dir='ltr' id='par_1_14' title="bbox 1405 2045 1409 2148">
     <span class='ocr_line' id='line_1_42' title="bbox 1405 2045 1409 2148; baseline 0 1538"><span class='ocrx_word' id='word_1_341' title='bbox 1405 2045 1409 2148; x_wconf 95' lang='lat' dir='ltr'> </span> 
     </span>
    </p>
   </div>
   <div class='ocr_carea' id='block_1_13' title="bbox 1448 1675 2533 1985">
    <p class='ocr_par' dir='ltr' id='par_1_15' title="bbox 1448 1675 2533 1985">
     <span class='ocr_line' id='line_1_43' title="bbox 1452 1675 2533 1728; baseline 0.003 -12"><span class='ocrx_word' id='word_1_342' title='bbox 1452 1676 1544 1717; x_wconf 87' lang='lat' dir='ltr'>effe:</span> <span class='ocrx_word' id='word_1_343' title='bbox 1574 1679 1741 1728; x_wconf 89' lang='lat' dir='ltr'>quamvis</span> <span class='ocrx_word' id='word_1_344' title='bbox 1761 1687 1828 1726; x_wconf 84' lang='lat' dir='ltr'>nec</span> <span class='ocrx_word' id='word_1_345' title='bbox 1845 1675 1934 1714; x_wconf 79' lang='lat' dir='ltr'>ist&#39;ud</span> <span class='ocrx_word' id='word_1_346' title='bbox 1958 1675 2032 1714; x_wconf 86' lang='lat' dir='ltr'>fine</span> <span class='ocrx_word' id='word_1_347' title='bbox 2049 1677 2302 1726; x_wconf 88' lang='lat' dir='ltr'>trepidatione.</span> <span class='ocrx_word' id='word_1_348' title='bbox 2330 1681 2426 1719; x_wconf 89' lang='lat' dir='ltr'>Nam</span> <span class='ocrx_word' id='word_1_349' title='bbox 2449 1683 2490 1722; x_wconf 75' lang='grc' dir='ltr'>δε</span> <span class='ocrx_word' id='word_1_350' title='bbox 2526 1685 2533 1690; x_wconf 79' lang='grc'><strong>“</strong></span> 
     </span>
     <span class='ocr_line' id='line_1_44' title="bbox 1451 1726 2488 1778; baseline 0.006 -12"><span class='ocrx_word' id='word_1_351' title='bbox 1451 1727 1629 1768; x_wconf 81' lang='lat' dir='ltr'>filentium</span> <span class='ocrx_word' id='word_1_352' title='bbox 1655 1728 1770 1776; x_wconf 81' lang='lat' dir='ltr'>ipsum</span> <span class='ocrx_word' id='word_1_353' title='bbox 1799 1726 1861 1765; x_wconf 84' lang='lat' dir='ltr'>sub</span> <span class='ocrx_word' id='word_1_354' title='bbox 1883 1726 2069 1775; x_wconf 88' lang='lat' dir='ltr'>Tyrannis</span> <span class='ocrx_word' id='word_1_355' title='bbox 2089 1729 2248 1777; x_wconf 86' lang='lat' dir='ltr'>periculo</span> <span class='ocrx_word' id='word_1_356' title='bbox 2267 1730 2374 1778; x_wconf 88' lang='lat' dir='ltr'>plane</span> <span class='ocrx_word' id='word_1_357' title='bbox 2391 1732 2488 1773; x_wconf 79' lang='lat' dir='ltr'>haud</span> 
     </span>
     <span class='ocr_line' id='line_1_45' title="bbox 1450 1776 2489 1829; baseline 0.006 -13"><span class='ocrx_word' id='word_1_358' title='bbox 1450 1788 1553 1818; x_wconf 84' lang='lat' dir='ltr'>vacat</span> <span class='ocrx_word' id='word_1_359' title='bbox 1576 1808 1587 1823; x_wconf 87' lang='lat'><em>,</em></span> <span class='ocrx_word' id='word_1_360' title='bbox 1624 1781 1761 1829; x_wconf 88' lang='lat' dir='ltr'>quippe</span> <span class='ocrx_word' id='word_1_361' title='bbox 1794 1776 1896 1828; x_wconf 90' lang='lat' dir='ltr'>quod</span> <span class='ocrx_word' id='word_1_362' title='bbox 1923 1777 1969 1816; x_wconf 89' lang='lat' dir='ltr'>ad</span> <span class='ocrx_word' id='word_1_363' title='bbox 1997 1787 2243 1817; x_wconf 89' lang='lat' dir='ltr'>comtemtum</span> <span class='ocrx_word' id='word_1_364' title='bbox 2271 1790 2333 1818; x_wconf 92' lang='lat' dir='ltr'>aut</span> <span class='ocrx_word' id='word_1_365' title='bbox 2359 1791 2489 1822; x_wconf 90' lang='lat' dir='ltr'>contu·</span> 
     </span>
     <span class='ocr_line' id='line_1_46' title="bbox 1451 1828 2486 1884; baseline 0.006 -16"><span class='ocrx_word' id='word_1_366' title='bbox 1451 1832 1606 1868; x_wconf 86' lang='lat' dir='ltr'>maciam</span> <span class='ocrx_word' id='word_1_367' title='bbox 1629 1829 1851 1877; x_wconf 82' lang='lat' dir='ltr'>interpretari</span> <span class='ocrx_word' id='word_1_368' title='bbox 1872 1828 2018 1868; x_wconf 82' lang='lat' dir='ltr'>soleant.</span> <span class='ocrx_word' id='word_1_369' title='bbox 2069 1830 2219 1868; x_wconf 91' lang='lat' dir='ltr'>Tacitus</span> <span class='ocrx_word' id='word_1_370' title='bbox 2244 1831 2333 1869; x_wconf 84' lang='lat' dir='ltr'>Hist.</span> <span class='ocrx_word' id='word_1_371' title='bbox 2356 1835 2385 1871; x_wconf 91' lang='lat'>1.</span> <span class='ocrx_word' id='word_1_372' title='bbox 2411 1845 2486 1884; x_wconf 88' lang='lat' dir='ltr'>cap.</span> 
     </span>
     <span class='ocr_line' id='line_1_47' title="bbox 1449 1879 2483 1929; baseline 0.006 -11"><span class='ocrx_word' id='word_1_373' title='bbox 1449 1881 1642 1921; x_wconf 87' lang='lat' dir='ltr'>LXXXV.</span> <span class='ocrx_word' id='word_1_374' title='bbox 1679 1883 1804 1917; x_wconf 64' lang='lat' dir='ltr'>Coaflo</span> <span class='ocrx_word' id='word_1_375' title='bbox 1831 1880 1868 1918; x_wconf 82' lang='lat' dir='ltr'>in</span> <span class='ocrx_word' id='word_1_376' title='bbox 1897 1881 2033 1919; x_wconf 70' lang='lat' dir='ltr'>curiam.</span> <span class='ocrx_word' id='word_1_377' title='bbox 2050 1879 2179 1929; x_wconf 82' lang='lat' dir='ltr'>senatu</span> <span class='ocrx_word' id='word_1_378' title='bbox 2211 1883 2343 1920; x_wconf 80' lang='lat' dir='ltr'>arduus</span> <span class='ocrx_word' id='word_1_379' title='bbox 2369 1897 2483 1924; x_wconf 78' lang='lat' dir='ltr'>rerum</span> 
     </span>
     <span class='ocr_line' id='line_1_48' title="bbox 1448 1931 2492 1985; baseline 0.004 -17"><span class='ocrx_word' id='word_1_380' title='bbox 1448 1935 1602 1970; x_wconf 78' lang='lat' dir='ltr'>omnium</span> <span class='ocrx_word' id='word_1_381' title='bbox 1624 1932 1767 1976; x_wconf 79' lang='lat' dir='ltr'>modus,</span> <span class='ocrx_word' id='word_1_382' title='bbox 1796 1944 1836 1968; x_wconf 82' lang='lat' dir='ltr'>ne</span> <span class='ocrx_word' id='word_1_383' title='bbox 1855 1941 2042 1970; x_wconf 81' lang='lat' dir='ltr'>contumax</span> <span class='ocrx_word' id='word_1_384' title='bbox 2055 1931 2235 1981; x_wconf 50' lang='lat' dir='ltr'>‚silentium</span> <span class='ocrx_word' id='word_1_385' title='bbox 2247 1960 2257 1978; x_wconf 90' lang='lat'><em>,</em></span> <span class='ocrx_word' id='word_1_386' title='bbox 2285 1946 2326 1972; x_wconf 85' lang='lat' dir='ltr'>ne</span> <span class='ocrx_word' id='word_1_387' title='bbox 2338 1933 2492 1985; x_wconf 59' lang='lat' dir='ltr'>suspensi</span> 
     </span>
    </p>
   </div>
   <div class='ocr_carea' id='block_1_14' title="bbox 1447 1983 2481 2083">
    <p class='ocr_par' dir='ltr' id='par_1_16' title="bbox 1447 1983 2481 2083">
     <span class='ocr_line' id='line_1_49' title="bbox 1447 1983 1900 2022; baseline -0.002 -2"><span class='ocrx_word' id='word_1_388' title='bbox 1447 1983 1590 2022; x_wconf 83' lang='lat' dir='ltr'>libertas</span> <span class='ocrx_word' id='word_1_389' title='bbox 1628 1983 1656 2021; x_wconf 91' lang='lat' dir='ltr'>B</span> <span class='ocrx_word' id='word_1_390' title='bbox 1671 1996 1695 2020; x_wconf 92' lang='grc' dir='ltr'><em>υ</em></span> <span class='ocrx_word' id='word_1_391' title='bbox 1711 1994 1734 2019; x_wconf 87' lang='lat' dir='ltr'><strong>c</strong></span> <span class='ocrx_word' id='word_1_392' title='bbox 1749 1995 1770 2018; x_wconf 78' lang='grc' dir='ltr'>Η</span> <span class='ocrx_word' id='word_1_393' title='bbox 1789 1994 1812 2018; x_wconf 73' lang='lat' dir='ltr'>N</span> <span class='ocrx_word' id='word_1_394' title='bbox 1826 1993 1848 2021; x_wconf 73' lang='grc' dir='ltr'>ε</span> <span class='ocrx_word' id='word_1_395' title='bbox 1861 1994 1900 2019; x_wconf 66' lang='grc' dir='ltr'>ιι.</span> 
     </span>
     <span class='ocr_line' id='line_1_50' title="bbox 1500 2032 2481 2083; baseline 0.003 -10"><span class='ocrx_word' id='word_1_396' title='bbox 1500 2046 1535 2078; x_wconf 84' lang='lat'>7.</span> <span class='ocrx_word' id='word_1_397' title='bbox 1563 2032 1827 2083; x_wconf 70' lang='lat' dir='ltr'>Periculosum]</span> <span class='ocrx_word' id='word_1_398' title='bbox 1860 2033 1959 2070; x_wconf 83' lang='lat' dir='ltr'>Nam</span> <span class='ocrx_word' id='word_1_399' title='bbox 1994 2032 2139 2070; x_wconf 87' lang='lat' dir='ltr'>Aelium</span> <span class='ocrx_word' id='word_1_400' title='bbox 2165 2033 2332 2073; x_wconf 85' lang='lat' dir='ltr'>Lamiam</span> <span class='ocrx_word' id='word_1_401' title='bbox 2355 2035 2481 2076; x_wconf 84' lang='lat' dir='ltr'>occidit</span> 
     </span>
    </p>
   </div>
   <div class='ocr_carea' id='block_1_15' title="bbox 1447 2082 2478 2133">
    <p class='ocr_par' dir='ltr' id='par_1_17' title="bbox 1447 2082 2478 2133">
     <span class='ocr_line' id='line_1_51' title="bbox 1447 2082 2478 2133; baseline 0.003 -12"><span class='ocrx_word' id='word_1_402' title='bbox 1447 2083 1590 2123; x_wconf 83' lang='lat' dir='ltr'>Domit.</span> <span class='ocrx_word' id='word_1_403' title='bbox 1617 2086 1665 2122; x_wconf 92' lang='lat' dir='ltr'>ob</span> <span class='ocrx_word' id='word_1_404' title='bbox 1687 2084 1889 2133; x_wconf 87' lang='lat' dir='ltr'>suspiciosos</span> <span class='ocrx_word' id='word_1_405' title='bbox 1911 2111 1922 2127; x_wconf 95' lang='lat'>,</span> <span class='ocrx_word' id='word_1_406' title='bbox 1959 2082 2017 2120; x_wconf 91' lang='lat' dir='ltr'>sed</span> <span class='ocrx_word' id='word_1_407' title='bbox 2039 2084 2076 2120; x_wconf 87' lang='lat'>&amp;</span> <span class='ocrx_word' id='word_1_408' title='bbox 2096 2089 2235 2122; x_wconf 79' lang='lat' dir='ltr'>veteres</span> <span class='ocrx_word' id='word_1_409' title='bbox 2257 2087 2293 2123; x_wconf 69' lang='grc' dir='ltr'>δε</span> <span class='ocrx_word' id='word_1_410' title='bbox 2315 2087 2478 2126; x_wconf 84' lang='lat' dir='ltr'>innoxios</span> 
     </span>
    </p>
   </div>
   <div class='ocr_carea' id='block_1_16' title="bbox 1441 2133 2475 2184">
    <p class='ocr_par' dir='ltr' id='par_1_18' title="bbox 1441 2133 2475 2184">
     <span class='ocr_line' id='line_1_52' title="bbox 1441 2133 2475 2184; baseline 0.005 -12"><span class='ocrx_word' id='word_1_411' title='bbox 1441 2136 1560 2184; x_wconf 85' lang='lat' dir='ltr'>jocos.</span> <span class='ocrx_word' id='word_1_412' title='bbox 1588 2135 1620 2172; x_wconf 94' lang='lat' dir='ltr'>C</span> <span class='ocrx_word' id='word_1_413' title='bbox 1633 2148 1654 2172; x_wconf 82' lang='lat' dir='ltr'>A</span> <span class='ocrx_word' id='word_1_414' title='bbox 1671 2148 1694 2171; x_wconf 79' lang='grc' dir='ltr'><strong>τ</strong></span> <span class='ocrx_word' id='word_1_415' title='bbox 1709 2146 1732 2172; x_wconf 73' lang='grc' dir='ltr'><strong>Α</strong></span> <span class='ocrx_word' id='word_1_416' title='bbox 1747 2147 1785 2171; x_wconf 75' lang='lat' dir='ltr'>N.</span> <span class='ocrx_word' id='word_1_417' title='bbox 1838 2134 2004 2180; x_wconf 81' lang='lat' dir='ltr'>Miserum</span> <span class='ocrx_word' id='word_1_418' title='bbox 2023 2133 2096 2182; x_wconf 82' lang='lat' dir='ltr'>effet</span> <span class='ocrx_word' id='word_1_419' title='bbox 2109 2161 2121 2180; x_wconf 91' lang='lat'><strong>,</strong></span> <span class='ocrx_word' id='word_1_420' title='bbox 2144 2142 2182 2172; x_wconf 90' lang='lat' dir='ltr'>ut</span> <span class='ocrx_word' id='word_1_421' title='bbox 2203 2135 2396 2176; x_wconf 90' lang='lat' dir='ltr'>Horatius:</span> <span class='ocrx_word' id='word_1_422' title='bbox 2421 2138 2475 2183; x_wconf 76' lang='lat' dir='ltr'>de.-¹</span> 
     </span>
    </p>
   </div>
   <div class='ocr_carea' id='block_1_17' title="bbox 336 2183 2043 2272">
    <p class='ocr_par' dir='ltr' id='par_1_19' title="bbox 336 2183 2043 2272">
     <span class='ocr_line' id='line_1_53' title="bbox 436 2183 2043 2238; baseline -0.001 -15"><span class='ocrx_word' id='word_1_423' title='bbox 436 2218 442 2223; x_wconf 92' lang='lat'>.</span> <span class='ocrx_word' id='word_1_424' title='bbox 614 2231 620 2238; x_wconf 46' lang='grc'><em>.</em></span> <span class='ocrx_word' id='word_1_425' title='bbox 1027 2217 1033 2222; x_wconf 91' lang='grc'><strong>.</strong></span> <span class='ocrx_word' id='word_1_426' title='bbox 1118 2216 1123 2220; x_wconf 91' lang='grc'>.</span> <span class='ocrx_word' id='word_1_427' title='bbox 1406 2206 1409 2223; x_wconf 64' lang='grc' dir='ltr'>,ι</span> <span class='ocrx_word' id='word_1_428' title='bbox 1442 2186 1566 2235; x_wconf 83' lang='lat' dir='ltr'>prendi</span> <span class='ocrx_word' id='word_1_429' title='bbox 1586 2185 1747 2236; x_wconf 79' lang='lat' dir='ltr'>miserum</span> <span class='ocrx_word' id='word_1_430' title='bbox 1768 2183 1826 2231; x_wconf 82' lang='lat' dir='ltr'>est.</span> <span class='ocrx_word' id='word_1_431' title='bbox 1852 2184 1881 2221; x_wconf 89' lang='lat' dir='ltr'><strong>B</strong></span> <span class='ocrx_word' id='word_1_432' title='bbox 1894 2197 1913 2221; x_wconf 77' lang='grc' dir='ltr'><strong>Α</strong></span> <span class='ocrx_word' id='word_1_433' title='bbox 1931 2197 1953 2222; x_wconf 73' lang='lat' dir='ltr'>a</span> <span class='ocrx_word' id='word_1_434' title='bbox 1971 2197 1994 2222; x_wconf 84' lang='grc' dir='ltr'><strong>τ</strong></span> <span class='ocrx_word' id='word_1_435' title='bbox 2008 2195 2043 2222; x_wconf 83' lang='grc' dir='ltr'>Η.</span> 
     </span>
     <span class='ocr_line' id='line_1_54' title="bbox 336 2216 1409 2272; baseline -0.003 -18"><span class='ocrx_word' id='word_1_436' title='bbox 336 2225 521 2255; x_wconf 80' lang='lat' dir='ltr'>monitum</span> <span class='ocrx_word' id='word_1_437' title='bbox 549 2217 621 2254; x_wconf 88' lang='lat' dir='ltr'>est.</span> <span class='ocrx_word' id='word_1_438' title='bbox 649 2224 730 2254; x_wconf 84' lang='lat' dir='ltr'>Non</span> <span class='ocrx_word' id='word_1_439' title='bbox 751 2217 968 2263; x_wconf 83' lang='lat' dir='ltr'>confundant</span> <span class='ocrx_word' id='word_1_440' title='bbox 988 2243 999 2259; x_wconf 87' lang='lat'>‚</span> <span class='ocrx_word' id='word_1_441' title='bbox 1025 2222 1141 2263; x_wconf 81' lang='lat' dir='ltr'>lnquit</span> <span class='ocrx_word' id='word_1_442' title='bbox 1160 2242 1169 2257; x_wconf 81' lang='lat'>,</span> <span class='ocrx_word' id='word_1_443' title='bbox 1197 2224 1291 2264; x_wconf 88' lang='lat' dir='ltr'>opera</span> <span class='ocrx_word' id='word_1_444' title='bbox 1310 2216 1372 2261; x_wconf 65' lang='lat' dir='ltr'>fir·</span> <span class='ocrx_word' id='word_1_445' title='bbox 1408 2258 1409 2272; x_wconf 16' lang='grc' dir='ltr'><strong>χ</strong></span> 
     </span>
    </p>
   </div>
   <div class='ocr_carea' id='block_1_18' title="bbox 1501 2236 2481 2286">
    <p class='ocr_par' dir='ltr' id='par_1_20' title="bbox 1501 2236 2481 2286">
     <span class='ocr_line' id='line_1_55' title="bbox 1501 2236 2481 2286; baseline 0.003 -13"><span class='ocrx_word' id='word_1_446' title='bbox 1501 2237 1535 2274; x_wconf 89' lang='lat'>8.</span> <span class='ocrx_word' id='word_1_447' title='bbox 1562 2241 1642 2273; x_wconf 86' lang='lat' dir='ltr'>Aut</span> <span class='ocrx_word' id='word_1_448' title='bbox 1665 2237 1714 2273; x_wconf 85' lang='lat' dir='ltr'>ad</span> <span class='ocrx_word' id='word_1_449' title='bbox 1734 2237 1838 2274; x_wconf 82' lang='lat' dir='ltr'>otium</span> <span class='ocrx_word' id='word_1_450' title='bbox 1853 2236 2059 2285; x_wconf 84' lang='lat' dir='ltr'>summum,</span> <span class='ocrx_word' id='word_1_451' title='bbox 2084 2247 2149 2274; x_wconf 84' lang='lat' dir='ltr'>aut</span> <span class='ocrx_word' id='word_1_452' title='bbox 2166 2238 2216 2274; x_wconf 81' lang='lat' dir='ltr'>ad</span> <span class='ocrx_word' id='word_1_453' title='bbox 2235 2237 2402 2286; x_wconf 82' lang='lat' dir='ltr'>summum</span> <span class='ocrx_word' id='word_1_454' title='bbox 2419 2249 2481 2276; x_wconf 73' lang='lat' dir='ltr'>ne·</span> 
     </span>
    </p>
   </div>
   <div class='ocr_carea' id='block_1_19' title="bbox 1408 2283 2476 2337">
    <p class='ocr_par' dir='ltr' id='par_1_21' title="bbox 1408 2283 2476 2337">
     <span class='ocr_line' id='line_1_56' title="bbox 1408 2283 2476 2337; baseline 0.002 -14"><span class='ocrx_word' id='word_1_455' title='bbox 1408 2283 1411 2336; x_wconf 63' lang='grc' dir='ltr'>Ἰ</span> <span class='ocrx_word' id='word_1_456' title='bbox 1440 2289 1501 2334; x_wconf 61' lang='lat' dir='ltr'>jhs</span> <span class='ocrx_word' id='word_1_457' title='bbox 1524 2287 1744 2337; x_wconf 56' lang='lat' dir='ltr'>vocaretur]</span> <span class='ocrx_word' id='word_1_458' title='bbox 1785 2286 1883 2323; x_wconf 78' lang='lat' dir='ltr'>Cum</span> <span class='ocrx_word' id='word_1_459' title='bbox 1915 2294 2103 2324; x_wconf 83' lang='lat' dir='ltr'>vocaretur</span> <span class='ocrx_word' id='word_1_460' title='bbox 2139 2293 2318 2334; x_wconf 63' lang='lat' dir='ltr'>§enatus,</span> <span class='ocrx_word' id='word_1_461' title='bbox 2351 2295 2410 2326; x_wconf 91' lang='lat' dir='ltr'>aut</span> <span class='ocrx_word' id='word_1_462' title='bbox 2436 2294 2476 2326; x_wconf 91' lang='lat' dir='ltr'>ut</span> 
     </span>
    </p>
   </div>
   <div class='ocr_carea' id='block_1_20' title="bbox 336 2316 2474 2382">
    <p class='ocr_par' dir='ltr' id='par_1_22' title="bbox 336 2316 2474 2382">
     <span class='ocr_line' id='line_1_57' title="bbox 336 2316 2474 2382; baseline 0 -5"><span class='ocrx_word' id='word_1_463' title='bbox 336 2319 478 2369; x_wconf 75' lang='lat' dir='ltr'>quilibet</span> <span class='ocrx_word' id='word_1_464' title='bbox 515 2319 714 2368; x_wconf 60' lang='lat' dir='ltr'><em>respmd‘at&#39;</em></span> <span class='ocrx_word' id='word_1_465' title='bbox 730 2347 741 2363; x_wconf 82' lang='lat'>’</span> <span class='ocrx_word' id='word_1_466' title='bbox 789 2319 821 2355; x_wconf 81' lang='lat' dir='ltr'>C</span> <span class='ocrx_word' id='word_1_467' title='bbox 836 2318 872 2354; x_wconf 81' lang='lat' dir='ltr'>U</span> <span class='ocrx_word' id='word_1_468' title='bbox 887 2319 919 2355; x_wconf 72' lang='lat' dir='ltr'>R</span> <span class='ocrx_word' id='word_1_469' title='bbox 955 2318 1030 2354; x_wconf 68' lang='lat' dir='ltr'>ER</span> <span class='ocrx_word' id='word_1_470' title='bbox 1044 2316 1078 2352; x_wconf 73' lang='lat' dir='ltr'>G</span> <span class='ocrx_word' id='word_1_471' title='bbox 1094 2318 1130 2353; x_wconf 75' lang='lat' dir='ltr'>O</span> <span class='ocrx_word' id='word_1_472' title='bbox 1175 2318 1208 2352; x_wconf 77' lang='grc' dir='ltr'>Η</span> <span class='ocrx_word' id='word_1_473' title='bbox 1224 2316 1293 2353; x_wconf 72' lang='grc' dir='ltr'>ΛΕ</span> <span class='ocrx_word' id='word_1_474' title='bbox 1307 2318 1337 2353; x_wconf 79' lang='lat' dir='ltr'>C</span> <span class='ocrx_word' id='word_1_475' title='bbox 1363 2346 1373 2362; x_wconf 78' lang='lat'><strong><em>⁹</em></strong></span> <span class='ocrx_word' id='word_1_476' title='bbox 1408 2339 1411 2374; x_wconf 78' lang='lat' dir='ltr'>l</span> <span class='ocrx_word' id='word_1_477' title='bbox 1448 2337 1622 2376; x_wconf 78' lang='lat' dir='ltr'>desideret</span> <span class='ocrx_word' id='word_1_478' title='bbox 1644 2339 1757 2377; x_wconf 77' lang='lat' dir='ltr'>otiose</span> <span class='ocrx_word' id='word_1_479' title='bbox 1783 2338 1819 2375; x_wconf 89' lang='lat' dir='ltr'>in</span> <span class='ocrx_word' id='word_1_480' title='bbox 1840 2337 1934 2377; x_wconf 83' lang='lat' dir='ltr'>curia</span> <span class='ocrx_word' id='word_1_481' title='bbox 1957 2365 1970 2382; x_wconf 91' lang='lat'><strong>,</strong></span> <span class='ocrx_word' id='word_1_482' title='bbox 2010 2338 2104 2374; x_wconf 80' lang='lat' dir='ltr'>nulla</span> <span class='ocrx_word' id='word_1_483' title='bbox 2127 2338 2211 2378; x_wconf 88' lang='lat' dir='ltr'>seria</span> <span class='ocrx_word' id='word_1_484' title='bbox 2232 2351 2270 2378; x_wconf 87' lang='lat' dir='ltr'>re</span> <span class='ocrx_word' id='word_1_485' title='bbox 2285 2338 2327 2379; x_wconf 86' lang='lat' dir='ltr'>ad</span> <span class='ocrx_word' id='word_1_486' title='bbox 2345 2337 2474 2377; x_wconf 86' lang='lat' dir='ltr'>delibe-</span> 
     </span>
    </p>
   </div>
   <div class='ocr_carea' id='block_1_21' title="bbox 335 2365 1411 2418">
    <p class='ocr_par' dir='ltr' id='par_1_23' title="bbox 335 2365 1411 2418">
     <span class='ocr_line' id='line_1_58' title="bbox 335 2365 1411 2418; baseline -0.003 -12"><span class='ocrx_word' id='word_1_487' title='bbox 335 2369 512 2418; x_wconf 56' lang='lat' dir='ltr'><strong>QUAE</strong></span> <span class='ocrx_word' id='word_1_488' title='bbox 544 2368 739 2414; x_wconf 83' lang='lat' dir='ltr'>l)[ClS,</span> <span class='ocrx_word' id='word_1_489' title='bbox 768 2368 902 2406; x_wconf 86' lang='lat' dir='ltr'>IPSE</span> <span class='ocrx_word' id='word_1_490' title='bbox 933 2367 1070 2405; x_wconf 82' lang='lat' dir='ltr'>NON</span> <span class='ocrx_word' id='word_1_491' title='bbox 1100 2365 1411 2414; x_wconf 71' lang='lat' dir='ltr'>FAC1s?tn;</span> 
     </span>
    </p>
   </div>
   <div class='ocr_carea' id='block_1_22' title="bbox 333 2418 1372 2468">
    <p class='ocr_par' dir='ltr' id='par_1_24' title="bbox 333 2418 1372 2468">
     <span class='ocr_line' id='line_1_59' title="bbox 333 2418 1372 2468; baseline -0.002 -11"><span class='ocrx_word' id='word_1_492' title='bbox 333 2432 413 2468; x_wconf 87' lang='lat' dir='ltr'>cap.</span> <span class='ocrx_word' id='word_1_493' title='bbox 433 2419 519 2458; x_wconf 87' lang='lat' dir='ltr'>V11.</span> <span class='ocrx_word' id='word_1_494' title='bbox 547 2421 724 2458; x_wconf 74' lang='lat' dir='ltr'>Matthaei</span> <span class='ocrx_word' id='word_1_495' title='bbox 747 2418 904 2457; x_wconf 81' lang='lat' dir='ltr'>fimiliter</span> <span class='ocrx_word' id='word_1_496' title='bbox 924 2419 1060 2456; x_wconf 84' lang='lat' dir='ltr'>scribit:</span> <span class='ocrx_word' id='word_1_497' title='bbox 1092 2421 1283 2466; x_wconf 69' lang='lat' dir='ltr'>Utrumque</span> <span class='ocrx_word' id='word_1_498' title='bbox 1307 2418 1372 2456; x_wconf 83' lang='lat' dir='ltr'>Dei</span> 
     </span>
    </p>
   </div>
   <div class='ocr_carea' id='block_1_23' title="bbox 1447 2386 2478 2489">
    <p class='ocr_par' dir='ltr' id='par_1_25' title="bbox 1447 2386 2478 2489">
     <span class='ocr_line' id='line_1_60' title="bbox 1448 2386 2478 2439; baseline 0 -13"><span class='ocrx_word' id='word_1_499' title='bbox 1448 2389 1601 2426; x_wconf 73' lang='lat' dir='ltr'>randum</span> <span class='ocrx_word' id='word_1_500' title='bbox 1624 2387 1806 2438; x_wconf 84' lang='lat' dir='ltr'>proposita</span> <span class='ocrx_word' id='word_1_501' title='bbox 1829 2396 1850 2425; x_wconf 74' lang='grc' dir='ltr'>ε·</span> <span class='ocrx_word' id='word_1_502' title='bbox 1865 2395 1927 2426; x_wconf 89' lang='lat' dir='ltr'>aut</span> <span class='ocrx_word' id='word_1_503' title='bbox 1953 2396 1991 2425; x_wconf 81' lang='lat' dir='ltr'>ut</span> <span class='ocrx_word' id='word_1_504' title='bbox 2013 2388 2148 2426; x_wconf 77' lang='lat' dir='ltr'>nefaria</span> <span class='ocrx_word' id='word_1_505' title='bbox 2167 2386 2332 2439; x_wconf 76' lang='lat' dir='ltr'>Principis</span> <span class='ocrx_word' id='word_1_506' title='bbox 2352 2389 2478 2438; x_wconf 83' lang='lat' dir='ltr'>proba-</span> 
     </span>
     <span class='ocr_line' id='line_1_61' title="bbox 1447 2439 2475 2489; baseline 0 -13"><span class='ocrx_word' id='word_1_507' title='bbox 1447 2448 1523 2484; x_wconf 89' lang='lat' dir='ltr'>ret,</span> <span class='ocrx_word' id='word_1_508' title='bbox 1553 2451 1711 2489; x_wconf 88' lang='lat' dir='ltr'>quorum</span> <span class='ocrx_word' id='word_1_509' title='bbox 1733 2440 1884 2478; x_wconf 89' lang='lat' dir='ltr'>alterum</span> <span class='ocrx_word' id='word_1_510' title='bbox 1907 2439 2113 2488; x_wconf 77' lang='lat' dir='ltr'>exponebat</span> <span class='ocrx_word' id='word_1_511' title='bbox 2130 2439 2304 2484; x_wconf 85' lang='lat' dir='ltr'>ludibrio,</span> <span class='ocrx_word' id='word_1_512' title='bbox 2327 2441 2475 2478; x_wconf 85' lang='lat' dir='ltr'>alterum</span> 
     </span>
    </p>
   </div>
   <div class='ocr_carea' id='block_1_24' title="bbox 324 2469 2119 2529">
    <p class='ocr_par' dir='ltr' id='par_1_26' title="bbox 324 2469 2119 2529">
     <span class='ocr_line' id='line_1_62' title="bbox 324 2469 2119 2529; baseline -0.003 -21"><span class='ocrx_word' id='word_1_513' title='bbox 324 2472 439 2519; x_wconf 68' lang='lat' dir='ltr'>servis</span> <span class='ocrx_word' id='word_1_514' title='bbox 461 2471 675 2520; x_wconf 77' lang='lat' dir='ltr'>neceffizrium</span> <span class='ocrx_word' id='word_1_515' title='bbox 695 2471 759 2517; x_wconf 85' lang='lat' dir='ltr'>est,</span> <span class='ocrx_word' id='word_1_516' title='bbox 787 2482 827 2508; x_wconf 87' lang='lat' dir='ltr'>ut</span> <span class='ocrx_word' id='word_1_517' title='bbox 849 2484 894 2511; x_wconf 70' lang='grc' dir='ltr'>ω’</span> <span class='ocrx_word' id='word_1_518' title='bbox 916 2479 993 2520; x_wconf 81' lang='lat' dir='ltr'>opus</span> <span class='ocrx_word' id='word_1_519' title='bbox 1009 2469 1184 2519; x_wconf 84' lang='lat' dir='ltr'>sermone,</span> <span class='ocrx_word' id='word_1_520' title='bbox 1205 2479 1246 2506; x_wconf 71' lang='lat'>(9⁴</span> <span class='ocrx_word' id='word_1_521' title='bbox 1266 2469 1374 2515; x_wconf 83' lang='lat' dir='ltr'>sermo</span> <span class='ocrx_word' id='word_1_522' title='bbox 1448 2490 1618 2529; x_wconf 60' lang='lat' dir='ltr'>dolorem</span> <span class='ocrx_word' id='word_1_523' title='bbox 1641 2490 1824 2529; x_wconf 46' lang='lat' dir='ltr'><strong>afferebat·</strong></span> <span class='ocrx_word' id='word_1_524' title='bbox 1850 2489 1879 2527; x_wconf 81' lang='lat' dir='ltr'>B</span> <span class='ocrx_word' id='word_1_525' title='bbox 1894 2503 1915 2525; x_wconf 66' lang='lat' dir='ltr'><em>U</em></span> <span class='ocrx_word' id='word_1_526' title='bbox 1931 2501 1953 2525; x_wconf 72' lang='lat' dir='ltr'>C</span> <span class='ocrx_word' id='word_1_527' title='bbox 1969 2502 1991 2527; x_wconf 73' lang='lat' dir='ltr'>H</span> <span class='ocrx_word' id='word_1_528' title='bbox 2006 2503 2030 2526; x_wconf 69' lang='lat' dir='ltr'>N</span> <span class='ocrx_word' id='word_1_529' title='bbox 2046 2501 2065 2526; x_wconf 85' lang='lat'>1-:</span> <span class='ocrx_word' id='word_1_530' title='bbox 2081 2503 2119 2528; x_wconf 51' lang='lat' dir='ltr'>R·</span> 
     </span>
    </p>
   </div>
   <div class='ocr_carea' id='block_1_25' title="bbox 330 2520 1373 2623">
    <p class='ocr_par' dir='ltr' id='par_1_27' title="bbox 330 2520 1373 2623">
     <span class='ocr_line' id='line_1_63' title="bbox 330 2520 1373 2572; baseline 0.001 -14"><span class='ocrx_word' id='word_1_531' title='bbox 330 2523 479 2569; x_wconf 73' lang='lat' dir='ltr'>operibus</span> <span class='ocrx_word' id='word_1_532' title='bbox 512 2521 749 2572; x_wconf 83' lang='lat' dir='ltr'>comprobetur.</span> <span class='ocrx_word' id='word_1_533' title='bbox 791 2522 816 2558; x_wconf 84' lang='grc' dir='ltr'>Β</span> <span class='ocrx_word' id='word_1_534' title='bbox 832 2536 853 2559; x_wconf 90' lang='grc' dir='ltr'>υ</span> <span class='ocrx_word' id='word_1_535' title='bbox 868 2533 892 2558; x_wconf 87' lang='lat' dir='ltr'>c</span> <span class='ocrx_word' id='word_1_536' title='bbox 909 2534 929 2558; x_wconf 79' lang='grc' dir='ltr'><strong>Η</strong></span> <span class='ocrx_word' id='word_1_537' title='bbox 947 2534 969 2557; x_wconf 69' lang='grc' dir='ltr'>Ν</span> <span class='ocrx_word' id='word_1_538' title='bbox 985 2534 1004 2557; x_wconf 76' lang='grc' dir='ltr'>ε</span> <span class='ocrx_word' id='word_1_539' title='bbox 1022 2535 1057 2559; x_wconf 73' lang='lat' dir='ltr'>a.</span> <span class='ocrx_word' id='word_1_540' title='bbox 1112 2520 1373 2559; x_wconf 79' lang='lat' dir='ltr'>Membranae:</span> 
     </span>
     <span class='ocr_line' id='line_1_64' title="bbox 332 2573 1041 2623; baseline -0.003 -13"><span class='ocrx_word' id='word_1_541' title='bbox 332 2575 422 2623; x_wconf 79' lang='lat' dir='ltr'>quod</span> <span class='ocrx_word' id='word_1_542' title='bbox 447 2573 654 2611; x_wconf 85' lang='lat' dir='ltr'>fidissimum</span> <span class='ocrx_word' id='word_1_543' title='bbox 678 2573 904 2621; x_wconf 73' lang='lat' dir='ltr'>praecipiendi</span> <span class='ocrx_word' id='word_1_544' title='bbox 928 2585 1041 2620; x_wconf 78' lang='lat' dir='ltr'>genus.</span> 
     </span>
    </p>
   </div>
   <div class='ocr_carea' id='block_1_26' title="bbox 384 2630 1372 2683">
    <p class='ocr_par' dir='ltr' id='par_1_28' title="bbox 384 2630 1372 2683">
     <span class='ocr_line' id='line_1_65' title="bbox 384 2630 1372 2683; baseline -0.004 -11"><span class='ocrx_word' id='word_1_545' title='bbox 384 2645 416 2680; x_wconf 79' lang='lat'>3.</span> <span class='ocrx_word' id='word_1_546' title='bbox 443 2639 536 2670; x_wconf 79' lang='lat' dir='ltr'>Cum</span> <span class='ocrx_word' id='word_1_547' title='bbox 552 2635 705 2683; x_wconf 60' lang='lat' dir='ltr'>suspet‘la</span> <span class='ocrx_word' id='word_1_548' title='bbox 728 2634 880 2683; x_wconf 85' lang='lat' dir='ltr'>virtus.]</span> <span class='ocrx_word' id='word_1_549' title='bbox 914 2633 1114 2670; x_wconf 82' lang='lat' dir='ltr'>Domitiani</span> <span class='ocrx_word' id='word_1_550' title='bbox 1134 2630 1372 2681; x_wconf 88' lang='lat' dir='ltr'>temporibus,</span> 
     </span>
    </p>
   </div>
   <div class='ocr_carea' id='block_1_27' title="bbox 1445 2536 2476 2690">
    <p class='ocr_par' dir='ltr' id='par_1_29' title="bbox 1445 2536 2476 2690">
     <span class='ocr_line' id='line_1_66' title="bbox 1500 2536 2475 2591; baseline -0.006 -14"><span class='ocrx_word' id='word_1_551' title='bbox 1500 2553 1536 2588; x_wconf 80' lang='lat'>9.</span> <span class='ocrx_word' id='word_1_552' title='bbox 1568 2541 1766 2591; x_wconf 55' lang='lat' dir='ltr'>Ludibrio]</span> <span class='ocrx_word' id='word_1_553' title='bbox 1807 2542 1861 2579; x_wconf 92' lang='lat' dir='ltr'>Ut</span> <span class='ocrx_word' id='word_1_554' title='bbox 1894 2540 1997 2589; x_wconf 84' lang='lat' dir='ltr'>super</span> <span class='ocrx_word' id='word_1_555' title='bbox 2024 2538 2166 2577; x_wconf 77' lang='lat' dir='ltr'>rhombi</span> <span class='ocrx_word' id='word_1_556' title='bbox 2190 2536 2368 2586; x_wconf 88' lang='lat' dir='ltr'>coquendi</span> <span class='ocrx_word' id='word_1_557' title='bbox 2386 2546 2475 2572; x_wconf 88' lang='lat' dir='ltr'>con-</span> 
     </span>
     <span class='ocr_line' id='line_1_67' title="bbox 1445 2589 2471 2642; baseline -0.007 -12"><span class='ocrx_word' id='word_1_558' title='bbox 1445 2592 1654 2631; x_wconf 81' lang='lat' dir='ltr'>sultatione:</span> <span class='ocrx_word' id='word_1_559' title='bbox 1682 2594 1720 2630; x_wconf 70' lang='grc' dir='ltr'>δε</span> <span class='ocrx_word' id='word_1_560' title='bbox 1738 2590 1947 2640; x_wconf 85' lang='lat' dir='ltr'>ampliando</span> <span class='ocrx_word' id='word_1_561' title='bbox 1965 2589 2197 2638; x_wconf 87' lang='lat' dir='ltr'>gladiatorum</span> <span class='ocrx_word' id='word_1_562' title='bbox 2221 2595 2372 2642; x_wconf 71' lang='lat' dir='ltr'>numero</span> <span class='ocrx_word' id='word_1_563' title='bbox 2392 2611 2402 2628; x_wconf 95' lang='lat'>,</span> <span class='ocrx_word' id='word_1_564' title='bbox 2429 2596 2471 2623; x_wconf 84' lang='lat' dir='ltr'>ac</span> 
     </span>
     <span class='ocr_line' id='line_1_68' title="bbox 1447 2640 2476 2690; baseline -0.014 -7"><span class='ocrx_word' id='word_1_565' title='bbox 1447 2644 1668 2683; x_wconf 76' lang='lat' dir='ltr'>instituendo</span> <span class='ocrx_word' id='word_1_566' title='bbox 1693 2640 2065 2690; x_wconf 79' lang='lat' dir='ltr'>collegioFabrorum</span> <span class='ocrx_word' id='word_1_567' title='bbox 2089 2665 2099 2681; x_wconf 89' lang='lat'><em>,</em></span> <span class='ocrx_word' id='word_1_568' title='bbox 2124 2646 2219 2673; x_wconf 86' lang='lat' dir='ltr'>nunc</span> <span class='ocrx_word' id='word_1_569' title='bbox 2240 2643 2399 2682; x_wconf 82' lang='lat' dir='ltr'>ingentes</span> <span class='ocrx_word' id='word_1_570' title='bbox 2419 2646 2476 2671; x_wconf 83' lang='lat' dir='ltr'>ar-</span> 
     </span>
    </p>
   </div>
   <div class='ocr_carea' id='block_1_28' title="bbox 331 2678 2484 2742">
    <p class='ocr_par' dir='ltr' id='par_1_30' title="bbox 331 2678 2484 2742">
     <span class='ocr_line' id='line_1_69' title="bbox 331 2678 2484 2742; baseline 0 -19"><span class='ocrx_word' id='word_1_571' title='bbox 331 2678 456 2734; x_wconf 59' lang='lat' dir='ltr'>quibuz</span> <span class='ocrx_word' id='word_1_572' title='bbox 483 2685 541 2723; x_wconf 77' lang='lat' dir='ltr'>sibi</span> <span class='ocrx_word' id='word_1_573' title='bbox 563 2685 755 2722; x_wconf 87' lang='lat' dir='ltr'>imminere</span> <span class='ocrx_word' id='word_1_574' title='bbox 778 2699 805 2729; x_wconf 52' lang='grc' dir='ltr'>,ν</span> <span class='ocrx_word' id='word_1_575' title='bbox 818 2684 877 2721; x_wconf 82' lang='lat' dir='ltr'>fibi</span> <span class='ocrx_word' id='word_1_576' title='bbox 903 2683 1042 2722; x_wconf 80' lang='lat' dir='ltr'>intendi</span> <span class='ocrx_word' id='word_1_577' title='bbox 1061 2684 1204 2731; x_wconf 81' lang='lat' dir='ltr'>putabat</span> <span class='ocrx_word' id='word_1_578' title='bbox 1228 2712 1237 2725; x_wconf 86' lang='lat'>,</span> <span class='ocrx_word' id='word_1_579' title='bbox 1267 2683 1370 2732; x_wconf 90' lang='lat' dir='ltr'>quod</span> <span class='ocrx_word' id='word_1_580' title='bbox 1407 2698 1408 2723; x_wconf 68' lang='lat' dir='ltr'>l</span> <span class='ocrx_word' id='word_1_581' title='bbox 1448 2707 1510 2733; x_wconf 67' lang='lat' dir='ltr'>cus</span> <span class='ocrx_word' id='word_1_582' title='bbox 1537 2723 1548 2739; x_wconf 77' lang='lat'><strong>‚</strong></span> <span class='ocrx_word' id='word_1_583' title='bbox 1584 2692 1863 2742; x_wconf 70' lang='lat' dir='ltr'>exceffurosque</span> <span class='ocrx_word' id='word_1_584' title='bbox 1896 2691 2113 2738; x_wconf 84' lang='lat' dir='ltr'>templorum</span> <span class='ocrx_word' id='word_1_585' title='bbox 2144 2683 2314 2730; x_wconf 80' lang='lat' dir='ltr'>fastigium</span> <span class='ocrx_word' id='word_1_586' title='bbox 2332 2684 2484 2733; x_wconf 61' lang='lat' dir='ltr'>titulos,</span> 
     </span>
    </p>
   </div>
   <div class='ocr_carea' id='block_1_29' title="bbox 328 2735 1371 2824">
    <p class='ocr_par' dir='ltr' id='par_1_31' title="bbox 328 2735 1371 2824">
     <span class='ocr_line' id='line_1_70' title="bbox 328 2735 1371 2783; baseline 0 -11"><span class='ocrx_word' id='word_1_587' title='bbox 328 2737 363 2772; x_wconf 90' lang='lat' dir='ltr'>in</span> <span class='ocrx_word' id='word_1_588' title='bbox 401 2736 517 2774; x_wconf 77' lang='lat' dir='ltr'>hostes</span> <span class='ocrx_word' id='word_1_589' title='bbox 557 2744 734 2783; x_wconf 74' lang='lat' dir='ltr'>pararetur</span> <span class='ocrx_word' id='word_1_590' title='bbox 757 2748 766 2772; x_wconf 74' lang='grc' dir='ltr'>ε</span> <span class='ocrx_word' id='word_1_591' title='bbox 804 2744 839 2772; x_wconf 90' lang='lat' dir='ltr'>at</span> <span class='ocrx_word' id='word_1_592' title='bbox 867 2735 926 2772; x_wconf 86' lang='lat' dir='ltr'>sub</span> <span class='ocrx_word' id='word_1_593' title='bbox 954 2735 1118 2779; x_wconf 74' lang='lat' dir='ltr'>Traiano</span> <span class='ocrx_word' id='word_1_594' title='bbox 1147 2743 1268 2771; x_wconf 75' lang='lat' dir='ltr'>tutum</span> <span class='ocrx_word' id='word_1_595' title='bbox 1294 2742 1371 2772; x_wconf 76' lang='lat' dir='ltr'>erat</span> 
     </span>
     <span class='ocr_line' id='line_1_71' title="bbox 329 2786 1242 2824; baseline -0.004 -1"><span class='ocrx_word' id='word_1_596' title='bbox 329 2787 481 2823; x_wconf 87' lang='lat' dir='ltr'>militum</span> <span class='ocrx_word' id='word_1_597' title='bbox 513 2787 751 2824; x_wconf 78' lang='lat' dir='ltr'>reverentiam</span> <span class='ocrx_word' id='word_1_598' title='bbox 784 2787 822 2822; x_wconf 84' lang='lat'>&amp;</span> <span class='ocrx_word' id='word_1_599' title='bbox 851 2786 1058 2823; x_wconf 68' lang='lat' dir='ltr'>chiritatem</span> <span class='ocrx_word' id='word_1_600' title='bbox 1099 2786 1242 2823; x_wconf 85' lang='lat' dir='ltr'>mereri.</span> 
     </span>
    </p>
   </div>
   <div class='ocr_carea' id='block_1_30' title="bbox 325 2985 872 3031">
    <p class='ocr_par' dir='ltr' id='par_1_32' title="bbox 325 2985 872 3031">
     <span class='ocr_line' id='line_1_72' title="bbox 325 2985 872 3031; baseline 0.009 -12"><span class='ocrx_word' id='word_1_601' title='bbox 325 2985 550 3029; x_wconf 66' lang='lat' dir='ltr'>sormido&#39;ofa</span> <span class='ocrx_word' id='word_1_602' title='bbox 576 2987 615 3031; x_wconf 82' lang='lat' dir='ltr'>est</span> <span class='ocrx_word' id='word_1_603' title='bbox 656 2987 700 3023; x_wconf 78' lang='lat' dir='ltr'>ibi</span> <span class='ocrx_word' id='word_1_604' title='bbox 721 2987 872 3024; x_wconf 51' lang='lat' dir='ltr'>(ustum.</span> 
     </span>
    </p>
   </div>
   <div class='ocr_carea' id='block_1_31' title="bbox 380 3045 1371 3099">
    <p class='ocr_par' dir='ltr' id='par_1_33' title="bbox 380 3045 1371 3099">
     <span class='ocr_line' id='line_1_73' title="bbox 380 3045 1371 3099; baseline 0.003 -16"><span class='ocrx_word' id='word_1_605' title='bbox 380 3057 418 3092; x_wconf 83' lang='lat'>4.</span> <span class='ocrx_word' id='word_1_606' title='bbox 450 3045 576 3082; x_wconf 76' lang='lat' dir='ltr'>mertia</span> <span class='ocrx_word' id='word_1_607' title='bbox 594 3045 628 3083; x_wconf 84' lang='lat' dir='ltr'>in</span> <span class='ocrx_word' id='word_1_608' title='bbox 642 3047 784 3096; x_wconf 64' lang='lat' dir='ltr'>pretia]</span> <span class='ocrx_word' id='word_1_609' title='bbox 816 3047 912 3096; x_wconf 82' lang='lat' dir='ltr'>Fuga</span> <span class='ocrx_word' id='word_1_610' title='bbox 935 3049 1122 3088; x_wconf 77' lang='lat' dir='ltr'>honorum</span> <span class='ocrx_word' id='word_1_611' title='bbox 1147 3049 1371 3099; x_wconf 85' lang='lat' dir='ltr'>&amp;negotio-</span> 
     </span>
    </p>
   </div>
   <div class='ocr_carea' id='block_1_32' title="bbox 328 2733 2484 3050">
    <p class='ocr_par' dir='ltr' id='par_1_34' title="bbox 328 2733 2484 3050">
     <span class='ocr_line' id='line_1_74' title="bbox 1281 2733 2282 2820; baseline -0.02 -32"><span class='ocrx_word' id='word_1_612' title='bbox 1281 2785 1313 2820; x_wconf 57' lang='grc' dir='ltr'>Ο</span> <span class='ocrx_word' id='word_1_613' title='bbox 1406 2734 1408 2751; x_wconf 59' lang='lat'><em>&#39;</em></span> <span class='ocrx_word' id='word_1_614' title='bbox 1445 2757 1543 2784; x_wconf 89' lang='lat' dir='ltr'>nunc</span> <span class='ocrx_word' id='word_1_615' title='bbox 1565 2745 1704 2784; x_wconf 86' lang='lat' dir='ltr'>menses</span> <span class='ocrx_word' id='word_1_616' title='bbox 1729 2743 1870 2782; x_wconf 90' lang='lat' dir='ltr'>nomini</span> <span class='ocrx_word' id='word_1_617' title='bbox 1890 2739 2077 2778; x_wconf 87' lang='lat' dir='ltr'>Caesarum</span> <span class='ocrx_word' id='word_1_618' title='bbox 2101 2733 2282 2772; x_wconf 82' lang='lat' dir='ltr'>dicebant:</span> 
     </span>
     <span class='ocr_line' id='line_1_75' title="bbox 1328 2797 1407 2821; baseline -0.013 -12"><span class='ocrx_word' id='word_1_619' title='bbox 1328 2797 1370 2821; x_wconf 69' lang='grc' dir='ltr'>Α,</span> <span class='ocrx_word' id='word_1_620' title='bbox 1404 2802 1407 2808; x_wconf 78' lang='grc'><strong><em>,</em></strong></span> 
     </span>
     <span class='ocr_line' id='line_1_76' title="bbox 331 2825 1408 2885; baseline -0.006 -8"><span class='ocrx_word' id='word_1_621' title='bbox 331 2847 355 2870; x_wconf 82' lang='lat' dir='ltr'>&#39;r</span> <span class='ocrx_word' id='word_1_622' title='bbox 372 2850 389 2871; x_wconf 75' lang='grc' dir='ltr'>Α</span> <span class='ocrx_word' id='word_1_623' title='bbox 405 2851 441 2874; x_wconf 64' lang='grc' dir='ltr'>Ν.</span> <span class='ocrx_word' id='word_1_624' title='bbox 489 2838 697 2875; x_wconf 80' lang='lat' dir='ltr'>Mediceus:</span> <span class='ocrx_word' id='word_1_625' title='bbox 727 2850 805 2872; x_wconf 86' lang='lat' dir='ltr'>cum</span> <span class='ocrx_word' id='word_1_626' title='bbox 825 2837 978 2885; x_wconf 68' lang='lat' dir='ltr'>inspe6t1</span> <span class='ocrx_word' id='word_1_627' title='bbox 1004 2837 1131 2874; x_wconf 71' lang='lat' dir='ltr'>virtus.</span> <span class='ocrx_word' id='word_1_628' title='bbox 1163 2837 1271 2873; x_wconf 69' lang='lat' dir='ltr'>Male.</span> <span class='ocrx_word' id='word_1_629' title='bbox 1295 2835 1368 2872; x_wconf 89' lang='lat' dir='ltr'>Sal·</span> <span class='ocrx_word' id='word_1_630' title='bbox 1403 2825 1408 2853; x_wconf 68' lang='lat'>³</span> 
     </span>
     <span class='ocr_line' id='line_1_77' title="bbox 328 2884 1406 2936; baseline 0 -15"><span class='ocrx_word' id='word_1_631' title='bbox 328 2884 402 2921; x_wconf 82' lang='lat' dir='ltr'>lust.</span> <span class='ocrx_word' id='word_1_632' title='bbox 430 2888 508 2922; x_wconf 45' lang='lat' dir='ltr'>(iit.</span> <span class='ocrx_word' id='word_1_633' title='bbox 536 2899 612 2933; x_wconf 59' lang='lat' dir='ltr'>«Tap.</span> <span class='ocrx_word' id='word_1_634' title='bbox 636 2888 719 2924; x_wconf 72' lang='lat' dir='ltr'>VH.</span> <span class='ocrx_word' id='word_1_635' title='bbox 747 2900 781 2924; x_wconf 84' lang='lat' dir='ltr'>n.</span> <span class='ocrx_word' id='word_1_636' title='bbox 803 2899 835 2924; x_wconf 87' lang='lat'>2.</span> <span class='ocrx_word' id='word_1_637' title='bbox 867 2894 964 2925; x_wconf 80' lang='lat' dir='ltr'>Nam</span> <span class='ocrx_word' id='word_1_638' title='bbox 983 2887 1114 2936; x_wconf 76' lang='lat' dir='ltr'>regibus</span> <span class='ocrx_word' id='word_1_639' title='bbox 1133 2887 1232 2930; x_wconf 82' lang='lat' dir='ltr'>boni,</span> <span class='ocrx_word' id='word_1_640' title='bbox 1261 2899 1368 2936; x_wconf 79' lang='lat' dir='ltr'>quam</span> <span class='ocrx_word' id='word_1_641' title='bbox 1403 2905 1406 2933; x_wconf 75' lang='lat' dir='ltr'>l</span> 
     </span>
     <span class='ocr_line' id='line_1_78' title="bbox 331 2936 1406 2989; baseline 0.004 -19"><span class='ocrx_word' id='word_1_642' title='bbox 331 2936 438 2972; x_wconf 58' lang='lat' dir='ltr'>mari,</span> <span class='ocrx_word' id='word_1_643' title='bbox 467 2936 695 2974; x_wconf 54' lang='lat' dir='ltr'>str&#39;zseftiores</span> <span class='ocrx_word' id='word_1_644' title='bbox 711 2938 797 2985; x_wconf 84' lang='lat' dir='ltr'>sunt</span> <span class='ocrx_word' id='word_1_645' title='bbox 814 2966 821 2978; x_wconf 83' lang='lat'>.</span> <span class='ocrx_word' id='word_1_646' title='bbox 842 2939 1037 2989; x_wconf 72' lang='lat' dir='ltr'>semperque</span> <span class='ocrx_word' id='word_1_647' title='bbox 1057 2938 1109 2975; x_wconf 77' lang='lat' dir='ltr'>his</span> <span class='ocrx_word' id='word_1_648' title='bbox 1128 2938 1244 2976; x_wconf 84' lang='lat' dir='ltr'>aliena</span> <span class='ocrx_word' id='word_1_649' title='bbox 1260 2942 1370 2975; x_wconf 79' lang='lat' dir='ltr'>virtus</span> <span class='ocrx_word' id='word_1_650' title='bbox 1403 2941 1406 2969; x_wconf 76' lang='lat' dir='ltr'>l</span> 
     </span>
     <span class='ocr_line' id='line_1_79' title="bbox 1402 2976 2484 3050; baseline -0.006 -15"><span class='ocrx_word' id='word_1_651' title='bbox 1402 2976 1406 3050; x_wconf 64' lang='grc' dir='ltr'>,Ι</span> <span class='ocrx_word' id='word_1_652' title='bbox 1450 2997 1566 3035; x_wconf 77' lang='lat' dir='ltr'>Unde</span> <span class='ocrx_word' id='word_1_653' title='bbox 1607 2994 1783 3043; x_wconf 73' lang='lat' dir='ltr'>subjunxit</span> <span class='ocrx_word' id='word_1_654' title='bbox 1819 2987 1947 3026; x_wconf 72' lang='lat' dir='ltr'>Plinius</span> <span class='ocrx_word' id='word_1_655' title='bbox 1967 3013 1978 3030; x_wconf 90' lang='lat'>‚</span> <span class='ocrx_word' id='word_1_656' title='bbox 2008 2986 2112 3022; x_wconf 72' lang='lat' dir='ltr'>Modo</span> <span class='ocrx_word' id='word_1_657' title='bbox 2143 2986 2285 3038; x_wconf 76' lang='lat' dir='ltr'>dolori.]</span> <span class='ocrx_word' id='word_1_658' title='bbox 2325 2991 2421 3029; x_wconf 78' lang='lat' dir='ltr'>Nam</span> <span class='ocrx_word' id='word_1_659' title='bbox 2444 2992 2484 3031; x_wconf 69' lang='lat' dir='ltr'>&lt;se</span> 
     </span>
    </p>
   </div>
   <div class='ocr_carea' id='block_1_33' title="bbox 1498 2809 2425 2922">
    <p class='ocr_par' dir='ltr' id='par_1_35' title="bbox 1498 2809 2425 2922">
     <span class='ocr_line' id='line_1_80' title="bbox 1498 2809 2425 2872; baseline -0.026 -11"><span class='ocrx_word' id='word_1_660' title='bbox 1498 2827 1620 2872; x_wconf 77' lang='lat' dir='ltr'>Atque</span> <span class='ocrx_word' id='word_1_661' title='bbox 1640 2822 1778 2860; x_wconf 75' lang='lat' dir='ltr'>utinam</span> <span class='ocrx_word' id='word_1_662' title='bbox 1801 2818 1854 2854; x_wconf 82' lang='lat' dir='ltr'>his</span> <span class='ocrx_word' id='word_1_663' title='bbox 1872 2814 1968 2861; x_wconf 83' lang='lat' dir='ltr'>nugis</span> <span class='ocrx_word' id='word_1_664' title='bbox 1985 2810 2092 2865; x_wconf 45' lang='lat' dir='ltr'>potiar</span> <span class='ocrx_word' id='word_1_665' title='bbox 2109 2820 2181 2846; x_wconf 86' lang='lat' dir='ltr'>tota</span> <span class='ocrx_word' id='word_1_666' title='bbox 2203 2809 2265 2846; x_wconf 85' lang='lat' dir='ltr'>illa</span> <span class='ocrx_word' id='word_1_667' title='bbox 2283 2812 2425 2867; x_wconf 60' lang='lat' dir='ltr'>,dediffet</span> 
     </span>
     <span class='ocr_line' id='line_1_81' title="bbox 1498 2858 2401 2922; baseline -0.025 -10"><span class='ocrx_word' id='word_1_668' title='bbox 1498 2881 1660 2922; x_wconf 86' lang='lat' dir='ltr'>Tempora</span> <span class='ocrx_word' id='word_1_669' title='bbox 1679 2869 1864 2919; x_wconf 72' lang='lat' dir='ltr'>saevitiae,</span> <span class='ocrx_word' id='word_1_670' title='bbox 1894 2864 2007 2900; x_wconf 80' lang='lat' dir='ltr'>claras</span> <span class='ocrx_word' id='word_1_671' title='bbox 2030 2858 2146 2910; x_wconf 74' lang='lat' dir='ltr'>qulbus</span> <span class='ocrx_word' id='word_1_672' title='bbox 2165 2860 2303 2910; x_wconf 64' lang='lat' dir='ltr'>aestus„</span> <span class='ocrx_word' id='word_1_673' title='bbox 2324 2865 2401 2901; x_wconf 58' lang='lat' dir='ltr'><em>urbi</em></span> 
     </span>
    </p>
   </div>
   <div class='ocr_carea' id='block_1_34' title="bbox 1504 2918 1896 2972">
    <p class='ocr_par' dir='ltr' id='par_1_36' title="bbox 1504 2918 1896 2972">
     <span class='ocr_line' id='line_1_82' title="bbox 1504 2918 1896 2972; baseline -0.026 -11"><span class='ocrx_word' id='word_1_674' title='bbox 1504 2924 1718 2972; x_wconf 78' lang='lat' dir='ltr'>Illustresque</span> <span class='ocrx_word' id='word_1_675' title='bbox 1745 2918 1896 2955; x_wconf 78' lang='lat' dir='ltr'>animas.</span> 
     </span>
    </p>
   </div>
   <div class='ocr_carea' id='block_1_35' title="bbox 1454 3037 2495 3144">
    <p class='ocr_par' dir='ltr' id='par_1_37' title="bbox 1454 3037 2495 3144">
     <span class='ocr_line' id='line_1_83' title="bbox 1454 3037 2486 3099; baseline -0.001 -21"><span class='ocrx_word' id='word_1_676' title='bbox 1454 3059 1531 3099; x_wconf 77' lang='lat' dir='ltr'>quo</span> <span class='ocrx_word' id='word_1_677' title='bbox 1562 3043 1804 3093; x_wconf 72' lang='lat' dir='ltr'>contemptius</span> <span class='ocrx_word' id='word_1_678' title='bbox 1835 3038 2037 3077; x_wconf 86' lang='lat' dir='ltr'>abuteretur</span> <span class='ocrx_word' id='word_1_679' title='bbox 2065 3037 2235 3088; x_wconf 83' lang='lat' dir='ltr'>patientia</span> <span class='ocrx_word' id='word_1_680' title='bbox 2266 3040 2486 3089; x_wconf 83' lang='lat' dir='ltr'>hominum,</span> 
     </span>
     <span class='ocr_line' id='line_1_84' title="bbox 2300 3103 2495 3144; baseline -0.01 -12"><span class='ocrx_word' id='word_1_681' title='bbox 2300 3103 2495 3144; x_wconf 74' lang='lat' dir='ltr'>nunquam.</span> 
     </span>
    </p>
   </div>
  </div>
 </body>
</html>
