2616 3686
385 162 415 190 N
575 172 921 225 LIBER
987 171 1716 226 1X.E1³15TOLA
1782 180 1979 234 xx1v.
2199 201 2298 259 675

174 259 471 319 mosthenes
499 254 624 327 jure
654 258 876 312 laetatus
907 250 981 307 est
1003 292 1026 313 ‚
1073 252 1226 321 quod
1260 253 1410 306 illum
1449 260 1465 286 ¹
1502 271 1630 309 anus
1668 257 1856 313 Attica
1878 263 1949 314 ita
1972 264 2251 325 noscitavit
2278 289 2291 322 :

168 344 266 399 ἐτός
298 348 360 395 ἐς,
395 333 680 395 Amico-edm!
725 347 829 403 ego
871 325 1185 383 celebritate
1219 328 1453 381 nominis
1487 331 1594 383 mei
1634 331 1870 400 gaudere
1902 351 2015 389 non
2057 338 2232 396 debeo
2265 345 2283 395 ?

169 419 292 490 Ego
314 430 445 470 vero
473 412 528 465 &
551 407 761 481 gaudeo
785 445 801 470 ‚
850 403 905 458 &
941 401 1178 474 gaudere
1220 419 1306 455 me
1326 401 1492 481 3dico.
1571 399 1766 477 Neque
1787 409 1933 463 enim
1957 427 2177 475 vereor,
2214 427 2328 470 ne6

161 478 442 566 jaciantior
467 485 651 541 videar
671 522 687 547 ,
731 498 856 537 cum
879 478 948 532 de
974 493 1061 531 me
1084 477 1313 531 aliorum
1331 476 1628 547 judicium,
1664 497 1776 536 non
1801 500 1984 538 meum
2000 521 2014 548 ,
2036 486 2282 556 profero:

165 565 472 641 praesertim
492 558 635 634 apud
658 574 712 614 te
739 595 756 622 ,
808 563 826 624 ξ
851 555 947 627 qui
982 569 1084 608 nec
1107 551 1260 608 ullius
1287 552 1495 608 invides
1521 553 1764 611 laudibus
1783 594 1800 621 ‚
1839 558 1895 613 δε
1914 558 2058 614 faves
2078 561 2282 618 nostris.

164 639 307 703 Vale.

263 785 478 845 XXIV.
552 780 1136 840 C.P1,1N1us
1213 775 1806 836 SABINIANO
1881 781 2059 840 Suo
2134 784 2187 840 S.

160 940 296 1016 Agit
312 938 519 1013 gratias
546 931 819 988 Sabiniano
843 969 860 994 ‚
899 926 1032 1002 quod
1053 936 1237 1000 rogatu
1260 922 1348 994 suo
1379 926 1615 982 libertum
1640 928 1920 985 reduxerat
1943 931 2174 999 domum,
2218 937 2286 998 &-

231 1019 285 1070 in
307 1029 523 1067 amorem
538 1033 555 1064 :
596 1019 852 1080 monetque
875 1018 932 1059 at
969 1007 1121 1058 etiam
1144 1019 1238 1057 non
1260 1015 1470 1076 rogatus
1494 1005 1747 1059 erroribus
1757 1006 1974 1080 suoram
1993 1008 2285 1082 placabilem

211 1091 273 1166 se
290 1088 532 1163 praestet„

281 1237 400 1296 Ene
438 1235 604 1292 fecisti
627 1274 643 1299 ‚
693 1231 846 1307 quod
883 1227 1140 1284 libertum
1182 1228 1470 1302 aliquando
1499 1229 1595 1285 tibi
1617 1247 1802 1287 carum
1828 1269 1844 1296 ,
1896 1235 2283 1294 reducentibus

281 1313 504 1388 epistolis
527 1313 658 1366 meis
684 1353 697 1373 ,
739 1310 792 1362 in
819 1307 1047 1361 domum
1080 1341 1096 1368 ,
1151 1304 1205 1357 in
1234 1305 1471 1360 animum
1495 1305 1753 1378 recepisti.
1821 1306 2039 1378 Juvabit
2070 1313 2176 1366 hoc
2201 1327 2278 1368 te:

155 1411 247 1448 me
269 1404 420 1445 certe
449 1387 597 1459 juvat
627 1404 638 1439 :
695 1385 928 1454 primum
956 1419 972 1443 ‚
1020 1377 1172 1451 quod
1198 1392 1252 1434 te
1275 1385 1290 1413 ³
1316 1393 1424 1435 tam
1451 1380 1775 1452 traetabilem
1802 1383 1965 1439 video
1988 1424 2004 1449 ,
2046 1402 2106 1442 ut
2128 1389 2181 1441 in
2205 1389 2284 1442 im

155 1468 272 1539 regi
294 1462 480 1540 poffis:
524 1458 751 1526 deinde,
775 1455 929 1529 quod
946 1460 964 1489 ⁴
986 1466 1196 1509 tantum
1223 1453 1352 1509 mihi
1379 1455 1596 1525 tribuis,
1620 1470 1680 1513 ut
1706 1458 1790 1514 vel
1811 1457 2112 1516 autioritati
2137 1479 2288 1518 meae

2078 1553 2286 1608 pareaS,

205 1651 240 1679 1.
265 1643 373 1677 Anus
384 1633 545 1685 Attica]
574 1634 682 1680 Quae
699 1629 994 1669 Demosthenem
1015 1627 1187 1666 emundie
1252 1640 1356 1667 mnes
1377 1641 1386 1666 ε
1416 1629 1506 1679 quod
1533 1640 1565 1668 te
1584 1631 1693 1669 talem
1724 1631 1843 1677 video,
1871 1634 1909 1671 δε
1929 1635 2050 1682 negari
2070 1646 2146 1673 non
2165 1638 2284 1684 potest

156 1691 196 1729 &
217 1691 306 1728 terse
329 1717 340 1735 ,
376 1687 412 1726 id
439 1686 488 1724 est
518 1685 638 1723 Attice
661 1711 671 1728 ‚
704 1685 918 1729 loquentem
943 1679 1118 1726 cognovit
1137 1690 1182 1715 ex
1251 1680 1469 1717 vocabulum
1499 1681 1582 1717 talis
1602 1680 1720 1718 modo
1750 1683 1835 1719 vitia
1853 1710 1865 1728 ,
1903 1685 2022 1722 modo
2044 1687 2190 1725 virtutes
2210 1688 2281 1726 ho-

148 1741 328 1781 sermone.
361 1738 483 1786 lnquit
509 1737 611 1784 (erat
630 1734 727 1773 enim
747 1733 834 1770 illius
856 1729 993 1767 celebre
1015 1732 1181 1774 nomen)
1251 1731 1357 1768 minis
1398 1729 1605 1768 describere.
1650 1731 1728 1768 Cic.
1765 1732 1848 1772 Lib.
1882 1733 1988 1773 XIII.
2030 1734 2133 1774 Fam.
2170 1738 2280 1788 Epist,

152 1792 231 1834 ἐτός
259 1792 309 1829 ἔςι
339 1786 567 1833 Δημοσθένης.
603 1785 656 1823 hic
684 1784 726 1829 est
758 1779 1004 1830 Demosthenes.
1056 1781 1106 1816 At
1136 1778 1181 1816 ab
1250 1781 1422 1819 LXXIII.
1449 1792 1484 1817 n.
1505 1791 1540 1816 2.
1567 1779 1654 1819 mihi
1674 1792 1759 1820 certe
1769 1785 1953 1833 persuadeo
1972 1794 2008 1823 te
2028 1787 2134 1824 talem
2157 1792 2278 1828 mrum

151 1852 224 1880 anu
245 1846 390 1878 notatus
409 1837 458 1876 est
477 1834 747 1886 Theophrastus
767 1841 935 1880 tanquam
957 1830 1180 1879 peregrinus,
1248 1831 1337 1869 nihil
1371 1842 1494 1869 temere
1520 1831 1646 1882 fecisse.
1681 1832 1813 1872 Sallust.
1849 1835 1929 1883 Jug.
1965 1848 2042 1885 cap.
2065 1838 2147 1876 CII.
2183 1852 2220 1879 n.
2242 1855 2277 1889 5.

152 1903 239 1930 cum
259 1900 383 1929 tamen
402 1891 429 1926 is
453 1888 604 1926 Athenis
623 1894 779 1924 aetatem
799 1890 939 1932 ageret,
965 1883 1179 1930 optimeque
1247 1895 1375 1932 magna
1396 1881 1487 1919 nobis
1510 1879 1645 1920 laetitia
1670 1911 1681 1928 ‚
1708 1895 1785 1921 cum
1802 1891 1838 1922 te
1860 1887 1970 1924 talem
1992 1887 2111 1926 virum
2135 1889 2184 1926 dii
2203 1904 2275 1927 mo-

150 1943 371 1992 loqueretur.
423 1938 545 1988 Hujus
563 1939 611 1975 rei
637 1936 806 1974 meminit
833 1934 964 1971 Cicero
992 1931 1039 1970 de
1067 1932 1176 1970 Claris
1245 1945 1365 1977 nuere,
1393 1940 1461 1970 cet.
1479 1931 1538 1969 ubi
1552 1933 1626 1980 jam
1650 1945 1695 1971 ex
1714 1933 1885 1974 Petronio
1907 1937 2063 1977 vidimus
2085 1952 2092 1976 :
2132 1942 2222 1991 quod
2239 1950 2276 1980 te
2327 1947 2330 1949 ’

151 1991 351 2031 oratoribus
373 1990 411 2028 &
432 1989 556 2026 Fabius
584 1988 664 2025 Lib.
682 1986 785 2024 Vlll.
815 1985 846 2021 C
859 1997 881 2020 Α
896 1998 916 2020 τ
934 1995 1002 2020 AN.
1028 1981 1175 2030 Vulgo:
1241 1986 1349 2024 talem
1370 1984 1480 2021 video,
1507 1982 1674 2032 Virgilius
1695 1984 1769 2023 Ciri
1790 1998 1841 2024 vs.
1867 1986 1927 2026 18.

150 2045 240 2094 quod
260 2041 363 2081 illum
383 2053 471 2078 anus
490 2039 615 2078 Attica
634 2039 685 2076 ita
706 2035 971 2075 demonstravit.
1018 2033 1176 2089 At.Me“

153 2094 274 2133 diceus
298 2121 309 2138 ‚
348 2091 501 2129 Helmst.
530 2092 642 2127 Arnz.
671 2089 709 2126 ὅ(
739 2087 807 2125 Ed.
839 2086 927 2123 Vet.
962 2085 1050 2134 quod
1071 2084 1175 2143 {llam

152 2157 242 2182 anus
262 2143 385 2181 Attica
412 2142 464 2180 ita
491 2140 676 2178 noscitavit
696 2167 706 2183 ‚
741 2137 806 2176 nisi
838 2135 939 2186 quod
959 2144 1175 2174 recentiores

150 2194 274 2233 Codd.
294 2193 447 2231 habeant
464 2191 622 2230 distinete
653 2202 710 2226 nos
739 2188 873 2226 citavit.
929 2187 1094 2224 Alterum
1120 2187 1179 2224 de-

150 2244 356 2292 monstravit
377 2254 476 2281 mera
496 2239 616 2279 Glossa
635 2240 682 2277 est
701 2267 710 2282 ,
749 2240 787 2275 &
808 2237 959 2276 verbum
983 2237 1095 2285 ipsum
1120 2250 1179 2274 no-

141 2296 271 2346 scitare
289 2294 360 2333 hoc
376 2292 476 2332 sensu
495 2292 623 2329 Plauto
636 2317 647 2333 ‚
677 2289 784 2327 Livio
802 2289 949 2335 aliisque
970 2288 1176 2337 frequenta-

90 2383 96 2389 .
151 2354 221 2385 tur.
275 2345 405 2383 Noster
426 2343 497 2392 ipse
526 2343 606 2379 Lib.
626 2340 694 2376 Vl.
729 2338 837 2387 Epist.
859 2338 941 2376 XX.
976 2350 1012 2375 n.
1034 2351 1089 2384 14.
1115 2341 1177 2378 alii

149 2397 268 2435 liberos
293 2423 304 2439 ,
343 2396 406 2433 alii
425 2393 577 2441 coniuges
599 2389 736 2427 vocibus
757 2387 975 2438 requirebant
997 2415 1008 2432 ,
1037 2389 1174 2428 vocibus

150 2446 380 2486 noscitabant.
405 2435 565 2483 Catullus
591 2441 716 2479 Carm.
746 2440 828 2477 LX.
854 2450 905 2477 vs.
924 2450 1011 2477 221.

276 2526 329 2564 Sit
347 2525 408 2574 suo
425 2523 550 2572 similis
575 2521 667 2571 patri
745 2569 752 2576 ·

279 2577 439 2618 Manlio,
467 2586 508 2613 c9·
527 2572 635 2620 factle
660 2570 770 2608 insciis

274 2626 480 2665 Noscitetur
506 2623 551 2660 ab
579 2622 745 2660 omnibus.

156 2702 586 2791 αᾶᾟιὲἴὲἕςῗέῗὲἑὶὲ
606 2695 1176 2795 ῗὶῧηῗῗὲὲἑιῑῖζῗῖἑὲξὲἓςέἐῖἶὲῗ

158 2802 448 2850 repraesentatum
476 2814 496 2840 a
522 2801 756 2850 Typothetis.
791 2801 826 2836 G
842 2812 896 2857 *PU
914 2811 935 2836 T
949 2812 968 2836 a
982 2812 1024 2855 a..
1065 2796 1174 2832 Ullius

159 2851 266 2888 exstat
285 2853 391 2890 etiam
414 2854 451 2891 in
477 2852 648 2890 Mediceo
677 2853 713 2888 δε
746 2851 886 2899 reliquis
916 2849 1042 2887 nostris
1063 2875 1072 2891 ‚
1112 2857 1175 2884 ex-

158 2902 345 2958 pressitque
370 2903 507 2951 pridem
535 2903 729 2952 Gryphius.
778 2903 946 2940 Alterum
977 2897 1090 2937 sensus
1122 2908 1174 2934 re-

197 2959 259 2988 uit.

159 2952 195 2999 sp
212 3010 245 3048 3.
273 2999 424 3051 Talem]
452 3004 540 3040 Non
565 3002 718 3051 displicet
740 3030 750 3046 ‚
791 3014 867 3040 tam
891 3000 1108 3039 trafflzhilem
1130 3010 1175 3036 ex

162 3048 234 3089 fide
252 3050 425 3090 Pontificii
456 3055 676 3103 exemplaris.
703 3053 806 3091 CAT
820 3065 892 3092 AN.
943 3052 1119 3100 Vulgatae
1140 3061 1182 3087 0-

1295 2068 1376 2101 Non
1394 2077 1446 2115 ego
1468 2073 1502 2103 te
1523 2066 1633 2103 talem
1659 2079 1844 2105 venerarer
1865 2081 2003 2108 munere
2021 2071 2098 2110 tali.

1243 2138 1452 2191 Xenophon
1483 2143 1593 2180 VllI.
1622 2143 1830 2192 Cyropaed.
1866 2156 1945 2193 pag.
1975 2146 2061 2193 567.
2100 2151 2273 2196 'romapgv

1243 2197 1271 2226 T
1288 2199 1385 2229 010
1403 2203 1426 2230 Υ
1441 2201 1554 2231 ΤΟΣ
1582 2200 1656 2230 ΩΝ
1688 2194 1837 2235 ἐποίησεν
1865 2200 1921 2232 ἐπι
1953 2200 2026 2238 ταῖς
2045 2198 2163 2244 θύρκις
2185 2209 2274 2233 πολ-

1243 2242 1298 2281 λήν
1319 2246 1376 2287 μὲν
1399 2246 1458 2281 πἰἷν
1479 2246 1629 2292 χειρόνων
1653 2245 1826 2291 εὐταξίαν.
1871 2246 1927 2283 SIC
1947 2246 1984 2282 δί
2009 2246 2169 2283 Laertius
2191 2247 2271 2285 Lib.

1244 2291 1309 2329 lV.
1345 2294 1465 2342 Segni.
1489 2295 1592 2331 XIV.
1629 2294 1805 2342 multique
1825 2304 2014 2343 praeterea.
2055 2297 2192 2334 Contra
2214 2306 2267 2335 ta-

1241 2354 1326 2380 men
1349 2347 1510 2381 nituntui·
1532 2343 1718 2381 Mediceus
1739 2346 1777 2381 &
1799 2357 1928 2383 omnes
1949 2345 2050 2383 MSS.
2063 2347 2170 2385 nostri
2181 2358 2267 2386 cum

1241 2393 1308 2430 Ed.
1331 2395 1417 2432 Vet.
1441 2395 1500 2443 qui
1523 2395 1863 2444 maluerunt‚quod
1884 2408 1929 2434 ex
1948 2396 2139 2435 Pontificio
2167 2398 2266 2437 Cod.

1239 2452 1344 2482 notat
1363 2445 1563 2483 Catanaeus
1586 2458 1594 2481 ε
1632 2446 1722 2494 quod
1752 2458 1784 2483 te
1806 2455 1878 2484 tarn
1903 2447 2120 2485 tradiabilem
2143 2448 2265 2493 video,

1239 2494 1275 2531 id
1297 2494 1396 2544 quod
1422 2496 1605 2545 Gryphius
1637 2498 1844 2545 propagavit
1870 2526 1877 2533 .
1917 2498 1956 2534 &
1981 2507 2120 2536 temere
2151 2499 2266 2547 sperni

1239 2557 1314 2583 non
1345 2547 1463 2584 debet.
1507 2545 1737 2584 Vocabulum
1776 2549 1903 2595 placuit
1937 2548 2071 2585 Nostro
2112 2549 2189 2587 Lib.
2217 2550 2267 2588 V.

1241 2596 1347 2644 Epist.
1366 2597 1393 2634 Ι.
1429 2610 1462 2635 n.
1488 2610 1544 2636 10.
1578 2607 1618 2633 ut
1647 2608 1679 2634 te
1705 2598 1875 2636 coheredes
1904 2600 1970 2636 mei
1990 2599 2263 2637 trac‘tabiiiorem

1238 2647 1488 2695 experiantur:
1524 2648 1654 2697 placuit
1681 2649 1789 2686 etiam
1822 2650 1952 2698 majori
1983 2649 2096 2686 Plinio
2123 2677 2133 2692 ‚
2176 2651 2265 2688 item

1241 2698 1391 2741 Tullio,
1421 2699 1584 2743 Ovidio,
1615 2698 1723 2736 Fabio
1748 2702 1784 2736 &
1807 2701 1950 2747 optimo
1971 2700 2121 2747 cuique,
2136 2708 2172 2736 ut
2195 2701 2266 2738 nii·

1239 2747 1275 2785 hi
1309 2748 1410 2785 bono
1440 2750 1521 2798 jure
1557 2762 1634 2787 tam
1669 2749 1887 2787 traczabilem
1914 2749 2102 2797 reposuifle
2133 2750 2268 2790 videar.

1241 2798 1432 2835 CORTR

1289 2859 1324 2893 4.
1351 2853 1504 2886 Tantum
1525 2848 1612 2888 mihi
1631 2849 1789 2899 tribuis.]
1829 2849 1973 2888 Tantae
2001 2851 2266 2891 existimationis

1238 2897 1335 2945 apud
1357 2907 1392 2936 te
1411 2901 1485 2935 sum
1509 2928 1518 2941 ‚
1557 2901 1593 2936 &
1621 2909 1761 2937 tantum
1796 2900 1882 2938 milii
1908 2899 2028 2938 credis.
2068 2903 2100 2937 C
2118 2914 2135 2937 Α
2152 2915 2174 2939 τ
2191 2916 2212 2940 Α
2228 2917 2266 2942 Ν.

1241 2951 1448 2987 Mediceus:
1478 2950 1610 2987 Deinde
1627 2963 1742 3000 quum
1765 2961 1906 2987 tantum
1926 2950 2012 2989 mihi
2022 2951 2154 2989 tribuis.
2170 2953 2267 2991 Infra

1238 2999 1335 3037 idem
1360 2999 1490 3037 Codex
1515 3013 1522 3037 :
1563 3001 1671 3048 Igitur
1689 3000 1799 3039 laudo
1825 3029 1835 3044 ,
1871 3011 1912 3040 (7
1942 3001 2076 3050 gratias
2094 3016 2154 3051 ago
2176 3031 2186 3047 ,
2225 3007 2265 3042 &

1239 3050 1392 3089 deinde:
1420 3061 1461 3088 ut
1480 3051 1646 3089 erroribus
1665 3064 1801 3088 tuorum
1813 3079 1822 3095 ‚
1853 3050 1926 3091 sine
1942 3053 2205 3092 Provocabulo.

1620 3103 1805 3154 Qqqqz
2154 3116 2187 3143 1.
2214 3110 2267 3142 De
