2616 3686
325 211 433 270 τοι.
535 214 599 262 c.
665 211 707 259 Ρ
739 203 841 258 L'1
877 198 931 258 N
970 193 1512 255 1'1'0-AE‘C11.
1547 191 1631 247 1'1
1691 188 1971 261 ‚stsso‘o
2006 192 2063 250 N
2101 200 2147 249 D
2184 200 2209 248 1

244 319 275 353 π.
331 291 546 353 ¹‘inedia
571 295 734 347 vitam
763 289 945 346 finisse.
1020 286 1188 342 Causa
1215 286 1429 349 mortiS,
1466 286 1483 305 ²
1509 283 1799 339 valetudo]
1827 283 2068 340 *Eratiil‘i
2087 293 2244 342 'natus
2268 283 2442 339 unsa-²

336 369 518 426 nabilis
542 368 750 428 clavus,
785 367 937 434 cujus
964 360 1145 414 taedio
1172 360 1235 413 ad
1278 374 1508 414 mortem
1537 355 1871 411 irrevocabili
1898 358 2186 415 c'on‘s’tantia
2211 360 2244 392 *ἡ
2266 356 2438 411 denua

338 440 533 501 currit,
574 439 739 510 usque
766 434 830 488 ad
860 436 1164 505 supremum
1190 432 1336 485 diem
1362 430 1544 484 beatus
1573 429 1627 482 &
1674 428 1832 489 felix,
1867 427 1960 481 nisi
1985 429 2144 498 quod
2167 431 2436 484 'minorem

338 531 411 567 ex
445 511 619 565 liberis
661 509 871 563 duobus
915 505 1114 566 amisit,
1167 502 1258 556 sed
1303 504 1558 570 majorem
1593 501 1605 526 ⁵
1649 501 2072 570 melioremque,
2110 497 2442 564 florentem,

262 601 286 655 3
341 600 501 656 atque
530 584 688 635 etiam
714 579 1062 633 Consularem
1081 613 1096 636 ,
1139 574 1369 645 reliquit.
1448 572 1699 628 Laeserat
1727 570 2185 625 famamsuamsub
2205 571 2438 635 Nerone,

340 654 662 711 credebatur
689 650 875 720 sponte
900 643 1175 700 accusasse.
1252 645 1358 698 b‘e'd
1387 644 1405 667 ⁶
1429 645 1484 699 in
1511 645 1714 697 Vitellii
1740 646 1968 697 amicitia
1997 644 2254 712 sapienter
2278 642 2359 704 se,
2386 644 2442 697 δε

344 729 575 783 comiter
602 721 852 795 gesserat:
889 737 957 773 ex
986 717 1364 770 proconsulatu
1385 715 1536 769 Aliae
1567 717 1788 784 gloriam
1816 729 2212 783 reportaverat:
2236 718 2448 767 ⁷macu-

261 817 296 866 4
344 803 447 855 lam
482 798 676 850 veteris
707 790 989 847 industriae
1016 794 1035 820 ⁸
1063 787 1305 841 laudabili
1336 789 1462 840 ocio
1489 788 1741 840 abluerat.
1815 790 1836 814 ⁹
1860 788 1978 842 Fuit
2005 790 2144 841 inter
2182 786 2456 857 principes

348 870 576 926 civitatis
605 866 711 920 sine
738 865 1009 934 potentia,
1047 859 1384 914 sineinvidia.
1423 858 1785 921 Salutabatur,
1825 861 2099 913 colebatur
2123 897 2138 922 ,
2193 858 2453 912 multum-

344 942 535 1016 quein
588 938 786 993 lee'iulo
817 936 1032 1007 jacenS,
1067 930 1318 987 cubiculo
1360 931 1596 1002 semper,
1636 928 1667 948 ¹⁰
1692 946 1804 983 non
1826 943 1896 984 ex
1927 931 2142 986 fortuna
2175 929 2455 1002 praesenti.

2337 1002 2461 1058 Do-

340 1181 426 1219 'eam
446 1179 670 1229 appellamus
691 1180 818 1213 contra
839 1185 928 1224 pop.
968 1174 1187 1213 Romanum
1211 1177 1373 1221 recepta-
1447 1167 1544 1206 haec
1566 1166 1752 1206 deterioris
1772 1167 1929 1206 Iunioris
1941 1177 1985 1204 ex
1997 1165 2085 1204 filiis.
2111 1165 2265 1204 Banu.
2290 1167 2465 1208 Turbant

346 1234 472 1274 culum
507 1228 901 1279 propugnaculumque
935 1224 1199 1264 constituerunt
1221 1223 1374 1260 auctore
1447 1218 1532 1255 sane
1561 1218 1637 1255 libri
1668 1227 1758 1256 vett.
1789 1230 1858 1256 nec
1889 1225 2078 1266 comparet
2107 1216 2182 1252 hoc
2222 1217 2466 1269 melioremque

349 1283 540 1321 Strabone.
597 1279 800 1327 Stephanus
835 1284 1020 1323 praeterea
1047 1276 1211 1313 italicum
1238 1273 1376 1311 Siciliae
1449 1269 1486 1306 in
1509 1268 1708 1306 Lindenbr.
1755 1269 1970 1318 Excerptis,
2007 1279 2101 1318 quae
2124 1268 2161 1304 δε
2193 1267 2259 1303 alia
2291 1271 2471 1315 nonnulla

349 1333 569 1382 oppidffium
595 1326 665 1368 else
685 1327 840 1364 testatur.
870 1325 968 1361 Nam
993 1324 1017 1361 fi
1043 1324 1159 1363 fiiiffet
1171 1323 1353 1372 Hjspanus
1368 1351 1378 1367 ,
1452 1321 1605 1356 mutant.
1634 1319 1703 1357 Sel
1725 1319 1918 1358 Mediceus
1941 1318 2080 1368 prorsus
2094 1346 2104 1363 ,
2126 1327 2166 1355 ut
2186 1316 2322 1356 editur:
2345 1331 2467 1369 neque

348 1382 524 1432 profecto
548 1380 657 1417 Mart.
679 1378 769 1414 illius
791 1377 918 1412 unicus
929 1374 1127 1413 admirator
1141 1404 1150 1419 ‚
1179 1373 1381 1411 avidiisime
1453 1367 1480 1405 fi
1501 1370 1589 1407 alter
1612 1382 1658 1408 ex
1678 1368 1754 1408 filiis
1777 1370 1906 1407 melior
1930 1370 2058 1407 dicitur
2083 1397 2093 1414 ,
2121 1369 2208 1407 alter
2228 1367 2345 1408 statim
2368 1370 2469 1409 dete—

352 1441 499 1469 mmum
516 1432 636 1468 visum
650 1456 659 1472 ‚
674 1429 712 1465 ἃ
732 1426 907 1474 dignitate
921 1453 932 1470 ‚
961 1428 999 1463 ὃς
1012 1428 1162 1475 ingenio
1177 1454 1187 1469 ‚
1201 1426 1238 1462 ὅ(
1252 1425 1382 1461 carmi.
1455 1421 1528 1457 rior
1542 1448 1553 1464 ‚
1578 1419 1613 1456 h.
1635 1433 1664 1458 e.
1684 1421 1838 1469 peior&
1861 1428 2002 1469 patrem
2015 1419 2200 1458 infelicem
2213 1418 2366 1458 reddens
2378 1424 2474 1467 erit,

352 1483 460 1520 nibus
491 1480 770 1518 celeberrimum
803 1476 896 1513 inter
928 1476 1009 1514 suos
1039 1473 1293 1519 recensuisset,
1320 1474 1382 1513 ubi
1454 1481 1539 1506 curn
1563 1472 1767 1519 praesertim
1789 1471 1865 1509 laus
1885 1470 2033 1508 melioris
2052 1470 2217 1508 latiffime
2240 1479 2366 1518 pateat.

350 1532 606 1581 Hispanorum
640 1529 855 1575 scriptorum
889 1525 1033 1564 summa
1072 1539 1158 1564 cum
1192 1526 1383 1573 voluptate

351 1584 535 1620 meminit.
574 1581 640 1618 CA
658 1590 767 1618 ran.
796 1575 951 1613 Helmst.
981 1576 1090 1621 situ„
1122 1578 1236 1615 Arnz.
1255 1575 1384 1619 .s·ilius;

354 1629 558 1671 Lindenbr.
591 1630 720 1668 silvius
754 1626 900 1680 Iralicus
921 1655 933 1672 ,
980 1627 1177 1677 quomodo
1209 1628 1247 1665 &
1280 1626 1388 1663 Oxo-

359 1682 506 1722 niensis.

410 1734 431 1771 8
462 1728 736 1783 Neapolitano.]
775 1727 957 1775 Praedio,
984 1728 1086 1778 quod
1104 1729 1210 1777 juxta
1234 1728 1389 1778 Neapo-

357 1783 425 1824 lim
441 1781 606 1834 possedit.
636 1782 792 1818 Cum.

417 1847 431 1872 1
467 1835 590 1871 Inedia
614 1834 730 1870 vitam
752 1827 904 1879 finiffe.]
944 1828 1067 1867 Deleo
1091 1828 1223 1865 vitam.
1273 1829 1393 1867 Finire

360 1885 462 1923 enim
495 1884 658 1922 absolute
682 1910 697 1926 ,
743 1880 807 1930 qui
826 1881 1042 1917 brevitatem
1067 1878 1245 1916 sea-intur
1269 1907 1279 1924 ‚
1323 1891 1392 1928 pro

361 1936 461 1973 mori
485 1962 496 1979 ‚
535 1934 656 1972 dicere
675 1932 795 1969 solent
817 1958 828 1975 ,
866 1938 906 1967 ut
931 1931 968 1967 ὃς
991 1929 1156 1967 Tacitus.
1196 1929 1226 1966 B
1240 1941 1262 1966 Α
1276 1942 1301 1966 a
1319 1943 1341 1967 T
1357 1942 1392 1967 H.

392 1996 480 2022 uem
503 1986 613 2023 etiam
638 1982 761 2020 videas
784 1982 863 2018 Lib.
888 1979 1032 2017 XLIV.
1057 1978 1208 2017 Advers.
1222 1991 1298 2028 cap.
1312 1980 1393 2017 XX.

362 1997 494 2072 {odil
514 2043 645 2072 tamen
667 2032 777 2070 nostri
800 2032 907 2080 plene
933 2041 1064 2066 omnes
1090 2058 1101 2074 ‚
1129 2029 1250 2066 vitam
1264 2030 1393 2079 finiffe,

365 2083 434 2123 nisi
457 2084 559 2133 quod
582 2085 654 2121 alio
678 2081 806 2120 ordine
829 2081 998 2118 maluerit
1022 2078 1174 2116 Helmst.
1208 2081 1247 2117 ὃς
1280 2081 1392 2117 Arnz.

360 2132 476 2184 finiffe
497 2134 627 2171 vitam.
657 2134 708 2170 Ar
730 2132 812 2170 Lib.
835 2131 863 2167 Ι.
889 2129 996 2179 Epist.
1021 2129 1106 2166 XII.
1126 2140 1158 2165 n.
1181 2139 1213 2165 2.
1244 2129 1368 2166 inillis
1384 2159 1394 2174 ,

369 2187 430 2235 qui
462 2185 580 2222 morbo
614 2183 788 2222 finiuntur
812 2209 823 2227 ‚
860 2192 1033 2230 magnum
1049 2192 1091 2216 ex
1112 2179 1186 2230 ipsa
1206 2178 1396 2227 necessitate

363 2234 538 2285 Jblatium
559 2233 615 2281 est.

420 2296 443 2322 2
478 2283 688 2333 valetudo]
718 2284 875 2321 Morbus
897 2283 974 2321 fuit.
1004 2281 1158 2318 Cam«.

420 2346 441 2385 3
472 2335 613 2373 Clavus
657 2333 878 2386 insanabilis.
910 2332 926 2383 ]
977 2331 1190 2370 Secundum
1233 2329 1400 2370 medicos

370 2386 497 2425 clavus
514 2394 664 2423 vocatur
678 2387 794 2423 exitus
816 2385 962 2422 tunicae
979 2393 1098 2419 uveae
1121 2381 1239 2418 oculi:
1256 2385 1294 2420 δε
1306 2383 1404 2420 tuni-

374 2445 436 2474 cae
457 2437 553 2475 oculi
566 2438 681 2474 exitus
703 2436 748 2473 ab
758 2434 879 2473 ulcere
898 2431 982 2475 ἧλος
998 2433 1138 2469 Graece
1161 2431 1300 2469 dicitur.
1343 2433 1405 2470 Se-

375 2487 540 2524 cundum
552 2488 742 2525 Pollucem
757 2485 803 2523 est
826 2484 1030 2522 contraistio
1043 2482 1169 2520 callosa
1183 2510 1194 2526 ‚
1223 2481 1379 2521 rotunda
1394 2511 1404 2527 ,

373 2537 791 2586 subp-anidmdcnfiuideo
805 2536 919 2575 dietus
931 2535 982 2570 cla
989 2534 1157 2582 vus,quia
1170 2535 1208 2570 in
1219 2532 1405 2582 superficie

378 2588 545 2626 dilatatur
557 2615 567 2632 ,
588 2588 624 2625 in
639 2599 744 2625 carne
756 2598 847 2624 vero
860 2586 1089 2633 restringitur.
1115 2583 1321 2621 Incurabilis
1345 2584 1410 2621 ali-

377 2637 531 2689 quando
553 2639 591 2675 δε
616 2638 660 2675 ad
686 2638 882 2686 perniciem
894 2637 1047 2674 trahens.
1075 2634 1107 2671 C
1121 2646 1142 2670 A
1157 2647 1180 2671 τ
1197 2646 1217 2669 Α
1231 2645 1266 2670 N.
1295 2634 1408 2671 Clavi

381 2691 419 2728 in
453 2689 564 2726 oculis
589 2715 600 2731 ‚
636 2690 799 2726 maxime
831 2688 867 2724 in
889 2686 1040 2735 pedibus
1065 2685 1286 2729 nascuntur,
1310 2687 1348 2723 &
1371 2685 1409 2721 in

381 2739 438 2777 his
471 2739 518 2777 est
551 2738 676 2775 callosa
710 2736 939 2775 extuberatio
963 2765 975 2780 ,
1013 2742 1053 2772 ut
1085 2735 1207 2773 videas
1231 2746 1275 2772 ex
1302 2735 1410 2773 Celso
1481 2747 1550 2772 non
1580 2748 1624 2772 ex
1648 2736 1803 2781 fortuna
1822 2731 2002 2781 praesenti.

388 2788 470 2825 Lib.
502 2790 550 2827 V.
584 2799 661 2837 cap.
691 2786 874 2825 XXVIII.
901 2789 940 2826 ὃς
978 2786 1061 2824 Lib.
1101 2784 1188 2822 Vll.
1216 2796 1293 2834 cap.
1320 2785 1410 2823 V11.
1441 2791 1452 2874 ι

389 2835 544 2874 Baiani.

439 2897 462 2930 4
492 2889 710 2924 Decucurrit.
739 2888 755 2937 ]

394 2982 503 3032 Epist.
529 2984 553 3020 1.
578 2996 615 3020 n.
635 2984 670 3020 8.

446 3047 464 3082 ς
497 3034 751 3082 Melior-amque.
774 3031 789 3081 ]

828 3034 996 3071 Delenda
1029 3036 1173 3073 videtur
1204 3036 1295 3074 haec
1327 3048 1416 3073 vox.

1504 1521 1528 1556 6
1557 1527 1598 1556 ln
1614 1519 1948 1569 Vitelliiamici'n'a.]
1978 1520 2130 1558 Tacitus
2149 1520 2318 1558 Cluvium
2340 1523 2471 1569 Rufum

1459 1570 1498 1607 &
1518 1570 1643 1608 sitium
1667 1570 1833 1611 Italicum
1853 1571 1996 1608 testatur
2020 1570 2120 1609 fuiffe
2135 1573 2330 1609 verborum
2343 1572 2478 1620 testes,

1457 1632 1551 1670 quae
1573 1622 1723 1661 Sabinus
1747 1623 1785 1660 ὃ(
1806 1620 1975 1659 Vitellius
1996 1622 2032 1658 in
2054 1621 2144 1660 aede
2167 1622 2348 1672 Apollinis
2369 1623 2474 1663 simul

1457 1673 1636 1721 pepigere.
1666 1674 1820 1711 Canu.
1858 1672 2072 1710 Mediceus:
2099 1672 2136 1709 in
2160 1673 2284 1712 Vitelli
2305 1675 2475 1713 amicitia.

1510 1734 1529 1768 7
1564 1723 1751 1762 Maculam
1787 1723 1939 1768 veteris,
1967 1721 2068 1770 eya]
2098 1724 2187 1772 Qua
2207 1724 2288 1763 usus
2310 1726 2345 1762 in
2369 1735 2477 1762 accu-

1456 1770 1649 1811 sationibus
1670 1772 1900 1813 intendendis
1915 1801 1926 1819 ‚
1952 1773 1997 1812 de
2019 1774 2148 1824 quibus
2180 1775 2280 1824 supra
2303 1802 2314 1820 ,
2352 1775 2481 1814 fuerat.

1458 1822 1667 1862 Bucunnn.

1511 1873 1532 1910 8
1562 1875 1767 1914 Laudabilis
1799 1874 1952 1925 oraria]
1982 1875 2089 1913 Dum
2113 1873 2196 1918 foro
2208 1881 2318 1924 atque
2337 1875 2480 1925 judiciis

1461 1923 1639 1963 abstinens
1654 1954 1664 1971 ‚
1689 1927 1798 1965 literis
1821 1926 2013 1976 studiisque
2034 1933 2149 1963 vacat.
2177 1924 2293 1964 lom.

1512 1987 1536 2022 9
1566 1977 1645 2014 Fuit
1676 1977 1769 2015 inter
1798 1976 2004 2027 principes]
2031 1977 2211 2023 Principes
2231 1976 2382 2015 civitatis
2402 1976 2482 2017 sunt

1465 2027 1655 2075 praecipua
1677 2028 1895 2066 auctoritate
1924 2028 2000 2064 viri.
2055 2027 2252 2064 Caeterum
2286 2027 2480 2067 aiidloritas

1467 2085 1570 2128 metu
1605 2077 1722 2116 ferme
1760 2087 1902 2127 paratur
1927 2091 1935 2115 :
1990 2078 2026 2115 ui
2047 2087 2092 2113 ex
2114 2078 2274 2124 potentia
2298 2079 2481 2125 maxime,

1467 2137 1563 2174 quae
1586 2138 1664 2164 non
1681 2136 1822 2166 temere
1843 2128 1948 2166 alicui
1984 2139 2044 2165 ine
2057 2126 2193 2164 invidia
2207 2127 2355 2166 constat.
2384 2129 2482 2175 Nam

1467 2186 1544 2224 quo
1566 2179 1645 2226 quis
1668 2179 1744 2226 plus
1767 2178 1883 2226 potest
1906 2206 1918 2223 ,
1953 2178 2027 2216 hoc
2044 2177 2156 2226 magis
2179 2184 2301 2226 patere
2328 2178 2484 2219 invidiae

1467 2225 1554 2281 solet
1571 2240 1580 2264 :
1611 2234 1810 2277 Nunquam
1829 2228 2017 2266 eminentia
2028 2227 2168 2266 invidia
2181 2239 2303 2267 carent
2317 2258 2328 2274 ‚
2365 2229 2486 2268 Velle·

1464 2287 1522 2333 Jns
1544 2279 1602 2315 ait.
1656 2279 1787 2317 Noster
1810 2281 1932 2329 itaque
1954 2289 2039 2316 cum
2061 2279 2155 2317 inter
2176 2279 2354 2329 Principes
2364 2279 2487 2319 civita-

1470 2336 1537 2371 tis,
1566 2327 1639 2366 sine
1660 2331 1851 2379 potentia,
1879 2329 1953 2367 fine
1974 2328 2112 2367 invidia
2147 2329 2273 2368 Silium
2317 2327 2483 2367 obtinuis-

1472 2377 1506 2415 se
1525 2378 1652 2416 locum
1673 2380 1878 2430 praedicat,
1905 2381 2114 2419 innocentia
2143 2409 2154 2425 ,
2193 2381 2254 2424 &,
2281 2388 2372 2428 quae
2391 2376 2483 2413 hanc

1472 2427 1631 2478 sequitur
1645 2458 1655 2475 ,
1683 2431 1855 2470 charitate
1868 2431 1904 2469 id
1916 2431 2152 2468 consecutum
2167 2428 2341 2477 fignificat.
2367 2422 2482 2472 Quod

1477 2480 1515 2516 ὅτ.
1549 2479 1693 2518 Bolano
1725 2480 1913 2530 contigisse
1946 2481 2100 2519 Tacitus
2141 2480 2249 2517 Vitae
2290 2472 2481 2525 Agricolae

1473 2529 1604 2568 auEtor
1626 2531 1683 2569 est.
1724 2539 1909 2576 Innocens,
1936 2533 2076 2581 inquit,
2115 2529 2261 2565 Bolanus
2282 2550 2292 2568 ι
2313 2534 2354 2560 <9⁶
2374 2520 2481 2576 nullis

1474 2581 1605 2618 delictis
1626 2581 1761 2632 invisus
1786 2583 2001 2621 charitatem
2015 2585 2211 2631 paraveras
2233 2573 2300 2609 ¹⁰⁶⁰
2331 2572 2486 2609 ‘'utus‘'

1475 2632 1573 2670 tatis.
1601 2632 1716 2670 IDEM.

1529 2695 1574 2721 10
1604 2689 1685 2720 Non
1714 2685 1890 2735 frequenti
1908 2694 1950 2719 ex
1962 2673 2149 2728 firmum]
2179 2671 2261 2728 Alia
2279 2669 2487 2726 leffioest,

2055 2724 2142 2762 Non
2168 2721 2294 2759 scilicet
2319 2721 2487 2760 cubiculo

1483 2785 1517 2823 se
1540 2784 1751 2823 continebat
1772 2792 1918 2832 propter
1943 2774 2163 2827 praesentem
2187 2781 2306 2809 rerum
2331 2769 2459 2810 statum
2475 2800 2487 2819 ‚

1485 2836 1549 2884 qui
1582 2836 1742 2884 optimus
1774 2832 1822 2870 est
1853 2828 2015 2875 Traiano
2045 2815 2235 2871 plincipe,
2264 2821 2319 2859 sel
2344 2831 2492 2871 propter

793 2889 848 2927 Sic
882 2888 930 2925 est
963 2888 999 2924 in
1033 2885 1140 2924 MSS.
1164 2885 1288 2924 nostris
1304 2914 1313 2929 ,
1336 2897 1415 2923 non
1487 2885 1671 2923 morbum.
1708 2883 1775 2919 CA
1793 2893 1816 2918 τ
1831 2889 1901 2915 ΑΝ.
1939 2880 2018 2910 Non
2039 2885 2080 2909 ex
2095 2872 2248 2917 somma
2263 2871 2490 2922 frequenti]

393 2933 545 2971 decurrit
571 2963 580 2978 ,
620 2937 722 2982 quod
744 2938 801 2974 alii
823 2938 1025 2976 ediderunt.
1075 2936 1172 2975 Vide
1193 2936 1238 2974 ad
1263 2937 1343 2974 Lib.
1369 2936 1415 2973 11.

1490 2936 1539 2983 Q.
1576 2936 1709 2972 Cicero
1739 2930 1785 2967 de
1815 2926 1989 2979 petitione
2023 2921 2301 2978 Coiisularusatl
2324 2921 2497 2965 M.Tuli.

1490 2983 1637 3021 fratrem
1672 2979 1790 3017 civiles
1822 2975 1993 3011 amicitias
2026 2972 2134 3010 tribus
2158 2983 2318 3008 maxime
2341 2973 2496 3020 partibus

1487 3032 1635 3075 definit,
1663 3025 1904 3067 salutatione,
1933 3024 2155 3067 deda-riom,
2185 3025 2221 3060 ὃς
2254 3021 2494 3069 affectatione.-

396 3083 480 3125 lam
513 3086 613 3125 enim
646 3084 805 3123 multum
826 3082 996 3122 ‘demserit
1017 3084 1176 3125 felicitati
1197 3088 1305 3134 patris
1330 3094 1420 3126 nota
1489 3082 1616 3131 quibus
1637 3075 1806 3118 omnibus
1827 3073 2048 3115 studendum
2065 3073 2106 3114 iis
2127 3071 2252 3114 sedulo
2277 3071 2408 3120 docet,
2434 3074 2498 3122 qui

2454 3121 2507 3163 ad.
