2616 3686
807 178 1742 239 H.S'TEPHA1NI

246 315 424 378 proponi
455 313 664 362 Ciceronis
697 311 929 370 exemplum
973 311 1019 354 in
1050 309 1148 353 aliis
1181 309 1313 352 etiam
1345 302 1498 360 rebus,
1531 310 1750 360 tamquam
1790 300 1904 360 ejus,
1939 318 2059 364 quem
2089 305 2135 354 in
2167 306 2277 366 illis,
2308 310 2417 365 sieut

242 382 303 430 ⁴in
328 379 509 443 studiis,
542 377 750 425 aemulari
792 375 972 420 deberet.
1038 375 1181 433 Auget
1215 381 1324 417 certe
1357 368 1465 421 hanc
1497 365 1771 427 suspicionem
1795 398 1810 423 ,
1855 369 1929 412 vel
1965 373 2107 428 potius
2138 374 2417 435 cory'eb'iurane

255 444 365 493 banc
398 445 617 506 confirmat
649 443 758 487 locus
791 438 979 499 epistolae
1012 437 1193 484 decimae
1226 437 1398 497 quintae
1409 432 1509 478 libri
1539 433 1688 489 tertii,
1707 432 1768 477 ad
1784 431 2040 483 Proculum:
2064 437 2223 501 Rogas
2245 441 2416 503 etjam,

259 524 313 559 ut
339 509 513 572 aliquid
534 505 746 555 succifivi
771 503 996 567 temporis
1029 500 1188 549 studiis
1221 500 1336 548 meis
1372 495 1637 546 subtraham
1661 534 1673 554 ‚
1720 497 1986 558 impertiam
2029 500 2136 548 tuis.
2200 505 2411 570 Adjicis‚

259 576 333 625 M.
362 572 572 622 Tullium
592 571 710 619 mira
733 569 1022 634 benignitate
1044 570 1290 629 poetarum
1312 562 1502 627 ingenia
1521 559 1702 609 fovisse.
1746 562 1934 610 Perinde
1965 567 2075 610 enim
2107 567 2184 626 effe
2210 581 2312 629 puto
2342 588 2418 621 Μ-

246 644 291 702 st
325 640 505 696 diceret,
538 637 615 685 M.
636 635 818 683 Tullium
839 668 854 692 ,
888 634 1003 694 cujus
1024 649 1093 694 ego
1114 632 1349 678 aemulator
1369 629 1444 689 effic
1465 625 1652 673 omnibus
1684 629 1730 672 in
1762 627 1910 687 rebus,
1944 645 2048 690 quae
2079 632 2140 676 ad
2158 631 2305 692 studia
2318 650 2420 696 per-

258 709 425 764 tinent,
460 703 612 756 studeo.
679 701 766 749 Sed
795 702 930 759 enim,
965 697 1076 760 quod
1105 698 1164 742 ad
1195 697 1381 761 epistolas
1415 694 1582 740 adtinet
1602 725 1619 749 ‚
1652 707 1799 737 earum
1832 696 2057 740 materiam
2100 700 2231 744 multo
2263 701 2418 763 largio.

260 786 350 819 rem
386 771 572 817 Ciceroni
593 767 751 828 fuisti,
785 781 912 827 quam
929 765 1018 825 stbi
1037 766 1133 824 stt,
1165 764 1383 824 queritur,
1415 762 1462 805 in
1494 773 1543 804 ea
1576 774 1682 820 qnae
1703 756 1890 820 secunda
1922 759 1977 818 est
2011 762 2112 807 libri
2143 767 2253 810 noni.
2288 767 2423 815 Prae·-

262 848 395 886 terea
418 831 623 898 (inquit)
659 847 748 879 nec
787 831 985 878 materia
1015 830 1148 892 plura
1178 826 1411 875 scribendi
1447 825 1674 882 dabatur,
1713 838 1866 886 neque
1900 824 2027 872 enim
2068 827 2233 875 eadem
2266 831 2422 880 nostra

262 901 501 956 conditio,
540 913 657 962 quae
694 897 769 943 M.
805 895 973 944 Tullii:
1011 895 1070 942 ad
1095 894 1227 957 cujus
1263 891 1532 952 exemplum
1556 905 1640 937 nos
1675 903 1833 936 vocaS.
1904 888 1979 937 Illi
2013 891 2140 938 enim
2175 892 2227 942 ἃς
2261 898 2423 959 copio-

263 967 480 1015 fiffimum
502 961 771 1028 ingenium,
809 960 862 1008 ἃ
895 977 979 1023 par
1011 960 1205 1022 ingenio
1239 957 1435 1005 materia
1456 993 1468 1014 ,
1507 971 1647 1019 quam
1681 968 1776 1001 tam
1812 954 2013 1003 varietas
2047 973 2202 1004 rerum
2228 995 2242 1017 ‚
2280 973 2422 1024 quam

260 1029 536 1095 magnitudo
573 1027 816 1091 largissime
851 1026 1140 1088 suppetebat.
1213 1027 1357 1084 Atque
1391 1023 1438 1068 id
1459 1054 1474 1076 ‚
1507 1021 1617 1083 quod
1646 1020 1696 1066 de
1728 1021 1912 1065 materia
1945 1021 2077 1080 dicit,
2109 1024 2422 1087 intelligendum

261 1097 319 1156 est
352 1097 401 1142 de
434 1097 616 1142 materia
636 1092 851 1153 scribendi
884 1107 948 1138 res
981 1094 1151 1137 minime
1182 1088 1372 1136 humiles.
1407 1089 1559 1143 Nam,
1587 1088 1736 1147 paucis
1769 1085 2026 1146 interjec'iis,
2055 1086 2296 1152 subjungit,
2319 1093 2426 1140 Nifi

261 1161 388 1209 forte
422 1161 635 1208 volumus
672 1157 964 1206 scholasticas
1001 1158 1111 1214 tibi,
1148 1169 1289 1218 atque
1327 1152 1422 1218 (ut
1458 1153 1523 1200 ita
1549 1150 1738 1215 dicam)
1777 1151 2059 1200 umbraticas
2088 1153 2243 1202 literas
2265 1157 2425 1206 mitte-

262 1242 328 1275 re.
397 1225 596 1288 Denique
629 1223 695 1270 hic
727 1226 836 1271 locus
869 1222 1137 1285 conferendus
1169 1220 1224 1281 est
1259 1236 1351 1266 cum
1383 1218 1484 1278 isto,
1519 1228 1646 1279 atque
1679 1218 1780 1264 adeo
1813 1233 1865 1262 ex
1898 1217 1970 1271 isio
2015 1219 2340 1282 intelligendus,
2372 1225 2428 1269 li-

262 1293 332 1339 bri
364 1294 489 1338 tertii
519 1288 692 1352 epistola
727 1292 942 1352 vigesima.
1011 1289 1148 1336 Haec
1179 1286 1264 1334 tibi
1286 1284 1464 1346 scripsi,
1501 1284 1704 1346 primum
1735 1296 1788 1330 ut
1811 1282 1984 1345 aliquid
2019 1283 2134 1331 novi
2155 1283 2426 1348 scriberem,

264 1357 436 1406 deinde
460 1370 512 1405 ut
534 1371 873 1418 nonnunquam
893 1354 952 1402 de
973 1353 1211 1416 republica
1230 1353 1472 1414 loquerer:
1511 1349 1642 1412 cujus
1667 1348 1891 1396 materiae
1926 1349 2059 1396 nobis
2087 1364 2262 1412 quanto
2284 1353 2431 1401 rarior

266 1439 406 1487 quam
427 1421 664 1470 veteribus
701 1420 912 1478 occas10‚
950 1433 1083 1481 tanto
1114 1418 1267 1465 minus
1305 1414 1565 1463 omittenda
1599 1413 1681 1462 est.
1750 1414 1812 1460 Et
1855 1413 2042 1461 hercule
2078 1431 2320 1480 quousque
2355 1418 2434 1466 illa

263 1488 478 1554 vulgaria
493 1489 515 1534 ’.2
553 1486 658 1534 Eho
695 1487 807 1550 quid
832 1486 966 1550 agis?
1002 1483 1174 1547 ecquid
1198 1480 1446 1530 commode
1470 1479 1636 1528 vales?
1672 1481 1895 1527 Habeant
1929 1478 2111 1527 nostrae
2147 1497 2332 1545 quoque
2358 1482 2432 1530 lit-

264 1567 396 1603 terae
431 1552 604 1616 aliquid
640 1567 737 1599 non
774 1551 975 1609 humile,
1013 1566 1103 1597 nec
1136 1547 1397 1604 sordidum,
1434 1561 1522 1592 nec
1557 1545 1749 1606 privatis
1773 1546 1907 1592 rebus
1943 1545 2180 1593 inclusum.
2227 1548 2308 1593 Ille
2333 1547 2434 1609 (in-

267 1621 434 1683 quam)
502 1621 612 1665 locus
645 1633 697 1663 ex
728 1617 804 1663 hoc
834 1616 894 1678 est
927 1614 1241 1678 intelligendus:
1275 1612 1325 1660 (ῥ’
1359 1612 1616 1658 umbraticas
1647 1613 1817 1657 litteras
1849 1611 1935 1656 illic
1977 1611 2186 1670 adpellari
2219 1613 2437 1658 dicendum

268 1684 330 1740 eli
365 1691 479 1747 (meo
513 1682 679 1746 quidem
697 1682 897 1744 judicio)
931 1697 1037 1745 quae
1069 1681 1225 1728 habent
1259 1678 1426 1740 aliquid
1453 1678 1641 1741 privatis
1675 1676 1797 1723 rebus
1830 1673 2060 1737 inclufiem,
2093 1685 2142 1722 ut
2176 1678 2342 1737 quidem
2364 1677 2436 1725 hic

270 1754 473 1813 quuitur.

332 1818 419 1866 Sed
442 1819 552 1863 enim
570 1814 853 1864 admonendus
871 1829 912 1860 es
945 1814 974 1859 a
995 1829 1059 1860 me
1073 1846 1088 1873 ,
1110 1813 1235 1859 leb‘ior
1249 1845 1264 1870 ‚
1297 1811 1492 1872 quamvis
1501 1819 1595 1857 tam
1606 1808 1743 1855 multa
1764 1806 1813 1854 de
1835 1806 2046 1854 Pliniana
2067 1807 2276 1855 Ciceronis
2291 1822 2438 1855 aemu-

267 1886 425 1932 latione
445 1883 659 1941 audieris,
691 1897 771 1928 non
791 1881 866 1941 effi
896 1880 1004 1926 hanc
1026 1881 1071 1925 in
1096 1879 1298 1926 Pliniano
1308 1875 1500 1937 sermone
1518 1874 1813 1938 quaerendam.
1847 1889 1940 1919 eum
1961 1875 2071 1918 enim
2095 1889 2176 1919 non
2191 1873 2335 1934 solum
2355 1875 2439 1921 ha-

268 1952 362 1997 bere
380 1950 721 2012 quamplurima,
755 1962 886 2008 quae,
919 1947 1116 2006 quamvis
1134 1945 1330 2001 Latina,
1367 1944 1640 1989 Ciceroniana
1665 1950 1808 1985 tamen
1836 1955 1915 1986 non
1933 1938 2050 1998 flat,
2072 1937 2157 1999 sed
2181 1942 2314 1986 niam
2336 1957 2440 1987 non-

267 2017 417 2075 nulla,
452 2030 557 2077 quae
578 2016 644 2061 illi
656 2014 890 2074 peculiaria
913 2012 1061 2071 effi’sts
1081 2009 1423 2070 existimaturos,
1459 2008 1513 2061 &⁷
1543 2024 1595 2053 ex
1617 2007 1765 2068 quibus
1795 2007 1940 2067 aliqua
1959 2003 2154 2066 suspee‘t'a
2188 2008 2319 2051 etiam
2335 2006 2439 2068 for-

266 2082 385 2140 taffis
410 2081 651 2127 habiturus.
717 2081 862 2140 Atque
883 2078 932 2123 id
947 2079 1125 2139 intelligi
1143 2077 1236 2122 volo
1256 2076 1416 2121 dietum
1436 2083 1528 2120 tam
1550 2073 1600 2119 de
1622 2071 1812 2133 loquendi
1829 2071 2074 2133 generibus,
2106 2085 2233 2131 quam
2265 2070 2314 2116 de
2347 2075 2442 2133 qui-

267 2147 445 2195 basdam
467 2147 664 2204 vocibus,
699 2141 966 2204 easfi’orsitm
987 2145 1118 2188 etiam
1152 2140 1300 2201 &per
1324 2141 1375 2201 se
1405 2139 1709 2201 confiderando.
1778 2138 1854 2182 Ex
1887 2137 1973 2181 illis
2003 2135 2195 2196 loquendi
2220 2139 2443 2197 generibus

268 2214 326 2275 est
347 2212 420 2272 id,
453 2215 497 2258 in
517 2229 593 2274 quo
608 2211 826 2271 particula
848 2210 980 2257 Vero
996 2208 1086 2269 post
1107 2207 1360 2253 adverbium
1379 2209 1546 2252 utitur:
1577 2213 1628 2250 ut
1649 2205 1693 2248 in
1709 2202 1802 2263 fine
1822 2201 2012 2262 epistolae
2033 2206 2207 2246 offavae
2226 2202 2330 2247 libri
2354 2212 2443 2248 ter-

268 2283 338 2327 tii.
406 2280 654 2326 Praeterea
677 2276 912 2339 intelligo,
949 2274 1065 2321 mihi
1089 2288 1275 2335 quoque
1297 2272 1472 2335 gloriae
1493 2270 1595 2317 fore
1617 2269 1650 2316 fi
1675 2284 1735 2315 ex
1766 2268 1858 2314 hoc
1892 2280 1973 2313 tuo
2009 2264 2134 2313 fasto
2168 2283 2263 2314 non
2296 2267 2441 2316 fuerit

270 2347 511 2410 ignotum,
549 2342 724 2389 amicos
755 2357 882 2387 meos
914 2354 1009 2387 non
1043 2353 1204 2403 gerere
1241 2350 1426 2384 tantum
1460 2336 1717 2383 tribunatus
1751 2331 1875 2394 posse
1897 2369 1908 2389 ,
1948 2346 2113 2378 verum
2154 2332 2297 2379 etiam
2321 2333 2445 2380 dare.

274 2412 431 2480 Quare
453 2426 542 2473 ego
565 2423 680 2455 vero
703 2405 1041 2453 honestiffimae
1061 2402 1294 2451 voluntati
1320 2415 1428 2449 tuae
1439 2417 1596 2463 pareo.
1611 2399 1686 2445 Ita
1708 2401 1817 2444 enim
1850 2400 1896 2443 in
1926 2397 2032 2443 Ald.
2066 2397 2246 2443 editione
2266 2397 2322 2449 {9²
2353 2399 2448 2445 Ba-

271 2478 430 2535 diana,
463 2478 527 2520 ita
560 2475 606 2519 in
639 2474 738 2519 aliis
759 2473 913 2529 etiam,
950 2486 1055 2531 quae
1079 2469 1133 2521 &²
1156 2468 1331 2528 diverfis
1350 2469 1394 2512 in
1414 2468 1509 2513 locis
1532 2466 1586 2518 [9⁷
1605 2465 1784 2525 diverfis
1805 2462 2054 2523 temporibus
2085 2462 2256 2524 excusae
2264 2462 2447 2524 fuerunt

275 2546 381 2604 (nist
401 2541 510 2605 quod
525 2539 731 2601 quaedam
758 2535 1088 2584 Honestiffime
1111 2534 1295 2591 habent,
1328 2548 1432 2594 quas
1453 2532 1580 2578 editio
1609 2546 1702 2577 mea
1721 2528 1908 2591 sequuta
1940 2527 1998 2582 eli
2017 2561 2034 2585 ‚
2074 2543 2203 2588 quum
2225 2527 2348 2588 ftqui
2376 2543 2449 2574 eas

267 2612 407 2670 petius
435 2606 653 2662 debuerit,
686 2605 731 2648 in
753 2603 900 2662 quibus
923 2598 1287 2648 Honestiffimae
1310 2597 1616 2659 estscriptum)
1652 2605 1778 2656 atque
1810 2594 1879 2640 hie
1913 2607 2050 2638 omnes
2082 2594 2231 2652 optime
2263 2595 2375 2639 inter
2395 2593 2448 2655 se

279 2674 576 2722 consentiunt
597 2702 612 2727 ,
647 2671 691 2714 in
725 2669 823 2713 aliis
851 2676 993 2712 contra
1021 2667 1229 2726 plerisque
1258 2666 1354 2710 locis
1382 2663 1510 2709 valde
1540 2665 1650 2707 inter
1669 2659 1720 2722 ſse
1750 2659 2043 2720 diffi‘ntientes.
2112 2657 2241 2722 Quid
2259 2658 2282 2704 ?
2312 2672 2451 2705 annon

273 2740 515 2801 plerumque
533 2735 791 2793 exemplaria
807 2734 993 2792 plurima
1013 2733 1123 2775 inter
1135 2729 1184 2791 se
1203 2729 1252 2775 de
1270 2730 1386 2774 mala
1410 2731 1540 2774 etiam
1562 2728 1730 2773 lebiione
1759 2723 1982 2786 consentire
1993 2723 2184 2769 videmus
2211 2723 2234 2768 ‚9
2268 2724 2453 2771 Fateor:

266 2805 352 2868 fid
371 2804 419 2848 de
445 2819 522 2863 quo
544 2802 678 2861 fidem
711 2798 1013 2858 exemplaribus
1045 2795 1200 2841 habere
1233 2795 1386 2853 nolles,
1418 2795 1570 2855 cogeris
1603 2790 1899 2853 quodammodo
1932 2789 2014 2835 loco
2046 2790 2166 2846 alii,
2209 2789 2282 2833 ubi
2317 2789 2452 2838 Vero

274 2869 532 2932 postponitur
551 2866 697 2911 itidem
716 2865 943 2921 adverbio,
968 2862 1103 2920 fidem
1122 2861 1292 2908 habere.
1361 2861 1406 2906 Is
1439 2859 1494 2920 est
1528 2861 1572 2905 in
1595 2859 1687 2918 fine
1720 2856 1908 2917 epistolae
1941 2859 2118 2900 octavae
2150 2853 2250 2900 libri
2284 2858 2453 2902 octavi:

282 2937 418 2985 Plura
443 2931 668 2985 laudabis,
706 2930 925 2976 nonnulla
960 2927 1142 2975 ridebis.
1181 2942 1462 2990 quamquam
1496 2938 1548 2972 tu
1584 2940 1725 2981 vero,
1765 2937 1883 2984 quae
1919 2932 1997 2966 tua
2027 2919 2312 2978 humanitas,
2351 2922 2455 2969 nul·

281 3010 325 3058 la
349 3000 533 3053 ridebis.
604 2993 681 3044 Es}
700 2995 858 3053 alioqui
881 2996 1000 3053 (quis
1022 2994 1096 3038 hoc
1117 2992 1268 3053 neget?
1301 2992 1410 3052 quod
1428 2992 1598 3036 mireris
1628 2989 1737 3034 hunc
1767 2986 1885 3046 istius
1915 2984 2118 3031 adverbii
2146 2984 2293 3038 ulum:
2325 2997 2455 3049 atquo

278 3083 430 3137 ,agere
447 3064 521 3111 hoc
551 3061 877 3109 admirationem
897 3056 1051 3119 potest,
1086 3059 1194 3119 quod
1215 3057 1270 3112 ὃ)
1294 3059 1365 3104 ille
1393 3057 1531 3116 alter,
1565 3056 1637 3116 qui
1665 3053 1781 3115 apud
1801 3053 2031 3113 primarios
2069 3053 2235 3114 linguae
2264 3052 2454 3102 Latinae

2346 3116 2459 3179 firi-

2584 615 2590 623 ’
2607 542 2611 545 -
2607 516 2616 529 f
2558 0 2616 502 ,saa-isjasaa—uafid'*
