2616 3686
312 194 372 245 μ
520 157 1629 231 C.PL1N·11CAECIL11
1698 177 2219 236 SECUNDI

307 257 521 315 nestatis
546 256 744 314 fruetus
771 259 824 313 in
851 254 1204 317 conscientia,
1237 271 1398 327 quarn
1426 258 1480 310 in
1505 256 1642 312 fama
1672 274 1980 329 reponatur.
2023 253 2035 272 ¹
2072 267 2232 340 Sequi
2257 265 2399 323 enim
2473 266 2475 268 ’

308 334 474 403 gloria
496 370 508 393 ‚
543 349 654 388 non
681 332 860 403 appeti
889 327 1079 382 debet:
1119 344 1252 389 nee,
1290 327 1325 380 fi
1352 328 1474 382 casu
1509 331 1686 403 aliquo
1728 348 1836 385 non
1872 333 2152 403 sequatur,
2191 339 2401 395 idcirco

186 429 250 479 15
307 405 457 475 quod
493 421 509 439 ²
547 407 772 475 gloriam
809 401 1005 455 meruit
1034 438 1049 463 ,
1095 401 1269 454 minus
1312 401 1600 470 pulchrum
1625 404 1714 458 est.
1792 404 1831 458 li
1860 422 1990 459 vero
2012 411 2402 480 quibenefat‘ia

185 865 243 909 16

303 478 391 531 sua
419 476 589 532 verbis
615 476 913 542 adornant,
954 490 1062 526 non
1088 473 1218 527 ideo
1245 472 1587 544 praedicare,
1624 478 1749 548 quia
1775 479 2004 534 fecerint
2023 519 2038 543 ‚
2080 481 2170 535 sed
2185 497 2241 537 ut
2257 502 2404 555 prae-

301 549 546 604 dicarent
594 567 606 592 ³
643 548 819 604 fecille
858 546 1171 600 creduntur.
1250 547 1338 599 Sic
1363 585 1381 610 ‚
1428 547 1581 616 quod
1617 549 1961 620 magnifieum
1999 551 2270 609 referente
2296 558 2399 612 alio

299 620 501 687 fuisset,
546 623 654 693 ipso
681 622 771 692 qui
800 618 1020 690 gefferat
1049 617 1393 681 recensente,
1433 622 1683 677 vanescit.
1760 625 2031 679 Homines
2058 628 2235 689 enim,
2274 644 2400 686 curn

300 713 416 750 rem
443 695 716 750 destruere
743 711 852 748 non
880 691 1127 763 possunt,
1161 693 1506 762 jaeiationem
1536 693 1644 764 ejus
1670 715 1687 740 4
1714 697 2005 752 inceffunt:
2046 699 2116 753 ita
2144 699 2181 753 fi
2209 700 2407 757 filenda

301 767 525 831 feceris,
564 767 762 822 saelum
788 766 988 837 ipsum:
1032 765 1383 828 mandanda,
1423 769 1573 837 quod
1599 786 1709 823 non
1734 769 1877 825 fileas
1903 770 2041 841 ipse,
2093 777 2103 802 ⁵
2142 774 2407 844 culpatur.

307 842 407 897 Me
433 858 563 894 vero
587 840 866 912 peculiaris
892 839 1158 911 quaedam
1188 837 1417 907 impedit
1445 841 1612 897 ratio:
1661 844 1865 897 etenim
1905 843 2049 898 hunc
2091 843 2261 915 ipsum
2296 847 2405 900 ser-

303 930 526 969 monem
554 931 666 970 non
691 913 832 988 apud
859 912 1151 985 populum,
1190 911 1283 966 sed
1310 910 1452 983 apud
1478 912 1851 971 ⁶Decuriones
1869 915 2056 981 habui,
2094 934 2192 973 nec
2211 924 2262 973 in
2278 936 2406 990 pro-

2191 993 2407 1063 patu10,

287 1145 437 1192 scientia
454 1147 680 1198 pulcherrimi
690 1148 785 1194 sani
799 1149 940 1195 sruc‘lus
960 1158 1050 1187 erat.
1067 1148 1104 1186 &
1125 1148 1164 1186 in
1185 1146 1350 1217 Tuscu-l
1371 1145 1550 1195 Sulpicius
1572 1146 1644 1187 seu.
1658 1146 1754 1187 Dial.
1768 1147 1796 1187 1.
1816 1148 1973 1199 cap‚XI.
2002 1147 2218 1187 Periclitatos
2236 1148 2405 1196 infantu-

295 1197 393 1238 lanis.
422 1202 655 1248 Qcinetiam,
683 1212 755 1240 (φο.
786 1202 817 1236 C
833 1214 880 1238 Ατ
898 1214 968 1238 ΑΝ.
1370 1197 1416 1235 los
1426 1199 1596 1247 serpentis
1615 1201 1750 1248 occursu
1765 1229 1773 1244 ‚
1804 1214 1847 1240 (ς’
1865 1204 1948 1250 ipsos
1968 1204 2102 1251 insuper
2117 1200 2233 1237 multa
2255 1201 2401 1238 verbera

354 1263 366 1288 1
400 1252 539 1301 Sequi]
571 1253 639 1289 Per
668 1251 700 1287 se
733 1253 926 1296 comitari,
955 1265 1038 1290 nam
1063 1249 1123 1299 etsi
1141 1251 1205 1298 (ut
1225 1250 1326 1289 idem
1371 1249 1464 1286 viclo
1483 1252 1635 1300 serpente
1656 1250 1839 1290 meruisse.
1876 1253 2026 1302 Dialog.
2055 1252 2103 1290 11.
2124 1263 2201 1299 cap.
2218 1251 2286 1288 VI.
2307 1261 2402 1291 extr.

295 1303 408 1340 refert
439 1303 600 1351 Cicero)
635 1301 725 1338 nihil
758 1302 796 1339 in
814 1303 850 1351 se
869 1302 998 1340 habeat
1016 1302 1127 1351 gloria
1150 1315 1209 1339 cur
1234 1312 1330 1351 expe·
1374 1299 1441 1346 Ista
1473 1314 1541 1337 non
1569 1313 1711 1339 tamum
1734 1303 1862 1353 audisse
1891 1315 2052 1341 contenta
2076 1331 2086 1347 ,
2110 1305 2171 1347 secl
2191 1315 2234 1342 (φ
2263 1304 2402 1341 meruit

298 1363 424 1397 tatur,
450 1364 569 1390 tamen
593 1354 769 1390 virtutem
792 1364 970 1403 tanquam
1003 1353 1131 1390 umbra
1155 1354 1329 1403 sequitur:
1363 1351 1501 1400 servire
1518 1353 1678 1402 sapienti.
1732 1354 1801 1392 Rei
1827 1355 1965 1403 vulgari
1987 1355 2120 1393 diutius
2141 1366 2220 1392 non
2255 1354 2399 1391 immo-

299 1404 356 1441 lo
374 1416 391 1440 E
408 1418 447 1442 Μ.
476 1405 578 1441 Plura
607 1404 776 1441 dedimus
796 1404 841 1441 ad
861 1404 995 1441 sallust.
1018 1404 1101 1442 Cat.
1123 1413 1201 1452 cap.
1225 1405 1331 1441 LlV.
1371 1403 1543 1441 rabimur.
1598 1405 1648 1441 At
1678 1405 1760 1453 quis
1789 1406 1912 1443 credat
1933 1433 1943 1450 ,
1987 1407 2146 1444 Plinium
2180 1413 2257 1442 tam
2288 1404 2399 1443 dubie

302 1464 394 1491 extr.
428 1461 480 1490 Ita
505 1468 569 1503 quo
592 1455 707 1491 minus
726 1455 882 1501 gloriam
902 1455 1037 1503 petebas
1061 1482 1072 1500 ,
1095 1468 1132 1492 eo
1145 1456 1257 1505 magis
1276 1455 1328 1494 se·
1367 1453 1561 1503 scripsisse:
1591 1456 1683 1505 quod
1698 1455 1846 1504 gloriam
1867 1469 1943 1494 non
1966 1456 2128 1495 meruit?
2166 1456 2274 1493 Licet
2293 1456 2399 1493 enim

297 1505 490 1555 quebatur.
506 1507 694 1544 Homerus
715 1505 812 1544 Iliad.
835 1509 876 1543 Δ.
900 1517 953 1545 vs.
974 1515 1059 1554 415.
1369 1505 1573 1554 intelligere
1604 1518 1717 1554 queas
1736 1535 1747 1551 ‚
1785 1508 1888 1556 quod
1918 1508 2071 1556 gloriam
2106 1517 2184 1545 non
2210 1505 2397 1550 obtinuit,

1371 1558 1537 1604 proprius
1559 1566 1685 1594 tamen
1707 1557 1824 1606 sensus
1846 1558 1920 1601 est,
1946 1559 2050 1607 quod
2068 1557 2397 1606 gloriaindignum

405 1608 534 1657 Τόυτῳ
552 1611 620 1655 μὲν
638 1609 707 1655 γὰρ
730 1608 834 1653 κῖδος
854 1608 915 1656 ἅμ’
937 1607 1100 1656 Etlevam
1371 1607 1430 1645 est.
1487 1607 1520 1645 Is
1552 1618 1676 1646 autem
1704 1619 1792 1646 cum
1824 1608 1941 1645 menti
1972 1607 2151 1657 scriptoris
2173 1607 2313 1654 prorsus
2351 1606 2398 1646 fit

1370 1660 1593 1709 contrarius,
1623 1658 1752 1696 dubius
1785 1669 1908 1696 autem
1932 1658 1989 1696 ille
2021 1659 2144 1697 saltem
2175 1658 2395 1702 indecorus,

297 1709 402 1758 quod
433 1721 622 1759 perperam
651 1711 802 1759 corrigit
832 1711 885 1748 vir
915 1710 1060 1749 doetus.
1112 1712 1225 1750 Ita&
1246 1713 1328 1750 No·
1371 1709 1558 1758 aliamque
1589 1709 1790 1746 leetionem
1812 1709 1958 1755 planam
1990 1720 2231 1759 apertamque
2260 1708 2397 1747 offerat

298 1760 367 1798 fler
384 1760 483 1807 supra
510 1762 617 1808 Epist.
635 1761 683 1799 V.
712 1773 748 1798 n.
771 1772 802 1805 7.
1370 1761 1587 1797 veterrimus
1608 1759 1801 1798 Mediceus
1825 1761 1862 1798 ἃ
1882 1759 1940 1797 alii
1958 1759 2081 1799 Codd.
2103 1772 2241 1808 nempe
2266 1773 2274 1795 :
2304 1759 2397 1808 quod

347 1823 368 1847 2
400 1813 556 1848 Gloriam
592 1825 658 1848 non
686 1810 854 1861 meruit,]
885 1812 994 1850 Haec
1012 1823 1096 1850 vera
1120 1813 1169 1851 est
1190 1813 1328 1857 Ιεᾶἰο,
1365 1809 1515 1857 gloriam
1543 1811 1694 1854 meruit;
1725 1812 1819 1848 hanc
1851 1811 1972 1858 potius
2002 1811 2138 1850 Nostro
2166 1810 2396 1849 reddendam

295 1873 383 1900 nam
414 1863 516 1910 quod
547 1863 788 1912 negationem
820 1863 971 1912 quidam
1001 1875 1080 1902 non
1099 1864 1326 1912 agnoscunt,
1369 1858 1440 1898 effe
1460 1861 1607 1900 censeo.
1660 1862 1769 1899 Ordo
1792 1861 1865 1910 ipse
1887 1860 2094 1900 confirmat.
2147 1861 2182 1899 Si
2217 1861 2296 1899 casu
2332 1860 2397 1898 ali-

296 1912 346 1951 illi
368 1925 456 1950 vero
487 1913 608 1951 frustra
639 1915 730 1951 sunt.
772 1915 907 1950 Meruit
931 1913 980 1951 est
1011 1915 1146 1959 ἔτυχε.
1199 1915 1328 1953 Sensus
1368 1923 1446 1960 quo
1465 1913 1578 1961 gloria
1596 1924 1673 1950 non
1692 1912 1885 1962 sequatur,
1911 1912 2053 1951 idcirco
2075 1925 2154 1951 non
2173 1913 2294 1950 minus
2315 1910 2398 1960 pub,

299 1965 366 2002 est:
399 1965 581 2003 Praeclara
611 1965 733 2009 faeta,
763 1965 903 2002 etiamsi
935 1964 1143 2003 laudatores
1171 1977 1247 2004 non
1272 1968 1325 2004 in,
1366 1963 1495 2001 chrum
1519 1964 1568 2001 est
1589 1963 1702 2009 illud,
1730 1964 1822 2013 quod
1834 1962 1984 2011 gl‘m'am
2003 1963 2143 2000 meruit.
2171 1963 2278 2000 COR
2295 1975 2369 2001 TE·

296 2015 660 2060 venlintmonideo
674 2017 794 2054 minus
807 2015 877 2053 effe
891 2015 1051 2061 pulchra.
1071 2016 1238 2055 Verbum
1256 2031 1326 2054 me·
1419 2028 1437 2064 3
1469 2013 1623 2064 Feciffe.]
1654 2015 1766 2053 Secus
1787 2014 1909 2053 laudat
1933 2015 2141 2063 Trajanum
2169 2013 2204 2050 in
2229 2015 2395 2062 panegy-=

293 2066 617 2114 rerinonsemper
633 2066 1026 2115 &gegeoxcfignificarm
1044 2066 1101 2105 sed
1117 2073 1321 2115 τυγχάνειν
1365 2066 1437 2103 rica
1463 2069 1634 2104 oratione
1656 2080 1663 2104 :
1703 2072 1784 2103 Non
1808 2065 1880 2102 ideo
1909 2064 2000 2102 dixit
2026 2064 2138 2113 viciffe
2170 2063 2324 2100 videaris
2351 2073 2394 2101 ue

298 2118 337 2154 &
366 2116 505 2154 saecum
535 2126 687 2161 notare,
717 2130 793 2156 non
818 2118 877 2166 jus
899 2146 909 2163 ,
939 2120 1062 2156 notius
1089 2119 1136 2156 est
1163 2147 1173 2162 ‚
1209 2132 1319 2169 quam
1367 2117 1628 2166 triumphares,
1650 2117 1711 2164 led
1729 2114 1947 2164 triumphare
1966 2143 1977 2161 ,
2009 2117 2093 2166 quia
2122 2115 2259 2153 viceris.
2305 2114 2394 2152 CA-

299 2176 339 2205 ut
367 2168 587 2215 probatione
615 2177 731 2216 egeat.
776 2169 808 2206 C
825 2184 845 2205 A
861 2183 876 2206 s
893 2182 911 2205 A
928 2182 950 2206 υ
966 2182 999 2207 Β,
1047 2169 1244 2207 Notiffima
1272 2172 1318 2208 est
1371 2180 1394 2205 τ
1410 2181 1432 2204 A
1448 2181 1483 2204 N.

296 2218 505 2256 observatio
529 2219 575 2257 de
594 2220 709 2257 verbo
730 2221 873 2262 mereri,
903 2232 1015 2269 quam
1036 2219 1096 2257 hic
1114 2220 1217 2258 dedit
1246 2222 1319 2258 Ca-
1414 2231 1438 2265 4
1466 2218 1669 2270 Inceffunt.]
1701 2219 1913 2264 Insaniam,
1941 2217 2188 2269 (vellicant‚)
2207 2217 2396 2264 invehun-'¹

297 2269 504 2313 saubonus,
534 2279 573 2308 ut
595 2270 781 2319 vulgatam
805 2270 1007 2309 lechonem
1032 2271 1148 2321 (quod
1173 2270 1320 2320 gloriam
1362 2276 1432 2307 tur.
1463 2269 1517 2307 11>
1534 2284 1551 2308 ε
1568 2284 1608 2308 M·

298 2333 368 2358 non
389 2321 539 2367 meruit)
558 2322 727 2359 servaret.
785 2320 915 2364 ldem,
945 2322 1207 2369 praeteralios‚
1239 2334 1322 2360 mo-
1421 2334 1438 2368 ς
1470 2320 1684 2371 culpatur.]
1716 2321 1775 2360 Sic
1794 2329 1935 2371 praeter
1969 2321 2058 2361 alios
2084 2321 2168 2360 MS.
2199 2321 2311 2359 etiam
2331 2320 2400 2360 Pas

298 2381 459 2409 nuerunt
491 2372 612 2410 Barth.
639 2371 684 2409 ad
720 2372 871 2410 Paullin.
899 2373 929 2410 I.
957 2373 1003 2410 de
1032 2373 1104 2410 vita
1135 2373 1246 2412 Mart.
1275 2386 1323 2412 vs.
1367 2367 1521 2409 latinus:
1551 2374 1667 2422 magis
1686 2374 1813 2411 coatste
1833 2373 2031 2411 haetenus:
2059 2374 2123 2421 ipse
2150 2372 2307 2422 culparis.
2344 2372 2396 2408 At

299 2422 390 2460 280.
446 2423 621 2461 Gronov.
650 2422 804 2460 Observ.
838 2424 873 2461 in
913 2424 1040 2472 Script.
1077 2423 1212 2462 Eccles.
1247 2436 1327 2474 cap,
1371 2424 1530 2468 apertior
1557 2425 1632 2462 exit
1662 2425 1838 2462 sententia
1867 2426 2027 2472 repetito
2057 2424 2110 2461 bis
2139 2425 2200 2462 illo
2224 2423 2393 2472 culpatur.

298 2472 391 2510 vll,
423 2473 604 2511 Heraldus
623 2473 668 2510 ad
692 2474 847 2512 Arnobii
872 2474 956 2513 Lib.
978 2475 1006 2512 Ι.
1030 2485 1110 2523 pag.
1140 2487 1194 2513 12.
1248 2476 1327 2513 Co·
1373 2473 1616 2512 GRUTfiRUs.
1641 2475 1817 2524 culpatur
1841 2476 1949 2512 nollri
1981 2487 2112 2513 omnes
2142 2475 2247 2512 MSS.
2281 2473 2318 2509 &
2344 2468 2394 2507 fic

298 2522 448 2561 lumbus
468 2524 512 2560 ad
538 2524 708 2560 Laetam.
728 2525 774 2561 de
797 2533 906 2562 mort.
930 2525 1063 2572 perfec.
1086 2536 1164 2574 cap.
1193 2526 1220 2564 Ι,
1249 2527 1326 2564 Ne·
1371 2525 1442 2561 iam
1467 2525 1653 2574 Gryphius
1675 2535 1784 2576 atque
1803 2526 2079 2564 aliiediderunt.
2132 2527 2184 2564 At
2209 2520 2398 2576 Medreeus

301 2586 377 2623 que
403 2573 504 2611 aliter
526 2575 632 2621 capio
657 2575 800 2611 Minue.
817 2576 892 2614 Fel.
907 2587 984 2623 cap.
1003 2577 1067 2614 Vl.
1081 2577 1214 2614 Priores
1229 2605 1239 2622 ‚
1268 2578 1328 2627 qui
1371 2585 1556 2622 praeterea
1575 2579 1667 2627 quod
1688 2576 1813 2614 omisit
1833 2590 1841 2613 :
1864 2576 2091 2624 filaudanda
2103 2589 2169 2613 non
2191 2572 2286 2620 fileas
2308 2570 2397 2618 tpse2

305 2635 519 2662 meruerunt
540 2625 615 2661 deos
637 2624 984 2672 velfhcileshabere,
1014 2627 1180 2677 velreges.
1209 2628 1330 2668 Sedul.
1376 2626 1547 2671 culpatur.
1600 2627 1723 2665 Poffes
1755 2628 1804 2665 ita
1829 2628 2050 2666 constituere
2078 2628 2201 2664 locum
2224 2634 2232 2657 :
2282 2625 2335 2655 Ira
2365 2617 2401 2666 si

308 2677 393 2715 Lib.
418 2676 449 2716 l.
470 2687 521 2713 vs.
544 2687 631 2725 330.
1369 2675 1500 2722 filencla
1517 2680 1656 2724 seceris,
1678 2680 1819 2724 saelum
1836 2679 1970 2727 ipsum:
1997 2673 2225 2726 filaudanda
2255 2683 2321 2706 non
2349 2669 2399 2726 sr-

1371 2728 1463 2772 leae,
1491 2730 1554 2779 ipse
1575 2731 1732 2777 culparis.
1784 2730 1841 2767 Est
1861 2738 1984 2766 tamen
2009 2754 2018 2770 ‚
2047 2737 2109 2762 cur
2141 2722 2284 2768 vulgata
2314 2720 2399 2758 scri-

408 2797 478 2808 —-
506 2800 575 2810 —
601 2798 655 2808 —-
683 2789 763 2816 tuus
791 2779 903 2816 incola
926 2778 1057 2827 [anelis
1380 2789 1481 2826 ptura
1510 2783 1624 2829 magis
1650 2782 1803 2830 placeat.
1832 2780 1928 2816 Infra
1963 2772 2159 2812 Helmstad.
2189 2784 2257 2808 non
2277 2771 2397 2821 adpo-

360 2832 403 2862 Ut
431 2839 572 2866 merear
598 2829 764 2867 habitare
792 2831 881 2868 locis.
1377 2831 1510 2878 pulum.
2168 2874 2175 2880 ·
2204 2875 2209 2880 ι
2244 2873 2262 2879 ..
2361 2873 2367 2879 ι

1430 2883 1452 2918 6
1483 2880 1727 2928 ῡεεμγὶοηις.]
1777 2881 1967 2917 Senatores
1998 2877 2032 2912 in
2073 2885 2310 2922 municipiis.
2357 2885 2396 2911 m

312 2926 397 2968 Lib.
417 2929 468 2966 V.
486 2939 535 2965 vs.
557 2931 640 2978 318.
663 2930 709 2966 de
729 2930 788 2967 die
810 2931 1028 2970 dominico:
1377 2933 1504 2980 quibus
1534 2933 1630 2967 idem
1666 2939 1740 2967 erat
1768 2927 1918 2965 decurio
1940 2953 1950 2968 ,
1977 2928 2038 2974 qui
2063 2927 2206 2962 R·=m.ie
2229 2925 2397 2968 senator,

1377 2981 1477 3028 quod
1503 2982 1538 3016 in
1561 2981 1683 3016 senatu
1705 2981 1739 3015 δι
1764 2978 1925 3015 conciliis
1941 2972 2395 3019 municipalibusinterelse

415 3049 477 3060 --
503 3050 565 3058 —
591 3048 642 3055 —
669 3031 866 3078 primusque
892 3031 1008 3068 videre
1376 3038 1539 3075 poterat,
1569 3029 1590 3065 fi
1604 3027 1934 3066 habuilletcensum
1947 3037 2096 3065 centum
2112 3027 2261 3064 millium
2279 3037 2398 3063 num·
2425 3030 2427 3032 ’

359 3079 571 3120 Pmmeruit
599 3081 691 3129 nasei
719 3080 905 3118 mundum.
1378 3091 1493 3118 mum.
1514 3081 1551 3118 ὅ(
1573 3079 1791 3119 decuriones
1809 3079 1957 3131 quidam
1976 3078 2093 3118 enetos
2124 3078 2225 3129 ajunt
2251 3088 2297 3114 ex
2325 3087 2390 3121 eo,

2289 3126 2391 3177 quod
