2616 3686
391 160 1574 242 'L1·BER'''V1.EPISTOLA
1640 179 1874 233 XXJL·
2136 196 2235 244 449

102 275 282 331 versus
321 270 550 340 amicum
591 271 604 292 ¹
643 262 870 317 crimine
909 260 1019 314 su0.
1071 256 1223 313 Fecit
1262 256 1624 328 pulcherrime
1664 255 1873 308 Caesar.
1920 254 2045 309 Non
2083 261 2223 310 enim
2271 276 2300 323 ς·

103 347 174 402 de
224 344 506 402 Bruttiano
532 378 547 404 ,
605 334 696 393 sed
746 333 916 389 statim
956 331 1026 386 de
1067 329 1313 386 Atticino
1352 329 1368 348 ²
1404 327 1728 398 perrogavit.
1765 324 2043 381 damnatus
2083 326 2136 378 &
2177 331 2231 381 in

102 418 320 475 insulam
371 415 676 487 relegatus}
731 406 1016 487 Bruttiano
1060 403 1075 429 ³
1126 401 1462 473 justissimum
1512 399 1830 470 integritatis
1871 396 2230 452 testimonium

102 490 380 546 redditum
406 526 422 551 ,
481 501 641 557 quem
681 479 904 554 quidem
938 477 1098 550 etia-m
1139 473 1464 530 constantiae
1503 473 1672 545 gloria
1711 468 1888 525 secuta
1927 468 2015 522 est.
2090 471 2227 524 Nam
2273 479 2303 517 6

102 562 352 618 defensus
389 553 812 631 expeditiffime‚
849 551 1113 606 accusavit
1154 546 1535 609 vehementer,
1577 563 1678 600 nec
1719 543 1892 597 minus
1917 558 2038 596 acer
2069 559 2227 612 quam

104 636 277 691 bonus
316 631 370 687 &
411 633 638 688 sincerus
678 625 935 697 apparuit.
977 621 1145 695 Qiod
1183 621 1278 675 tibi
1318 619 1495 690 scripsi
1521 658 1536 682 ,
1577 630 1634 672 ut
1675 631 1727 672 te
1767 614 2014 669 sortitum
2051 610 2068 634 ⁴
2105 630 2229 683 pro·
2271 643 2303 690 7

107 708 333 763 vinciam
384 715 782 775 praemonerent
816 738 831 762 ‚
881 698 1171 768 plurimum
1214 693 1310 748 tibi
1349 691 1535 747 credas
1560 730 1575 754 ‚
1630 707 1730 745 nec
1772 688 2022 757 cuiquam
2062 698 2073 724 ⁵
2112 687 2230 751 satis

105 781 272 837 fidas:
311 775 506 832 deinde
542 773 670 828 scias
695 811 710 836 ‚
750 770 784 825 si
823 771 942 842 quis
980 768 1125 824 forte
1165 781 1263 830 te,
1302 764 1453 836 quod
1491 763 1775 819 abominor
1802 799 1815 822 ,
1855 760 1995 814 fallat
2024 797 2039 825 ‚
2078 776 2228 830 para-

110 865 212 907 tam
251 850 538 911 ultionem,
574 841 592 866 ⁶
628 862 731 918 qua
773 856 953 898 tamen
989 859 1053 896 ne
1094 843 1152 894 iit
1194 854 1357 910 opuS,
1398 837 1561 892 etiam
1602 850 1762 908 atque
1805 833 1964 886 etiam
1991 831 2228 887 attende.

102 924 291 993 Neque
339 921 483 976 enim
534 932 642 974 tam
688 915 994 990 jucundum
1046 914 1122 972 est
1171 910 1478 974 vindicari,
1523 926 1685 981 quarn
1737 905 1916 977 decipi
1955 906 2226 962 miserum.
2271 913 2301 962 8

101 994 246 1052 Vale.

2009 1050 2228 1107 XXIII.

101 1205 216 1258 posset
238 1214 383 1253 contra,
411 1208 535 1258 inique
557 1209 595 1247 ὃς
618 1205 704 1246 falso
719 1203 880 1245 detulisse
895 1202 1124 1246 Atticinum
1200 1198 1303 1250 perbi
1327 1199 1365 1237 &
1385 1203 1593 1246 arrogantes
1615 1194 1745 1232 auditis
1769 1193 1890 1242 paucis
1905 1190 2108 1240 ‚pleriSque
2126 1201 2230 1240 prae-

104 1270 180 1308 quo
213 1260 366 1297 nomine
400 1260 668 1298 accusationem
692 1259 768 1307 ejus
796 1258 867 1295 alio
891 1255 1020 1293 scelere
1043 1267 1128 1293 mo-
1197 1251 1334 1303 teritiS,
1358 1250 1575 1288 sententiam
1600 1247 1733 1285 ferunt.
1763 1243 2041 1290 NosterPaneg.
2054 1253 2132 1291 cap.
2147 1242 2232 1279 LX.

103 1308 261 1348 liebatur.
312 1310 404 1348 Ideo
439 1312 540 1348 enim
576 1310 690 1349 scribit
719 1309 879 1351 Plinius,
907 1306 1048 1344 crimine
1063 1307 1127 1355 suo
1201 1309 1336 1340 Parum
1372 1298 1417 1347 est
1450 1311 1491 1337 ut
1522 1300 1559 1338 in
1593 1297 1727 1336 curiam
1758 1297 1884 1334 venias
1911 1324 1920 1340 ‚
1968 1292 2034 1342 nist
2067 1304 2112 1332 v·
2151 1306 2228 1331 con-

100 1361 271 1408 adversus
305 1362 460 1398 amicum
492 1363 592 1410 usum
618 1359 733 1408 fuisse.
787 1359 934 1395 Crimen
967 1357 1127 1394 Atticini
1161 1327 1167 1385 l
1200 1366 1330 1396 voca53
1360 1362 1400 1389 ut
1448 1349 1584 1400 interfit
1627 1348 1805 1398 senatui,
1835 1344 1902 1395 m'fi
1942 1343 2145 1393 praeficiam
2185 1356 2228 1382 ut

42 1431 50 1437 ·
100 1420 242 1456 vocat,
274 1412 377 1461 quod
411 1420 620 1460 corrupzrat
651 1411 759 1449 amici
797 1410 944 1447 scribam
971 1437 981 1453 ,
1026 1408 1128 1457 quod
1166 1404 1365 1453 ¹'censentes
1395 1402 1524 1439 audias
1547 1430 1558 1446 ‚
1605 1399 1671 1449 nist
1700 1400 1879 1448 perrogas.
1933 1395 2039 1433 Idem
2072 1395 2229 1433 verbum

100 1461 340 1511 interceperat
375 1461 676 1499 Commentarios
706 1472 748 1497 ac
771 1459 1021 1498 interciderat:
1052 1471 1128 1507 quo
1168 1461 1170 1501 ξ
1197 1463 1377 1504 perrogare
1397 1455 1435 1491 ὃς
1455 1453 1551 1500 apud
1573 1451 1793 1490 Suetonium
1818 1445 1988 1494 Augusto
2011 1445 2054 1482 C.
2069 1445 2229 1484 XXXV.

100 1512 182 1550 usus
203 1512 372 1550 adversus
395 1512 557 1548 amicum
583 1511 631 1549 est
646 1539 656 1555 ,
685 1522 770 1547 cum
787 1509 897 1546 fretus
911 1510 985 1545 hoc
999 1510 1128 1547 scelere
1169 1519 1171 1533 ¹
1205 1507 1243 1543 δε
1265 1503 1363 1554 apud
1385 1503 1642 1552 Lampridium
1662 1503 1699 1539 in
1715 1496 2083 1544 Commodolegitur.
2097 1496 2231 1533 Bucu-

102 1563 280 1601 accusavit
298 1563 481 1604 amicum;
511 1561 692 1609 persuasus
715 1588 725 1604 ,
763 1560 938 1608 quoniam
964 1571 1009 1596 ex
1026 1570 1130 1596 com-
1168 1552 1172 1602 ’1
1208 1568 1300 1593 nen.
1330 1559 1535 1602 Perrogavt‘t
1553 1549 1877 1599 ‚i.pronunciavit.
1904 1545 2108 1585 Videinfra
2121 1547 2232 1596 Epist.

103 1615 287 1651 ment-ariis
322 1613 381 1651 seu
419 1612 521 1648 Actis
559 1611 725 1659 redargui
767 1610 864 1647 haud
908 1608 1059 1657 posset,
1097 1609 1130 1648 se
1169 1608 1172 1657 ζ
1206 1605 1346 1642 XXXI.
1366 1607 1404 1644 ὃς
1437 1605 1516 1642 Lib.
1542 1603 1664 1640 CLV.
1691 1600 1844 1639 Advers.
1875 1610 1951 1646 cap.
1985 1597 2054 1634 IV.
2082 1597 2236 1637 Bima.

101 1664 304 1702 absolutum
329 1691 338 1707 ,
379 1666 416 1702 ἃ
440 1671 566 1699 contra
590 1662 763 1700 invidiam
788 1660 975 1697 Bruttiano
996 1660 1132 1697 confla-
1169 1663 1172 1701 ἶ
1204 1656 1353 1694 Rectius
1376 1657 1552 1692 Gruterus
1576 1656 1613 1691 &
1641 1653 1853 1690 Buchnerus
1875 1679 1885 1695 ,
1915 1658 1957 1686 ut
1979 1650 2053 1685 iam
2077 1647 2238 1699 yidimus

100 1720 182 1752 tum
208 1717 247 1753 iri
268 1714 365 1751 haud
388 1725 550 1762 parvam.
578 1712 782 1750 Euenum.
822 1711 951 1748 Oxon.
974 1710 1132 1748 Helmst.
1169 1704 1173 1749 ἶ
1204 1706 1249 1744 ad
1286 1708 1367 1745 Lib.
1400 1705 1468 1742 IV.
1497 1703 1608 1752 Epist.
1638 1702 1759 1739 XXII.
1783 1712 1819 1737 n.
1839 1712 1874 1749 3.
1927 1704 2020 1736 Cum
2038 1698 2237 1746 sententiae

106 1766 144 1802 ὃ(
168 1765 235 1803 Ed.
257 1766 344 1803 Vet.
367 1765 621 1812 incideratque.
1168 1752 1172 1778 ¹
1203 1764 1506 1806 perrogarentut,
1535 1751 1734 1804 quomodo
1758 1764 1803 1790 ex
1824 1750 1932 1789 MSS.
1946 1749 2239 1791 emendavimus.

156 1826 171 1852 x
202 1816 361 1854 Crimine
384 1815 459 1865 suo.
484 1813 499 1863 ]
539 1812 659 1862 Quod
691 1810 928 1851 defraudaffet
967 1813 1129 1850 amicum
1206 1807 1322 1846 Arnz.
1339 1805 1555 1858 prorogavit.

104 1866 356 1904 intercidendo
402 1865 693 1903 commentarios
735 1864 812 1912 ejus
851 1873 915 1912 per
949 1862 1138 1902 fraudem..
1169 1869 1174 1902 1
1248 1870 1267 1909 3
1298 1852 2235 1907 Iustiffimumintegritatistestimoniumredditum.]

106 1915 261 1952 Canu.
301 1917 439 1954 Clarius
463 1928 471 1952 ι
503 1915 705 1964 Corruptos
726 1915 1038 1959 commentarios,
1066 1916 1128 1964 qui
1170 1913 1173 1944 ἔ
1200 1910 1378 1959 Optimus
1403 1923 1410 1946 :
1451 1909 1644 1946 Bruttiano
1677 1906 1882 1955 praemium
1919 1903 2134 1950 integritatis
2155 1906 2237 1942 resl-

105 1972 231 2002 tamen
257 1967 406 2003 crimine
427 1966 489 2003 suo
513 1967 670 2015 corrupti
692 1973 792 2003 etant
812 1993 823 2010 ,
851 1964 1017 2003 adversus
1039 1967 1130 2004 ami-
1169 1952 1174 2000 i
1199 1961 1317 1999 ditum
1342 1990 1352 2006 ‚
1390 1957 1518 2009 insigni
1556 1960 1741 1997 varietate.
1783 1956 1864 1993 Lib.
1889 1954 1958 1991 III.
1981 1953 2085 2001 Epist.
2109 1954 2174 1991 IX.
2198 1968 2234 1993 n.

107 2025 192 2070 chum
227 2027 292 2064 pro
324 2015 553 2054 documentis
585 2017 623 2054 ὃ(
654 2015 798 2054 testibus
831 2016 1002 2053 adhibuit.
1057 2018 1131 2054 Ra·
1170 2002 1175 2072 l
1202 2024 1260 2062 23·
1290 2013 1420 2050 Eodem
1445 2016 1509 2049 SC·
1527 2010 1618 2059 fides
1640 2038 1650 2053 ⁵
1688 2007 1885 2055 ‘Onstantia
1909 2003 2025 2051 nostra
2046 2004 2233 2052 pleniffimo

106 2072 249 2102 tionem
283 2066 455 2117 loquendi
489 2065 739 2105 illustravimus
760 2066 804 2104 ad
827 2066 1024 2104 Lucanum
1049 2068 1130 2106 Lib.
1172 2079 1175 2086 ·
1201 2063 1414 2102 testimonio
1439 2062 1681 2111 comprobata
1703 2058 1774 2106 est.-
1804 2058 1950 2106 dignum
1967 2054 2149 2105 solumque
2169 2067 2236 2106 par

110 2113 158 2170 II.⁴
178 2127 227 2153 vs.
255 2117 332 2154 162.
358 2117 415 2156 ubi
429 2117 558 2167 scelera
580 2117 713 2156 eodem
737 2117 852 2157 modo
876 2118 1043 2157 dicuntur
1059 2119 1129 2157 ho·
1194 2115 1350 2167 pretium
1363 2114 1612 2152 tantilaboris.
1641 2111 1676 2148 A
1690 2110 1834 2158 vulgata
1849 2118 1920 2156 ego
1933 2118 2009 2144 non
2023 2107 2237 2146 receflerim.

109 2176 226 2204 mines
250 2179 313 2216 per
328 2169 434 2207 scelus
455 2168 646 2207 interfecti.
910 2183 917 2188 ·
1064 2210 1067 2211 ⁷
1252 2179 1274 2213 4
1303 2166 1545 2204 Provinciam.
1571 2163 1588 2214 ]
1617 2162 1802 2201 Baeticam
1827 2159 1868 2198 sc.
1907 2158 1995 2196 Hoc
2022 2158 2132 2196 habes
2156 2160 2237 2197 Lib.

160 2229 180 2253 2.
197 2220 430 2273 *Perrogavia
453 2218 469 2269 ]
511 2219 553 2257 Id
584 2219 635 2256 est
665 2219 807 2264 statuit,
833 2231 1043 2270 quanquam
1070 2221 1126 2258 A-
1203 2217 1311 2255 VIII.
1343 2218 1450 2255 Cat-r
1467 2229 1539 2254 AN.

106 2267 246 2325 pulejus
270 2271 306 2306 in
326 2268 475 2308 Floridis
490 2279 669 2318 perrogare
687 2272 768 2309 usus
789 2271 830 2308 sit
852 2283 919 2319 pro
938 2271 1127 2320 diligenter
1250 2282 1268 2317 ς
1301 2269 1390 2307 Satis
1413 2267 1520 2315 fidas.
1545 2266 1562 2309 “t
1601 2267 1622 2304 i.
1655 2264 1762 2302 valde
1787 2291 1797 2307 ,
1833 2261 1892 2300 vel
1919 2260 2026 2297 nimis
2051 2286 2061 2302 ,
2097 2266 2138 2296 ut
2159 2260 2234 2297 iam

105 2327 340 2375 interrogare.
378 2320 542 2359 Valerius
569 2328 694 2358 tamen
717 2322 904 2360 Maximus
926 2333 1002 2359 non
1014 2333 1129 2370 perro-
1200 2319 1366 2368 exposuit
1401 2312 1614 2356 Savaro‘ad
1649 2314 1774 2352 Sidon.
1795 2313 1875 2349 Lib.
1900 2311 1964 2347 lx.
1993 2307 2102 2356 Epist.
2126 2309 2235 2347 XIII.

105 2382 189 2418 gare
204 2397 213 2413 ‚
242 2370 298 2406 1ed
317 2381 522 2421 praerogare
546 2399 556 2415 ‚
583 2369 648 2408 nisi
667 2372 801 2409 menda
823 2371 873 2410 est
894 2372 951 2409 lib.
985 2373 1022 2411 id
1055 2374 1128 2420 est,
1199 2381 1280 2420 pag.
1314 2382 1395 2418 575.
1434 2368 1539 2405 Plura
1563 2365 1608 2403 de
1631 2365 1697 2402 hac
1720 2362 1982 2411 significatione
2005 2359 2234 2400 Munclterus

109 2419 185 2476 fere
232 2419 276 2457 ad
322 2422 418 2459 idean
464 2422 566 2471 quod
604 2421 654 2459 est
691 2422 931 2470 pronunciare
969 2426 1129 2471 protulit,
1202 2421 1246 2457 ad
1267 2419 1431 2467 Fulgent.
1452 2417 1665 2464 Mytholog.
1689 2410 2058 2461 Lib.I.cap.XXVI.
2088 2410 2233 2450 Salmas.

109 2476 227 2509 Minos
253 2499 264 2514 ,
301 2473 418 2521 inquit
441 2501 450 2517 ‚
486 2474 671 2510 tradufftas
698 2472 764 2521 fibi
788 2473 871 2521 leges
889 2474 1131 2523 praerogabat,
1203 2471 1247 2509 ad
1272 2470 1430 2518 Capitol.
1452 2468 1568 2504 Marc.
1591 2477 1668 2515 cap.
1690 2464 1835 2501 XXIV.
1859 2465 1897 2501 ὃς
1918 2461 2234 2511 Spa1·tian.Sever.

110 2521 265 2568 Camil.
295 2522 552 2573 Pcrrogavit.]
585 2523 640 2561 Sic
665 2523 760 2561 recte
782 2523 905 2561 Par&
923 2524 1131 2564 Vett.Edd.
1204 2533 1281 2570 cap.
1305 2519 1451 2557 XVIII.
1490 2517 1666 2566 Apuleius
1690 2515 1770 2558 Lib.
1793 2514 1842 2552 ΙΙ.
1868 2513 2024 2552 Metam.
2049 2522 2129 2560 pag.
2157 2524 2237 2557 124.

111 2573 207 2619 male
239 2576 458 2612 recentiores
481 2603 491 2618 ,
527 2573 793 2618 pronunciavit.
848 2573 1011 2611 Consulit
1035 2577 1133 2613 enim
1209 2579 1306 2609 Nam
1330 2572 1444 2620 oppido
1463 2578 1570 2618 puer,
1597 2578 1641 2606 <5¹
1661 2567 1737 2605 satis
1757 2565 1955 2615 peregrinus
1977 2577 2020 2600 es.
2045 2562 2239 2611 Hierony-

113 2623 240 2662 Caesar
265 2623 455 2662 Senatores
480 2624 572 2672 ipsos
597 2653 607 2668 ,
640 2624 831 2671 voluitque
853 2626 1136 2671 pronunciarent
1208 2635 1289 2661 mus
1301 2621 1346 2659 ad
1361 2620 1533 2658 Eustocli.
1548 2619 1592 2657 de
1607 2618 1776 2666 Virginit.
1806 2621 1921 2660 Cave,
1934 2628 1974 2651 ne
1987 2614 2062 2652 satis
2075 2613 2236 2661 religiosa

113 2673 153 2712 in
178 2674 406 2713 Bruttianum
430 2688 438 2711 :
493 2676 548 2712 Sic
580 2675 625 2712 de
648 2675 817 2722 Augusto
842 2676 1036 2712 Suetonius
1059 2687 1135 2724 cap.
1211 2672 1297 2711 velis
1327 2672 1440 2709 videri
1465 2701 1474 2714 ‚
1503 2682 1562 2706 ⁷²0⁶
1589 2668 1666 2717 le
1687 2667 1829 2704 humilis
1858 2696 1868 2712 2
1896 2678 2004 2716 quam
2029 2665 2146 2712 nmffe
2166 2663 2239 2711 ‘st’

112 2733 175 2774 35.
198 2726 389 2764 sententias
407 2727 449 2763 de
470 2726 602 2773 majore
616 2727 746 2773 negotio
762 2755 771 2770 ‚
800 2738 868 2762 non
881 2737 996 2770 more,
1026 2738 1132 2775 neque
1213 2737 1252 2761 ne
1271 2723 1423 2771 gloriam
1440 2720 1607 2769 fugiendo
1631 2731 1792 2769 quaeras.

116 2776 252 2821 ordine,
271 2777 334 2824 fied
351 2786 455 2825 prout
470 2775 613 2823 libuisset
626 2777 849 2825 perrogibat.
878 2776 983 2813 Haec
995 2775 1134 2822 scribo,
1262 2776 1284 2809 ό
1313 2775 1396 2821 Qua
1432 2782 1553 2809 tamen
1584 2783 1623 2807 ne
1649 2769 1697 2819 fit
1730 2767 1849 2819 opatu]
1881 2767 2006 2806 Sensus
2028 2765 2100 2804 est:
2125 2778 2241 2816 quan-

117 2828 201 2878 quia
231 2829 349 2865 minus
383 2827 560 2866 intellexit
591 2827 626 2865 id
660 2827 759 2864 verbi
783 2828 996 2865 Cat-inacus,
1026 2827 1135 2864 Gau·
1213 2835 1326 2872 quain
1353 2822 1377 2859 si
1403 2822 1473 2861 falli
1496 2822 1704 2868 contingat,
1730 2821 1803 2857 hoc
1825 2818 1913 2857 adsit
1942 2817 2110 2855 solatiiex
2125 2818 2242 2857 Attici

119 2887 211 2914 TER.
247 2879 464 2927 Perrogavit.
492 2877 508 2928 ]
559 2877 611 2916 Ita
643 2879 801 2915 omnino
831 2877 1027 2926 legendum
1062 2879 1137 2921 est,
1179 2854 1182 2897 l
1215 2874 1389 2922 exemplo
1412 2904 1421 2919 ,
1462 2881 1622 2922 paratam
1645 2871 1858 2920 deceptores
1880 2879 2029 2906 manere
2053 2879 2240 2916 poenam:

122 2926 223 2982 quod
243 2929 281 2967 δε
300 2928 474 2967 Gruterus
496 2930 652 2968 monuit.
682 2934 869 2977 Perrogare
894 2926 944 2965 est
965 2929 1136 2966 omnium
1215 2927 1334 2973 potius
1367 2933 1493 2962 tamen
1524 2923 1573 2962 est
1607 2933 1736 2960 cavere
1766 2932 1922 2959 omnem
1958 2918 2243 2967 deceptionem,

126 2974 251 3031 Oidme
272 3005 283 3021 2
316 2981 377 3025 qui
405 2979 450 3018 ad
477 2980 697 3019 censendum
736 2982 855 3016 vocati
872 3007 881 3023 ,
910 2988 1037 3025 rogare
1061 2978 1139 3016 sen·
1214 2986 1252 3013 ut
1287 2978 1335 3013 ita
1367 2987 1435 3013 nec
1467 2975 1606 3013 ultione
1640 2984 1732 3022 opus
1754 2973 1791 3010 in
1811 2972 1889 3010 illos
1910 2970 1975 3016 fit,
2004 2972 2064 3019 qui
2089 2969 2246 3019 decepe-

119 3032 285 3064 tentiam.
334 3030 423 3074 Quo
454 3042 587 3080 genere
619 3029 796 3068 civilitatis
818 3031 870 3068 uti
891 3029 1024 3068 solebat
1048 3029 1143 3066 Tra·
1218 3035 1311 3064 runt.
1345 3025 1555 3065 Boenasa.
1607 3023 1674 3060 Ed.
1708 3024 1796 3060 Vct.
1828 3036 1916 3073 quae
1948 3033 2069 3060 tamen
2101 3034 2170 3058 non
2200 3021 2245 3067 fit

122 3075 251 3124 janus,
276 3077 476 3120 nobilitatus
497 3094 540 3121 ea
559 3082 904 3140 virtute'Princeps.
959 3080 1059 3119 Nam
1091 3081 1145 3119 su·
1220 3078 1437 3118 huiusmovi
1467 3074 1753 3166 etiamLatltelnde
1777 3102 1788 3121 ,
1836 3072 2050 3113 monstrose.
2091 3070 2246 3157 Helnigc.
