2616 3686
273 208 378 274 656-
519 206 578 256 C.
642 199 1034 254 PL1N11
1104 194 1609 251 CAECILII
1675 197 2191 252 SECUNDI

277 284 636 360 intqm'fflmum
661 283 778 358 effe,
821 282 1047 358 querelas
1071 281 1343 337 dolentium
1382 285 1397 311 ¹
1429 279 1660 336 excludi.-
1700 279 1900 354 ideoque
1922 283 2147 348 Arriae,
2194 281 2259 344 όν
2279 281 2414 340 Fan-3

216 380 225 419 ζ
281 364 491 437 niaejus
523 360 759 436 querendt
784 379 877 412 non
905 357 1239 433 auferendum
1266 381 1283 413 .·
1326 373 1410 409 nec
1434 354 1658 427 intereffe
1683 356 1827 428 cujus
1849 358 2040 410 ordinis
2061 376 2173 431 qms
2194 360 2253 425 fft
2281 403 2295 421 ‚
2320 359 2416 432 sed

209 431 270 475 1⁶
286 455 439 512 quam
463 438 660 510 causam
686 435 885 490 habeat.
928 436 1239 498 Cornutum
1279 433 1459 487 datum
1468 430 1528 504 se
1549 450 1579 485 a
1612 428 1908 500 Consulibus
1934 436 1952 462 ²
1972 443 2188 487 tutorem
2225 436 2421 492 Helvi-.

255 510 515 581 ·diifile'ae
537 555 557 577 ,
592 509 870 585 petentibus
895 517 911 546 ³
944 522 1107 563 matre
1134 509 1241 581 ejus
1266 547 1282 572 ‚
1327 507 1391 568 ἔγ
1420 510 1612 561 υττνίεο
1637 530 1653 561 .·
1705 522 1838 558 nunc
1859 522 2049 579 quoque
2067 526 2161 561 non
2175 508 2419 580 sustinere

281 589 502 654 defhrere
521 586 765 658 officiisuz'
783 597 952 659 partes
972 604 994 644 ;
1034 587 1088 637 in
1115 600 1210 655 quo
1233 595 1400 636 tamen
1425 620 1441 647 ‚
1490 586 1516 618 ⁴
1541 580 1712 654 &suo
1735 579 1894 634 dolori
1917 580 2118 636 modum
2138 586 2416 656 imponere,

284 663 340 720 ὅ
365 666 669 736 optimarum
682 659 1030 733 foeminarum
1051 655 1281 731 perferre
1309 656 1702 728 modestgffimum
1729 654 2002 726 affefz‘um:
2019 673 2147 730 quas
2167 661 2421 713 contentas

286 737 402 808 effe,
443 737 714 790 admonere
738 736 981 790 Senatum
1008 732 1227 787 Publicii
1253 734 1397 785 Certi
1423 738 1437 767 ⁵
1472 744 1705 787 cruentae
1737 730 2047 785 adulatioms
2072 770 2088 793 ,
2139 733 2207 793 &⁵
2225 745 2420 804 petere,

285 811 360 883 ‘st
379 826 530 885 poena
542 811 744 885 flagitii
763 807 1140 880 manifestzffimz'
1161 812 1490 870 remittatur,
1530 814 1549 844 ⁷
1569 818 1687 860 nota
1713 807 1862 860 Certo
1888 805 2034 879 quast
2050 806 2281 879 Censorza
2308 811 2423 861 inn-

213 898 456 948 .17ratur.
498 887 650 941 Tum
675 884 875 939 Satrius
899 883 1077 939 Rufus
1104 882 1288 937 medio
1317 881 1685 955 ambiguoque
1710 881 1986 944 sermone,
2027 882 2194 946 Puto,
2217 885 2420 954 inquit,

285 965 533 1034 injuriam
546 962 753 1035 fastam
779 958 1006 1014 Publicio
1029 961 1179 1011 Certo
1204 995 1217 1021 ‚
1242 957 1300 1029 st
1321 974 1415 1010 non
1442 955 1738 1028 absolvitur.
1760 966 2045 1009 nomznatus
2071 957 2135 1030 est
2159 956 2221 1009 ab
2249 961 2423 1012 amicis

285 1032 513 1103 Arriae,
557 1037 621 1098 ἀι
647 1035 895 1098 Fanniae,
936 1037 1223 1088 nominatas
1247 1032 1308 1086 ab
1332 1031 1644 1103 amz'cz‘ssuis.
1680 1032 1697 1090 ⁸,
1724 1028 1836 1085 Nec
1855 1029 2082 1085 debemus
2087 1030 2296 1102 solliciti
2318 1033 2424 1104 effe.

2287 1106 2428 1162 Idem

333 1220 369 1246 «ι.
397 1208 588 1256 Excludi.]
615 1206 780 1255 Repelli,
807 1216 885 1243 non
901 1203 1025 1244 audiri.
1052 1204 1165 1255 Cujus
1186 1202 1319 1241 ordinis
1350 1205 1359 1258 1
1395 1201 1610 1241 adulationis
1629 1228 1640 1246 ,
1665 1212 1730 1252 per
1752 1199 1970 1251 praecedens
1987 1201 2205 1241 vocabulum
2228 1203 2326 1242 Certi
2345 1216 2426 1244 cor-

279 1261 364 1309 quis
383 1258 423 1296 sit
441 1260 496 1297 ille
518 1260 582 1308 qui
599 1258 804 1301 accusetur,
831 1269 878 1295 an
901 1257 1053 1294 Senator
1074 1284 1085 1301 ‚
1110 1267 1157 1293 an
1179 1255 1318 1292 alterius
1395 1261 1528 1302 ruptus.
1557 1254 1722 1302 Intelligit
1742 1254 1842 1293 Certi
1862 1255 2110 1294 adulationem
2134 1252 2231 1303 apud
2243 1253 2427 1296 Domitia-

284 1310 504 1348 conditionis
527 1338 539 1354 ,
574 1308 635 1347 sed
662 1309 829 1346 omnibus
846 1319 963 1357 aeque
978 1308 1036 1357 jus
1056 1305 1319 1356 praestandum.

283 1361 481 1399 Caram

339 1423 375 1448 2.
402 1410 599 1461 Tutorem]
629 1412 752 1448 Tutela
774 1408 973 1448 secundum
999 1407 1164 1445 Servium
1189 1435 1199 1450 ‚
1227 1405 1318 1443 tese-

284 1469 392 1499 -rente
414 1462 525 1498 Paulo
547 1489 558 1504 ‚
595 1462 644 1499 est
665 1463 719 1497 vis
743 1488 753 1505 ‚
790 1472 830 1496 ac
845 1459 988 1509 potestas
1015 1460 1052 1495 in
1085 1459 1189 1507 capite
1215 1456 1320 1494 libero

286 1513 469 1563 constituta
509 1512 558 1548 ad
594 1513 762 1549 tuendum
792 1523 868 1548 eum
893 1537 903 1554 ‚
939 1510 999 1560 qui
1013 1516 1148 1559 propter
1170 1518 1321 1545 aetatem

278 1564 389 1613 suam
402 1562 522 1612 sponte
536 1565 573 1611 se
593 1562 771 1608 defendere
790 1560 906 1610 nequit
929 1587 940 1604 ‚
960 1561 1040 1609 jure
1056 1560 1155 1597 civili
1170 1560 1259 1596 data
1281 1570 1322 1595 ac

284 1614 440 1664 permissa
460 1629 471 1650 .·
507 1623 632 1651 tutores
663 1619 787 1650 autern
805 1612 884 1650 sunt
904 1611 967 1660 qui
985 1622 1067 1648 eam
1089 1611 1166 1648 vim
1190 1620 1233 1646 ac
1255 1620 1322 1657 po-

287 1664 455 1702 testatem
488 1664 623 1701 habent
646 1691 657 1708 ,
689 1675 738 1700 ex
766 1674 837 1712 qua
867 1672 904 1699 re
928 1659 993 1710 ipfi
1013 1673 1152 1698 nomen
1172 1671 1323 1709 accepe-

290 1723 392 1754 runt:
415 1715 542 1762 itaque
563 1715 784 1763 appellantur
804 1723 931 1752 tutores
949 1739 960 1757 ‚
999 1711 1098 1761 quasi
1115 1712 1264 1749 tuitores
1282 1722 1324 1749 ac

288 1765 516 1804 defensores:
546 1764 634 1802 sicut
651 1764 785 1802 aeditui
807 1764 971 1801 dicuntur
985 1790 995 1806 ‚
1023 1764 1086 1812 qui
1099 1763 1205 1800 aedes
1215 1770 1322 1800 tuen—

283 1822 357 1858 tur.
413 1819 552 1852 Datum
573 1827 596 1851 a
619 1815 727 1865 cosp]
756 1813 926 1851 Claudius
944 1813 1148 1862 Tranquilli
1164 1812 1325 1851 testimo-

290 1868 357 1906 nio
380 1865 491 1904 sanxit
510 1873 613 1903 cextra
631 1865 798 1903 ordinem
827 1875 955 1902 tutores
980 1875 1000 1900 a
1022 1862 1122 1901 Coff.
1145 1863 1324 1901 darentur.

293 1919 334 1955 &
352 1917 584 1963 justinianus,
612 1923 653 1953 ut
674 1924 814 1954 veteres
834 1914 1101 1959 jurisconsultos
1120 1922 1323 1952 taceamus:

284 1967 324 2019 fi
339 1967 390 2005 cui
411 1994 421 2010 ,
447 1967 565 2016 inquit
590 1993 601 2009 ‚
635 1967 750 2004 nullus
777 1965 913 2003 omnino
939 1972 1037 2002 tutor
1057 1966 1162 2003 datas
1176 1967 1322 2012 fuerat,

291 2020 322 2058 ei
340 2018 496 2055 dabatur
516 2017 653 2067 quidem
674 2017 711 2054 in
734 2017 816 2054 urbe
850 2023 1008 2053 Romana
1037 2028 1058 2051 a
1087 2021 1247 2054 Praetore
1265 2030 1324 2053 ur-

293 2069 383 2106 bano
402 2080 446 2108 (9⁸
466 2069 709 2116 majoreparte
730 2068 961 2104 Tribunorum
983 2065 1082 2112 plebis
1101 2080 1142 2103 ex
1162 2068 1226 2115 lege
1239 2068 1325 2105 Ati-

292 2120 343 2156 lia
369 2135 378 2156 .-
416 2120 452 2156 in
472 2119 653 2158 provinciis
681 2132 761 2155 vero
779 2131 800 2153 a
818 2116 1024 2168 praefidibus
1042 2119 1300 2166 provinciarum
1315 2145 1326 2162 ,

296 2184 339 2208 ex
360 2170 426 2216 lege
447 2169 552 2214 Julia
570 2182 612 2208 cy
631 2169 748 2212 Titia,
777 2179 849 2207 <9⁸6-
874 2169 906 2205 C
921 2180 970 2204 Ατ
988 2180 1057 2205 ΑΝ.
1095 2173 1232 2205 Datum
1245 2168 1282 2216 je
1304 2182 1325 2204 a
1343 2198 1352 2205 ο

297 2220 504 2270 Consulibus
525 2248 534 2262 ,
562 2230 623 2258 &c
646 2219 662 2269 ]
701 2219 895 2256 Suetonius
914 2217 1067 2255 claudio
1089 2230 1165 2267 cap.
1188 2219 1328 2258 ΧΧΠΙ.

295 2272 426 2307 Sanxit
443 2281 483 2307 ut
498 2269 633 2319 pupillis
648 2280 750 2307 extra
761 2270 913 2306 ordinem
925 2279 1052 2306 tutores
1070 2280 1091 2306 a
1116 2269 1327 2307 Consulibus

298 2322 482 2359 darentur.
534 2319 631 2358 Vide
653 2321 701 2358 ibi
719 2320 975 2358 Torrentium.
1000 2319 1028 2357 Β
1040 2333 1062 2356 υ
1078 2331 1099 2356 c
1112 2332 1135 2357 u
1150 2333 1173 2357 u
1188 2333 1208 2357 ε
1221 2334 1259 2358 a.

353 2383 384 2421 3.
414 2376 535 2409 Matre
552 2373 622 2419 ejus
643 2382 686 2410 εν*
707 2371 866 2421 vitrico]
904 2370 1003 2407 Nam
1043 2370 1205 2409 Helvidii
1233 2382 1326 2408 uxor

301 2433 350 2460 eo
374 2431 522 2459 mortuo
540 2423 649 2460 alium
672 2422 842 2459 maritum
870 2421 992 2459 duxit:
1030 2421 1091 2458 llla
1111 2422 1216 2470 igitur
1242 2434 1326 2459 cum

300 2472 436 2510 marito
454 2484 558 2511 novo
580 2500 590 2516 ,
617 2473 680 2520 qui
700 2473 842 2510 vitricus
864 2480 938 2509 erat
958 2472 1097 2519 puellae
1119 2501 1128 2514 ‚
1156 2472 1329 2520 petiverat

299 2534 321 2560 a
345 2520 440 2560 Coff
463 2531 504 2560 ut
522 2525 706 2560 Cornutus
726 2524 757 2560 ei
778 2523 919 2561 daretur
939 2530 1048 2560 tutor.
1078 2523 1109 2559 C
1124 2537 1144 2560 A
1159 2536 1182 2560 τ
1198 2537 1218 2560 A
1233 2537 1268 2560 Ν.

353 2586 388 2619 4.
415 2573 462 2610 Et
476 2574 538 2622 suo
557 2574 663 2611 dolori
673 2575 813 2611 modum
824 2574 1023 2623 imponere]
1054 2573 1204 2611 Helmst.
1219 2577 1328 2613 Arnz.

299 2624 340 2662 &
371 2623 436 2661 Ed.
462 2624 551 2662 Vet.
581 2625 613 2662 ei
634 2625 697 2674 suo
718 2624 848 2666 dolori:
889 2621 992 2661 Voff.
1011 2635 1095 2661 cum
1126 2624 1182 2670 suo
1201 2625 1327 2662 dolori.

293 2674 427 2713 scilicet
448 2687 495 2712 ne
528 2674 676 2714 tibicine
699 2675 946 2713 destitueretur
969 2675 1119 2712 verbum
1143 2676 1331 2724 imponere,

295 2733 358 2762 aut
378 2727 530 2766 herlerre.
583 2726 658 2763 Cur
682 2737 757 2762 non
787 2726 885 2763 idem
906 2733 1088 2763 tentarunt
1108 2737 1216 2773 penes
1239 2726 1328 2764 Ver-

301 2776 388 2812 bum
411 2776 590 2822 sustinere?
618 2777 766 2814 Norunt
783 2775 894 2814 hodie
913 2788 1064 2820 omnes,
1092 2776 1127 2814 in
1152 2777 1330 2816 Oratione

297 2826 458 2874 Obliqua
473 2826 704 2865 Accusativos
717 2827 981 2865 Pronominum
997 2829 1206 2876 frequenter
1220 2829 1330 2866 omit-

296 2876 324 2911 ti
341 2904 350 2918 ,
376 2878 489 2923 qmlia
509 2885 677 2915 notamus
696 2877 740 2915 ad
762 2877 897 2916 Sallust.
916 2878 994 2915 Cat.
1007 2878 1230 2922 cauXXXI.
1243 2891 1277 2917 n.
1293 2889 1325 2924 7.

298 2923 392 2966 adde
420 2938 494 2973 cap.
521 2929 682 2966 XLVII.
707 2941 742 2966 n.
769 2941 799 2966 r.
835 2929 914 2976 Jug.
948 2941 1024 2978 cap.
1043 2929 1127 2968 XV.
1167 2941 1201 2967 n.
1228 2941 1257 2967 ῐ.
1287 2930 1324 2967 &

300 2974 438 3022 paffim.
466 2977 561 3014 Mox
581 2979 752 3023 Optimus
771 2981 808 3017 &
829 2979 953 3029 reliqui
973 2981 1085 3030 scripti
1102 2991 1231 3018 omnes
1248 2989 1324 3030 pcr-

294 3026 399 3081 ferre.
424 3025 538 3062 Aldus
561 3027 657 3065 dedit
678 3031 775 3069 ferre.

350 3087 386 3130 ς,
414 3073 595 3114 Cruentae
618 3078 864 3129 adulationis.]
904 3080 1122 3120 Mediceus:
1162 3091 1329 3121 certentae

1393 1314 1507 1350 num,
1533 1315 1604 1354 qua
1622 1304 1812 1343 Helvidius
1841 1307 1954 1355 periit.

1441 1356 1480 1393 6.
1515 1357 1550 1394 Si
1580 1364 1684 1404 poena
1721 1355 1840 1404 flagitii
1875 1354 2135 1404 manifestifflmi
2170 1355 2420 1410 amantum]

1393 1403 1738 1444 Praestantissimus:
1770 1406 1798 1454 [ι
1825 1414 1934 1455 poena
1966 1406 2067 1443 saetis
2098 1406 2354 1454 manifesttffimi
2373 1422 2426 1452 ree

1391 1456 1569 1494 mittatur.
1597 1456 1797 1503 Manifestos
1818 1458 2023 1500 criminum,
2050 1456 2242 1500 mendacii,
2275 1459 2426 1506 manife-⁴

1387 1506 1457 1553 stos
1479 1520 1593 1546 rerum
1612 1507 1812 1550 capitalium
1836 1535 1847 1552 ,
1886 1509 1924 1545 &
1948 1507 2068 1545 similia
2091 1507 2189 1544 reete
2210 1507 2304 1551 dici,
2343 1510 2424 1550 alibi

1393 1554 1690 1595 observavimus:
1733 1568 1845 1606 quare
1878 1559 1917 1595 &
1950 1557 2008 1595 hic
2032 1557 2100 1604 legi
2117 1564 2284 1604 poterat:
2312 1560 2423 1605 facilis

1393 1608 1652 1655 manifestiffi'mo
1671 1635 1683 1652 ,
1721 1615 1783 1645 aut
1797 1607 1926 1656 flagitii
1942 1607 2214 1654 manifestzffimo.
2247 1607 2356 1647 Forte
2377 1622 2425 1649 ex

1393 1659 1453 1696 tali
1471 1660 1637 1707 scriptur-a
1659 1658 1882 1703 varietaslilla
1904 1666 1981 1697 orta
1998 1658 2059 1697 est.

1444 1719 1477 1755 7.
1505 1716 1602 1747 Nota
1614 1715 1714 1747 Certo
1734 1708 1995 1760 quafiCensbria
2014 1708 2178 1748 inuratur
2197 1709 2213 1759 ]
2243 1710 2424 1750 Animad4

1391 1758 1510 1798 verfio
1530 1762 1719 1799 censorum
1750 1760 1893 1809 proprie
1920 1760 2102 1798 dicebatur
2129 1765 2226 1798 Nota
2247 1789 2258 1806 ,
2297 1762 2337 1799 ὃ(
2356 1763 2423 1812 ipsi

1394 1821 1523 1849 notare.
1551 1813 1717 1860 exempla
1753 1812 1861 1850 habes
1895 1811 1990 1861 apud
2017 1811 2233 1849 Suetonium
2267 1811 2422 1851 Claudio

1395 1873 1471 1910 cap.
1496 1863 1601 1900 XVI.
1630 1874 1706 1911 quo
1728 1861 1773 1900 de
1794 1861 1938 1901 censura
1954 1863 2031 1911 ejus
2054 1863 2204 1910 exponi-t
2226 1890 2236 1907 ,
2276 1864 2314 1900 δε
2337 1864 2422 1902 Gel-

1391 1913 1482 1950 lium
1515 1913 1670 1952 Lib.lV.
1697 1912 1867 1962 cap.XII.
1889 1914 1927 1951 &
1947 1913 2028 1951 XX.
2066 1912 2251 1951 Notabant
2281 1922 2419 1952 autem.

1396 1962 1574 2001 Censores
1598 1964 1628 2001 I.
1657 1969 1829 2002 Senatores
1849 1965 2057 2002 remotione
2071 1976 2091 2001 a
2113 1965 2228 2007 curia;
2255 1963 2421 2015 1115ᾳαί-

1397 2027 1448 2050 res
1464 2013 1699 2063 ademptione
1719 2016 1802 2065 equi
1821 2015 1970 2064 publici:
1999 2014 2065 2052 ΙΙΙ.
2083 2013 2229 2064 PiebeJos
2242 2043 2252 2058 ,
2264 2025 2347 2052 cum
2360 2022 2421 2054 aut
2459 2034 2465 2035 ff

1398 2073 1591 2103 moverent
1612 2066 1704 2104 tribu
1727 2093 1740 2110 ,
1775 2074 1837 2103 aut
1849 2066 1932 2115 jure
1954 2065 2104 2113 suffragii
2122 2066 2302 2113 privarent
2321 2093 2331 2108 ‚
2369 2074 2421 2104 at-

1398 2125 1472 2161 que
1491 2117 1643 2154 aerarios
1660 2117 1829 2154 facerent.

1401 2165 1607 2204 Ciceronis:
1635 2168 1722 2205 item
1746 2167 1949 2214 proMilon.
1975 2165 2194 2204 Catachrefis
2206 2175 2328 2205 autem
2346 2166 2414 2210 est,

1400 2227 1483 2253 cum
1506 2229 1624 2255 notam
1645 2218 1827 2268 censbriam
1846 2218 1940 2255 inuri
1959 2217 2160 2261 dicit,nihi]
2178 2218 2274 2255 enim
2287 2218 2415 2254 innota

1399 2267 1557 2306 censoria
1575 2270 1648 2317 igni
1675 2279 1715 2306 ac
1745 2269 1874 2306 ustioni
1894 2269 1965 2306 loci
1985 2276 2069 2306 erat:r
2123 2269 2283 2305 Locutus
2296 2275 2415 2304 tamen

1398 2319 1444 2355 ita
1470 2319 1520 2356 est
1543 2347 1553 2363 ‚
1580 2320 1663 2369 quia
1684 2319 1819 2368 vulgati
1839 2319 1995 2357 formula
2012 2330 2093 2356 nota
2114 2320 2207 2356 inuri
2222 2317 2415 2355 dicebatur:

1399 2368 1559 2417 respeetu
1582 2370 1626 2406 ad
1648 2370 1832 2408 servorum
1855 2378 1959 2408 notas
1979 2397 1990 2414 ,
2026 2382 2118 2416 quae
2140 2368 2307 2406 frontibus
2325 2366 2416 2413 ipso-

1399 2431 1479 2457 rum
1502 2421 1595 2459 inuri
1614 2421 1783 2459 solebant.
1831 2421 1888 2459 Ex
1910 2432 1986 2470 quo
2002 2420 2112 2459 iidem
2136 2416 2306 2468 Inscripti,
2324 2416 2413 2454 item

1400 2471 1593 2519 Stigmatia·
1611 2472 1798 2520 appellati:
1827 2474 1885 2510 vel
1904 2472 2047 2524 stigmose'
2066 2498 2077 2513 ‚
2102 2465 2413 2522 quemadmodum

1402 2522 1562 2570 Regulus
1581 2523 1784 2562 Arulenum
1801 2523 1988 2562 Rusticum
2013 2550 2023 2566 ‚
2061 2518 2242 2557 Vitelliam
2265 2526 2417 2553 wasme

1393 2573 1590 2622 stigmosum
1621 2573 1787 2617 dixerat,
1822 2581 1862 2617 ut
1894 2573 2027 2611 Noster
2055 2568 2177 2606 audior
2205 2566 2254 2603 est
2285 2566 2362 2602 Lib.
2390 2567 2417 2606 1,

1401 2624 1506 2670 Epist.
1529 2625 1575 2661 V.
1603 2623 1629 2661 Β
1644 2638 1668 2663 u
1682 2638 1737 2663 cu
1752 2636 1780 2662 N
1798 2637 1816 2662 ε
1831 2639 1866 2662 a.
1906 2623 1946 2660 In
1971 2619 2140 2659 Mediceo
2158 2615 2265 2653 exstat
2287 2629 2296 2658 3
2335 2628 2417 2653 nota

1399 2683 1495 2713 certe
1517 2676 1614 2725 quast
1650 2676 1794 2726 cenfhria
1824 2676 1995 2713 inuratur.
2030 2667 2129 2722 quod
2158 2667 2335 2722 Ε’Ῑξὲἓΰῦῒθῐ
2366 2667 2419 2705 di·

1403 2725 1500 2763 &um
1520 2726 1569 2763 est
1588 2754 1599 2769 ‚
1640 2728 1801 2764 maxime
1822 2753 1833 2769 ,
1872 2723 1896 2760 fi
1917 2723 2013 2766 supra
2035 2715 2286 2763 mamfeslqffimo
2310 2744 2318 2757 ν
2355 2726 2418 2756 aut

1400 2777 1577 2825 manifesto
1592 2777 1732 2824 legeris,
1772 2777 1820 2811 lta
1842 2784 1925 2810 certe
1945 2771 2008 2808 erit
2029 2767 2218 2804 minimum
2245 2795 2253 2809 ‚
2282 2767 2390 2805 stltim
2404 2796 2416 2811 ,

1395 2837 1439 2866 -ut
1447 2821 1541 2877 apud
1554 2828 1738 2875 Optimos.
1758 2823 1907 2862 Diuum
1919 2820 1961 2858 ad
1975 2817 2100 2857 Sallust
2111 2816 2180 2865 Jug
2197 2828 2271 2873 cap.
2283 2819 2316 2855 X
2329 2819 2421 2858 (XI.

1401 2890 1437 2915 n.
1461 2893 1494 2926 5.
1520 2878 1601 2915 Nec
1621 2876 1721 2914 aliter
1756 2873 1853 2921 (five
1873 2871 1949 2907 casu
1968 2896 1979 2912 2
2018 2867 2090 2904 five
2110 2880 2151 2904 CX
2178 2867 2340 2919 (ssime)
2370 2870 2422 2907 Εἱ-

1398 2930 1488 2966 tavit
1509 2928 1675 2976 Cujacius
1695 2953 1704 2969 ‚
1732 2923 1879 2961 Paratitl.
1898 2919 1940 2956 ad
1964 2937 2004 2957 τ.
2033 2918 2110 2956 Lib.
2131 2917 2311 2956 XLVEH.
2339 2920 2420 2958 Tit.

1401 2978 1541 3016 XXHI.
1568 2977 1625 3014 ubi
1644 2973 1819 3022 quaedam
1840 2972 1876 3008 in
1897 2981 1987 3007 rem.

1453 3029 1488 3066 8.
1515 3033 1586 3064 Nec
1607 3026 1780 3062 debemus
1790 3020 1929 3070 solliciti
1946 3020 2006 3068 esse
2028 3019 2043 3069 ]
2072 3021 2094 3058 i.
2122 3020 2203 3057 Nec
2219 3020 2338 3063 nos‚i
2370 3020 2423 3059 se·

1403 3086 1505 3117 natus
1528 3075 1725 3118 universus,
1759 3072 1930 3111 debemus
1950 3071 2081 3111 solliciti
2102 3069 2171 3110 effe
2194 3099 2204 3117 ,
2232 3083 2288 3160 nes
2303 3070 2396 3161 fprtg:
2411 3098 2423 3116 ,

2278 3134 2292 3160 1
2328 3133 2367 3162 ιο
2395 3133 2426 3166 ie

1880 2116 2056 2153 Asconius
2086 2115 2190 2152 Paed.
2204 2117 2241 2153 in
2265 2116 2421 2156 Divinat.
2490 2123 2493 2125 ’
