2616 3686
6 368 7 391 i

5 393 7 414 i

6 418 7 438 i

4 492 6 517 i

4 542 5 556 i

190 1397 253 1429 -tus
289 1391 363 1429 dux
390 1391 436 1429 ad
463 1382 711 1438 occupandas⁴
729 1388 815 1427 Padi
854 1390 944 1444 ripas
981 1387 1216 1438 praemiffus,

560 197 910 250 LIBER
978 179 1699 249 11.E1²'1sT0LA
1764 203 1884 252 vn.
2214 223 2305 273 ης

409 278 499 334 Eri
556 296 587 332 a
643 275 840 331 Senatu
901 278 916 297 ²
982 273 1249 329 Vestricio
1319 273 1616 345 Spurinnae
1662 311 1678 334 ,
1773 277 2024 346 Principe
2096 281 2309 337 auem-e

349 351 422 401 2³
457 350 792 418 triumphalis
818 347 979 402 statua
1006 346 1224 401 decreta
1249 343 1346 401 est:
1388 346 1596 398 nonita
1621 350 1719 398 ⁴ut
1771 348 1946 400 multis
1976 386 1991 410 ‚
2035 351 2128 419 qui
2176 367 2312 406 nun-

140 464 149 472 ι
199 443 360 500 quam
388 426 442 480 in
466 426 577 477 acie
603 423 911 481 steterunt>
928 435 1200 490 nunquam
1240 418 1403 472 eastra
1433 417 1684 471 viderunt
1710 456 1725 479 ,
1764 435 2038 487 nunquam
2073 420 2308 493 denique

200 501 216 529 ⁵
252 497 499 553 tubarum
539 497 765 556 sonum,
803 490 896 546 nisi
932 490 987 544 in
1026 491 1365 563 speeiacuIiS,
1404 489 1718 543 audierunt:
1761 507 1949 543 verum
1979 504 2038 543 ut
2078 493 2174 545 illis
2213 495 2308 564 qui

195 569 368 626 decus
394 568 529 623 istud
557 566 749 622 sudore
773 563 826 617 ἃ
861 563 1114 634 sanguine
1141 562 1158 586 ⁶
1197 563 1250 618 δε
1290 561 1438 617 saetis
1489 561 1917 632 assequebantur.
1993 562 2129 616 Nam
2175 564 2310 634 Spu-

203 645 357 697 rinna
384 641 399 668 ⁷
425 638 737 694 Bructerum
767 651 953 706 regem
980 637 1032 689 vi
1058 636 1112 690 &
1137 638 1293 691 armis
1312 635 1525 689 induxit
1553 636 1604 687 in
1628 650 1856 704 regnum
1880 652 1890 687 :
1933 633 2310 708 ostentatoque

203 714 372 775 bello,
409 709 778 766 ferociffirnam
804 720 1022 779 gentem
1050 708 1232 780 (quod
1263 708 1336 761 est
1361 710 1378 735 ⁸
1405 708 1822 776 pulcherrimum
1838 705 2089 759 vietoriae
2106 715 2312 777 genus)

207 800 412 842 terrore
448 781 776 855 perdomuit.
850 782 924 835 Et
966 780 1071 835 hoe
1114 781 1334 853 quidem
1372 780 1581 833 virtutis
1619 781 1915 849 praemium
1953 821 1969 847 ,
2008 778 2138 833 illud
2179 779 2310 864 sola-

2171 866 2308 908 tium

1341 978 1442 1025 Qd
1463 983 1573 1026 refert
1593 980 1713 1029 magni
1726 978 1850 1028 sedeat
1874 989 1944 1028 qua
1958 985 2060 1026 parte
2077 977 2208 1016 theatri

1340 1030 1415 1076 §Qi
1433 1031 1502 1068 vix
1524 1032 1703 1070 cornicines
1723 1028 1885 1070 exaudiet
1901 1056 1912 1074 ,
1938 1038 2045 1077 atque
2066 1029 2236 1067 tubarum

1338 1084 1550 1120 Concentus.

253 999 269 1026 1
300 986 391 1024 Heri
421 997 443 1021 a
469 979 638 1033 finanus]
688 979 879 1021 Mediceus
905 1011 915 1027 ‚
974 983 1012 1020 ὃς
1044 983 1080 1020 in
1104 982 1223 1023 indice

196 1037 364 1078 Riccard.
391 1042 480 1073 Here
498 1033 651 1071 scribunt
674 1062 684 1078 ,
722 1044 816 1084 quae
838 1035 893 1072 illa
926 1041 1044 1070 aetate
1076 1044 1219 1082 recepta

198 1088 367 1139 scriptura
391 1094 465 1124 erat
480 1113 490 1129 ‚
517 1095 602 1121 cum
626 1092 752 1123 contra
779 1086 862 1123 Heri
881 1095 948 1132 pro
970 1085 1123 1133 antiquo
1154 1085 1218 1122 ha-

193 1137 334 1177 berent.
367 1137 495 1175 auctor
524 1134 572 1172 est
604 1132 733 1174 Fabius
767 1134 848 1173 Lib.
878 1135 904 1171 Ι.
939 1135 1018 1171 Inst.
1044 1136 1110 1172 Or.
1139 1147 1214 1184 cap.

197 1187 238 1226 V
241 1188 288 1226 11.
312 1199 389 1238 pag.
411 1200 469 1238 90.
499 1184 608 1224 Adde
627 1186 793 1225 Geilium
816 1185 898 1224 Lib.
923 1186 968 1222 X.
985 1197 1060 1234 cap.
1073 1185 1216 1224 XXIV.

197 1237 259 1276 sic
289 1240 400 1279 iidem
430 1236 555 1277 Codd.
586 1235 678 1274 infra
711 1236 818 1286 Epist.
837 1235 942 1274 XIV.
966 1249 1000 1274 n.
1023 1236 1058 1274 6.
1112 1237 1216 1275 Here

197 1288 265 1328 duo
288 1288 558 1328 nomenclatores
575 1287 663 1333 mei,
693 1298 761 1327 cet.

247 1352 269 1377 2
299 1340 454 1388 Vestricio
476 1337 710 1388 spurinnae-,i
750 1339 825 1377 Hic
848 1338 1054 1376 Othoniani
1078 1340 1214 1376 exerci-

1333 1208 1357 1243 6
1385 1209 1432 1248 Et
1456 1209 1559 1248 fadus
1580 1205 1908 1262 adsequebantur]
1952 1207 2057 1245 Olim
2080 1208 2119 1246 in
2142 1213 2310 1246 mentem

1283 1267 1459 1306 venerat,
1487 1274 1530 1301 eo·
1543 1263 1637 1307 fatis
1652 1290 1661 1306 ,
1687 1263 1762 1300 hoc
1786 1259 1834 1299 est
1855 1264 1978 1297 morte
1993 1266 2073 1313 ,-ut
2095 1259 2313 1297 conveniret

1283 1312 1582 1357 praecedentibus
1605 1327 1613 1350 :
1639 1314 1764 1362 [fodore
1786 1340 1797 1355 ‚
1834 1310 2063 1359 &sangume
2094 1337 2104 1354 ,
2141 1319 2185 1348 (ν’
2204 1309 2313 1356 fatis.

1284 1360 1355 1397 Sed
1387 1365 1496 1402 unice
1527 1375 1614 1402 ver-a
1647 1362 1696 1400 est
1728 1365 1874 1410 vulgata
1899 1388 1909 1405 ,
1947 1371 2042 1410 quae
2077 1360 2116 1397 in
2139 1360 2310 1398 omnibus

1283 1421 1437 1460 quoque
1468 1415 1576 1452 MSS.
1607 1414 1760 1451 habetur·
1786 1427 1794 1450 :
1824 1422 1892 1449 nec
1914 1409 2087 1460 proposui
2120 1410 2311 1448 coniectu-

1284 1470 1384 1505 ram,
1412 1463 1477 1502 nisi
1500 1473 1540 1500 ut
1562 1474 1760 1500 monerem
1785 1474 1848 1501 eos
1874 1490 1884 1505 ,
1911 1461 2041 1510 quibus
2074 1459 2190 1498 simile
2222 1462 2312 1510 quid

1282 1510 1321 1546 in
1345 1521 1513 1551 mentem
1536 1514 1663 1550 venire
1686 1512 1812 1561 poffet.
1865 1513 1977 1548 Sudor
1998 1512 2145 1559 proprie
2169 1510 2214 1548 de
2235 1512 2310 1549 be]-

1284 1559 1357 1597 liCo
1377 1561 1507 1601 sudore
1531 1563 1684 1607 dicitur,
1711 1572 1751 1600 ut
1773 1570 1874 1612 patet
1910 1572 1955 1600 ex
1990 1560 2072 1597 Lib.
2106 1560 2168 1597 IX.
2202 1560 2311 1610 Epist.

198 1600 380 1680 53¹¹?ssOEss
395 1592 737 1690 ’ρῖἓῗεῗὲῗυέῗᾞέἒ
749 1589 820 1687 ῑζῗὲ
843 1586 1215 1680 ἐὲῗέιῗιὲξὲῗέῑῖἰὲ
1285 1608 1589 1720 1¹·7&B⁴j{5‡¹¹⁶*2
1603 1613 1648 1726 ‘3²³
1659 1614 2002 1715 523¹}'123295252
2011 1610 2312 1715 ¹⁴32}ssssss

195 1440 418 1480 Placentiam
440 1441 626 1478 coloniam
650 1440 816 1477 adversus
840 1440 1044 1477 Cecmnam
1072 1439 1215 1477 strenue

197 1498 332 1530 tutatus
370 1491 428 1530 est.
485 1491 585 1528 Nam
621 1489 847 1527 indomitum
882 1490 1035 1526 militem
1071 1491 1110 1527 &
1133 1491 1213 1528 belli

197 1542 365 1590 ignarum
389 1571 400 1587 ,
437 1553 507 1578 nec
538 1541 695 1589 imperio
728 1547 918 1587 parentem
949 1541 1041 1576 intr-a
1066 1542 1213 1578 moeni-a

196 1692 348 1730 eduxit:
379 1690 510 1729 deinde
531 1689 650 1727 noetis
671 1689 879 1726 interventu
904 1717 914 1733 ‚
942 1699 1027 1726 cum
1052 1690 1214 1729 Cecinna

199 1746 325 1782 venire
348 1744 601 1786 nunciaretur,
627 1741 795 1777 timentes
805 1739 1030 1783 introduxit,
1057 1739 1215 1779 strenue-

199 1804 274 1842 que
296 1795 481 1831 coloniam
504 1799 592 1829 tunc
613 1791 773 1828 maxime
786 1789 980 1828 florentem
992 1798 1126 1829 tutatus
1139 1791 1210 1831 est:

198 1843 248 1881 ibi
269 1844 393 1882 relicto
417 1842 568 1880 modico
591 1839 764 1892 praefidio
780 1869 790 1886 ,
818 1840 948 1878 Macro
971 1852 1057 1877 cum
1080 1841 1214 1880 cohor-

198 1892 295 1931 tibus
318 1894 490 1931 subvenit.
516 1893 584 1930 Vir
605 1891 834 1931 sanffiffirnus
849 1919 859 1936 ,
886 1891 950 1940 qui
971 1903 1016 1929 ex
1038 1891 1148 1940 longa
1159 1893 1212 1932 se-

200 1942 350 1982 nec‘tute
373 1943 460 1981 nihil
479 1951 619 1993 praeter
640 1942 750 1979 solam
773 1941 1002 1991 prudentiam
1035 1941 1187 1981 habebat
1201 1974 1211 1990 ‚

201 2001 355 2042 utraque
385 1994 505 2041 lingua
538 1991 759 2030 doctissimus
782 2020 793 2037 ,
831 1994 870 2031 ὅ(
902 1993 940 2030 in
964 1991 1092 2031 ordine
1115 1996 1211 2034 vitae

201 2042 397 2091 dispositus.
425 2044 493 2082 CA
509 2057 532 2082 ι·
547 2056 618 2080 ΑΝ.
645 2042 806 2081 Voffian.
830 2042 1030 2081 Helmstad.
1053 2045 1092 2082 &
1115 2045 1212 2083 Arn-

201 2104 282 2132 zen.
303 2094 423 2133 insulsa
443 2095 656 2133 traiectione
678 2106 686 2130 :
718 2092 866 2134 Vestricio
891 2095 1044 2144 principe
1073 2099 1212 2136 auctore

200 2145 392 2192 Spurinnae
419 2143 646 2194 triumphalis
664 2151 732 2182 cet.
766 2156 834 2182 nec
855 2145 956 2183 aliter
978 2145 1211 2195 quidamim-

199 2195 312 2243 pressi.
363 2196 415 2234 At
448 2196 637 2234 Mediceus
667 2195 836 2243 Bongars.
865 2196 998 2245 aliique
1020 2206 1209 2246 receptum

198 2244 367 2284 ordinem
390 2245 632 2291 confirmant,
659 2257 823 2295 eumque
846 2246 1048 2285 restituebat
1068 2247 1212 2298 Lipsius

199 2295 244 2333 ad
269 2295 387 2336 Tacit.
410 2297 456 2335 II.
481 2297 571 2336 Hist.
594 2309 670 2346 cap.
690 2296 835 2334 XVIII.
855 2299 969 2346 princ.

250 2358 267 2395 3
301 2347 536 2398 Triumphalis
560 2346 721 2396 statum]
763 2347 806 2385 In
837 2348 962 2386 habitu
982 2349 1211 2398 triumphan-

191 2397 252 2433 tis.
307 2398 409 2446 Lege
443 2399 488 2437 de
519 2402 663 2439 honore
693 2397 897 2436 statu-aium.
923 2399 1013 2437 Plin.
1036 2398 1105 2435 sen.
1129 2400 1210 2437 Lib.

198 2447 375 2486 XXXIV.
398 2461 472 2497 cap.
494 2448 562 2486 IV.
590 2449 743 2486 Carni.
921 2474 927 2480 .

246 2512 268 2544 4
297 2505 342 2536 Ut
363 2499 520 2549 multis.]
562 2500 704 2547 Quibus
725 2498 850 2547 passim
871 2500 909 2537 in
932 2499 1015 2536 foro
1035 2509 1103 2547 pro
1132 2498 1211 2538 libi-

196 2547 282 2587 dine
315 2553 518 2599 principum
552 2549 662 2587 statua
696 2548 866 2586 dabatur:
895 2551 932 2588 in
954 2549 1057 2598 quod
1078 2549 1210 2595 Juven.

194 2600 387 2648 satyricum
413 2602 551 2638 fulmen
573 2607 721 2650 torquet
744 2601 867 2648 Satyra
892 2600 916 2637 I.
956 2601 1109 2639 Canu.
1165 2606 1210 2639 Ut

193 2650 340 2697 multis,
368 2653 428 2702 qui
450 2663 649 2701 numquam
671 2650 783 2697 castra
806 2651 978 2688 viderunt
994 2679 1004 2694 ‚
1045 2650 1092 2689 fic
1126 2651 1211 2689 Me-

199 2699 341 2747 diceus,
369 2703 496 2741 mediis
521 2702 654 2740 omissis
676 2710 823 2752 propter
853 2702 1071 2740 Particuiam
1105 2715 1211 2738 num-

194 2764 316 2802 quam.
370 2753 458 2792 Hoc
478 2764 590 2802 genus
614 2755 790 2792 vitiorum
814 2753 851 2790 in
872 2752 934 2791 illo
969 2753 1110 2791 Codice
1141 2752 1212 2792 fre-

203 2804 474 2851 quentissimum
499 2804 558 2842 est.

205 2854 486 2940 ¹⁸‘56¹1’ubarum
524 2853 693 2906 semum]
733 2854 950 2904 Calpurnius
996 2854 1134 2905 Ecloga
1186 2854 1213 2893 1.

305 2916 339 2950 7.

262 3004 356 3040 lum
366 3006 470 3058 sacra
491 3008 616 3055 tubas,
643 3021 712 3048 non
727 3009 820 3048 inter
836 3006 927 3046 bella
945 3009 1081 3060 sonare.

212 3092 362 3142 Banu.
386 3103 560 3152 Iuvenalis
581 3111 652 3152 Sat.
675 3111 720 3151 X.
741 3122 793 3151 vs.
815 3122 900 3160 213·

1283 1724 1504 1765 Germaniae
1535 1727 1662 1777 populi
1704 1727 1905 1765 secundum
1945 1725 2135 1764 Claudian.
2185 1724 2308 1773 sylvae

1283 1774 1494 1824 Hercyniae
1515 1778 1663 1816 accolae
1677 1806 1688 1822 ,
1714 1780 1778 1827 qui
1791 1776 1984 1828 quondam
1997 1778 2204 1814 vicinarum
2218 1788 2309 1816 con-

1282 1824 1383 1863 sensu
1404 1830 1598 1867 nationum
1620 1829 1725 1878 super
1747 1829 1930 1878 sexaginta
1953 1827 2064 1866 millia
2087 1826 2310 1869 ceciderunt.

1283 1874 1415 1916 deiude
1438 1891 1524 1917 cum
1548 1891 1668 1918 novos
1690 1887 1814 1919 motus
1836 1882 1874 1918 in
1907 1879 2108 1916 Germania
2140 1877 2310 1920 adversus

1283 1926 1499 1982 Romanuin
1514 1942 1656 1968 nomen
1669 1929 1878 1969 excitassent
1893 1958 1903 1974 ‚
1933 1931 1972 1967 δε
1983 1928 2186 1979 aliquando
2199 1927 2305 1978 supe-

1282 1987 1393 2016 riores
1427 1980 1512 2020 faeti
1544 1990 1692 2019 mortua
1728 1983 1874 2031 regina,
1901 1980 2080 2025 venecia,
2107 1980 2308 2028 imperium

1280 2027 1343 2065 sub
1380 2031 1602 2071 Domitiano
1635 2032 1850 2071 recusarunt.
1902 2030 2030 2070 Postea
2064 2041 2196 2069 eorum
2231 2031 2307 2069 Re·-

1280 2088 1391 2126 gem,
1420 2084 1481 2132 qui
1515 2084 1560 2121 ad
1592 2085 1787 2122 Romanos
1821 2083 2073 2131 confugerat,
2109 2080 2308 2121 Vestricius

1282 2130 1460 2179 Spurinna
1484 2135 1637 2184 TraJ‘ani
1657 2132 1753 2184 jussu
1775 2136 1814 2173 in
1837 2145 1993 2184 regnum
2013 2131 2218 2171 introduxit
2231 2131 2307 2171 fine

1279 2180 1451 2229 sanguine
1477 2186 1515 2223 δε
1537 2185 1648 2223 caede
1663 2214 1674 2230 ,
1700 2184 1761 2222 sed
1781 2193 1919 2223 terrore
1939 2185 2019 2222 solo
2043 2183 2192 2221 domitis
2214 2183 2306 2220 Bru-

1281 2230 1406 2270 cteris:
1437 2237 1500 2285 qui
1522 2245 1649 2274 tamen
1673 2237 1803 2284 pariter
1815 2236 1875 2274 sub
1889 2233 2186 2273 Neroneabeno
2199 2239 2306 2270 metu

1281 2280 1440 2323 deterriti
1462 2286 1542 2324 sunt
1565 2298 1628 2336 per
1651 2281 1789 2332 Juliuin
1811 2286 1984 2323 Avitum.
2013 2283 2168 2321 Tacitus.
2217 2282 2250 2320 C
2264 2295 2307 2333 3⁴.

1284 2345 1307 2369 τ
1323 2346 1345 2369 Α
1360 2345 1396 2371 Ν.

1329 2394 1350 2431 8
1381 2395 1710 2445 pulcherrimum]
1741 2398 1824 2435 Sine
1846 2397 2018 2445 sanguine
2042 2397 2080 2434 &
2101 2404 2224 2444 pugna
2236 2394 2307 2433 ho-

1278 2442 1367 2480 stem
1391 2446 1565 2493 superare.
1621 2447 1651 2484 Ii
1672 2455 1796 2484 autem
1823 2449 2055 2485 merebantur
2086 2447 2307 2484 ovationem

1279 2494 1466 2582 minoxgem
1486 2497 1686 2545 triumpho.
1716 2497 1870 2535 CATAN.
1911 2498 2131 2537 Claudianus
2154 2496 2305 2536 LStssic.

1282 2555 1332 2582 vs.
1363 2557 1377 2582 1
1412 2557 1443 2591 7.

1333 2663 1519 2700 Miramur
1541 2663 1675 2702 rabidis
1696 2663 1822 2712 hostem
1836 2662 2058 2714 succumbere
2079 2660 2176 2702 bellis

1332 2719 1425 2750 Cum
1450 2713 1527 2752 solo
1550 2722 1688 2753 terrore
1711 2726 1850 2753 ruant?

1282 2825 1388 2864 Idem
1413 2825 1481 2864 IV.
1505 2827 1591 2866 Cos.
1614 2828 1764 2866 Honor.
1786 2839 1836 2866 vs.
1859 2837 1940 2878 457.

1331 2941 1420 2990 §Quis
1443 2941 1578 2979 vietum
1600 2942 1759 2981 meminit
1778 2943 1850 2984 sola
1873 2941 2072 2982 formidine
2092 2940 2282 2983 Rhenum?

1284 3057 1436 3096 ΒΑκτΗ.
1473 3057 1598 3096 Habet
1617 3059 1644 3096 is
1666 3058 1768 3108 plura
1789 3056 1834 3095 ad
1859 3057 2104 3097 Claudianum
2125 3085 2138 3104 ,
2177 3057 2216 3096 &
2237 3065 2307 3106 noe

1285 3108 1466 3157 quaedam
1488 3108 1534 3149 ad
1559 3109 1703 3147 Lucan.
1725 3109 1807 3149 Lib.
1830 3110 1878 3148 V.
1902 3119 1953 3149 vs.
1972 3107 2057 3149 661.
2303 3151 2306 3154 Α

1611 3160 1639 3198 Ρ
1668 3171 1689 3196 2
2176 3166 2194 3194 1
2230 3157 2308 3204 Do}
