2616 3686
294 208 394 275 ,834

677 402 694 405 ,,
738 337 886 399 CXI.

508 201 568 254 c,
632 195 1022 251 PL1N11
1089 191 1599 249 CAECILII
1666 189 2211 257 SECUNDt,

964 321 2008 406 P1..1N1us,TaA'1AN,0.

1126 478 1216 536 De
1249 476 1397 549 Julio
1437 477 1649 538 Pisone.

314 624 587 704 Repetebat
617 622 734 696 fissi
771 621 1055 677 advocatas
1090 618 1447 688 Amisenorum
1491 636 1523 672 a
1570 617 1715 690 Julio
1754 619 1929 692 Pifhne
1967 632 2157 677 certam
2185 626 2448 697 pecuniam

393 722 435 758 ez
473 703 712 756 donatam
747 716 778 751 a
814 711 915 770 rep.
954 706 1075 751 ante
1096 694 1220 750 XX.
1256 712 1435 759 annos,
1476 697 1632 750 nixus
1671 698 1885 770 Trajam'
1923 697 2216 764 manducer,
2271 701 2451 774 quibus

381 773 683 854 prohibebat
709 770 835 844 fieri
863 770 922 826 de
946 771 1137 846 publico
1171 773 1494 844 erogationes.
1530 845 1537 854 ἰ
1568 769 1686 852 Piso
1726 771 2115 829 contradicebat.
2194 777 2453 833 Secundus

395 868 500 909 rem
533 854 786 924 integram
818 847 1046 923 Trajano
1080 845 1436 902 decernendam
1469 854 1650 901 mittit.

322 1005 335 1029 ¹
501 991 739 1054 Cdicus,
780 989 1049 1055 Domine,
1092 990 1476 1047 Amisenorum
1502 991 1731 1049 civitatis
1758 989 1979 1066 petebat
2015 995 2156 1066 apud
2193 1014 2281 1052 me
2309 1015 2337 1052 a
2357 995 2463 1068 J‘u...

478 1082 481 1084 ’
510 1068 583 1123 1ἰο
605 1067 800 1122 Pisone
824 1066 1170 1122 denariorum
1193 1067 1414 1123 circiter
1437 1068 1567 1123 XL.
1595 1069 1759 1124 millia
1783 1067 1980 1122 donata
2008 1071 2063 1123 ei·
2084 1069 2311 1141 publice·
2328 1088 2454 1128 ante

320 1143 455 1200 XX.
496 1161 694 1207 annos,
735 1148 753 1172 ²
788 1142 841 1196 &
871 1141 1033 1205 ssu1e‚
1076 1142 1131 1197 &
1163 1141 1384 1197 eeclefia
1409 1144 1809 1200 consentiente:
1855 1155 1867 1180 ³
1911 1142 2275 1216 utebaturque
2308 1163 2457 1205 man-

246 1251 276 1285 2
323 1219 461 1274 datis
488 1220 619 1282 tuiS,
657 1216 849 1291 quibus
874 1214 1142 1288 ejusmodi
1170 1217 1491 1274 donationes
1513 1233 1782 1276 vetantur.
1822 1217 1945 1274 Piso
1973 1233 2194 1284 contra,
2232 1221 2457 1292 plurima

321 1295 379 1352 se·
416 1297 473 1350 in
509 1294 715 1367 Remp.
749 1289 1032 1348 contulisse
1057 1335 1071 1356 ,
1123 1310 1184 1348 ac
1215 1309 1386 1366 prope
1422 1304 1562 1352 rotas
1591 1294 1868 1352 facultates
1899 1300 1928 1328 ⁴·
1949 1294 2189 1367 erogasse
2221 1295 2469 1353 dicebat..

371 1467 407 1496 1.
433 1456 616 1505 Ecdicus]
642 1455 685 1494 Id
715 1454 763 1494 est
785 1482 796 1500 ‚
833 1452 1001 1493 defensor
1030 1453 1069 1493 &
1100 1452 1236 1494 vindex
1261 1454 1351 1504 reip.

319 1508 384 1557 qui
404 1507 517 1546 hodie
536 1508 664 1546 dicitur
681 1506 751 1546 fisci
769 1505 978 1544 advocatus.
1002 1504 1049 1545 de
1069 1517 1146 1555 quo
1163 1507 1221 1544 M.
1246 1506 1352 1544 Cice-

319 1568 364 1595 ro
387 1559 469 1597 Lib.
493 1558 598 1597 XIII.
623 1557 731 1606 Epist.
752 1556 856 1595 LVI.
882 1557 929 1595 ad
942 1556 1153 1595 Thermum
1172 1564 1354 1606 propraet.

318 1608 357 1646 in
376 1609 528 1659 epistolis
546 1609 592 1648 ad
615 1608 832 1647 Lentulum.
863 1608 930 1645 Sed
951 1608 1043 1645 malo
1059 1606 1189 1646 ecdicos.
1214 1609 1262 1646 Et
1284 1606 1354 1645 sta·

319 1660 408 1698 tim:
431 1659 559 1708 jubeas
578 1660 703 1699 ecdicos
723 1664 868 1697 Romam
891 1658 1038 1697 mittere.
1088 1657 1138 1696 Et
1153 1659 1232 1707 jam
1252 1659 1353 1698 dixe·

315 1717 395 1750 rat:
422 1721 461 1749 ut
479 1711 580 1749 ecdici
603 1709 743 1759 Mylassi
776 1712 927 1747 Romam
958 1710 1191 1748 mitterentur.
1220 1710 1354 1749 Liben-

318 1768 375 1798 ter
395 1770 517 1799 aurem
540 1761 725 1800 Secundus
744 1761 854 1798 utitur
887 1760 1033 1798 Graecis
1064 1760 1270 1805 vocabulis,
1296 1768 1355 1799 ut-

316 1811 876 1904 iffssffnfftfflsslissif⁰3sk¹ssih
896 1810 1092 1900 023522?
1106 1811 1352 1911 Σὲῗὲἰῗὶἓ

319 1892 505 1964 civitatis]
536 1912 757 1961 Desenfiaerem
779 1911 936 1951 civitatis
964 1913 1177 1958 justinianus
1199 1913 1352 1962 appellat
1378 1909 1381 1965 J

317 1965 367 2003 L.
394 1965 448 2002 Ut
483 1964 665 2014 perfeetus
696 1965 740 2002 11.
779 1964 823 2001 C.
860 1962 905 2001 de
933 1963 1069 2002 Annali
1108 1963 1352 2013 Exceptione.
1378 1968 1381 2008 ὲ

316 2016 408 2054 Vet.
442 2012 590 2055 Gloffae
628 2013 761 2057 ’ἔκδικος
798 2014 976 2063 Defensor.
1025 2014 1213 2065 Vindiclor.
1260 2011 1381 2065 Alibi}

303 2066 462 2117 *syndici
477 2067 699 2116 appellantur
725 2066 763 2104 in
790 2066 886 2112 Jure.
917 2065 1121 2103 Ecdicorum
1153 2067 1192 2103 δε
1217 2065 1350 2104 Cicero

320 2117 503 2158 meminit.
528 2117 557 2154 B
573 2128 792 2154 ucuunn.
817 2117 921 2153 Plura
942 2116 1271 2154 dabitGronovius
1283 2116 1352 2155 IV.
1380 2126 1383 2162 l

319 2167 367 2206 de
393 2163 476 2206 Pe‘c.
511 2167 599 2206 Vet.
634 2178 712 2216 cap.
745 2166 814 2204 ΙΙΙ.
838 2178 874 2215 p.
899 2175 987 2212 272.
1012 2167 1099 2212 276.
1123 2166 1221 2216 seqq.
1249 2165 1354 2206 Voff.
1382 2175 1384 2192 ³

324 2220 364 2256 &
383 2217 478 2256 Edd.
502 2226 577 2257 vet.
602 2229 757 2263 omnes,
784 2219 874 2256 item
896 2216 1128 2255 Casaubonus
1157 2218 1197 2255 &
1225 2217 1353 2256 Minos
1383 2234 1386 2269 }

322 2270 361 2307 in
394 2269 557 2318 margine
589 2269 770 2315 Medicus,
797 2267 902 2319 quale
931 2269 1040 2307 etiam
1073 2278 1221 2307 cernere
1240 2268 1289 2307 est
1315 2269 1354 2307 in

323 2318 476 2359 Sidonio
496 2320 707 2368 Apollinari.

375 2382 412 2410 2.
438 2371 486 2409 Et
502 2370 605 2415 bule,
632 2382 674 2411 cv·
693 2368 853 2422 ecclesia]
883 2370 985 2410 Prius
1000 2381 1043 2411 ω’
1062 2369 1193 2409 exsulat
1214 2380 1234 2407 a
1251 2369 1358 2408 Voff.
1384 2388 1385 2401 ³

326 2422 366 2460 ὅς
388 2431 461 2461 vet.
487 2423 645 2471 principe
666 2433 709 2459 ac
739 2422 911 2460 Catanaei
941 2422 1082 2472 priore,
1110 2432 1151 2459 ac
1170 2429 1355 2471 prae-terea

351 2484 392 2510 ro
425 2472 503 2510 bule
534 2473 670 2511 habent
699 2472 825 2521 boyali.
859 2472 947 2512 Bule
986 2472 1037 2510 est
1066 2473 1219 2511 senatus.
1253 2472 1356 2521 supra

360 2524 435 2573 pist.
471 2523 668 2562 LXXXV.
702 2536 742 2562 n.
777 2535 809 2561 1.
846 2535 923 2561 cum
963 2525 1167 2573 CocceJ'anus
1197 2524 1293 2561 Dion
1319 2524 1356 2561 in

320 2575 408 2612 bule
437 2574 614 2624 adsignari
640 2574 844 2612 civitati...
877 2583 955 2624 opus
983 2573 1102 2613 vellet.
1133 2574 1214 2612 infr.
1247 2574 1358 2623 Epist.

327 2625 467 2664 CXHI.
494 2638 530 2663 n.
560 2638 573 2663 ῐ
615 2626 673 2676 qui
693 2626 730 2662 in
751 2625 859 2663 bulen
875 2639 904 2667 ,a
924 2625 1111 2674 censoribus
1133 2625 1355 2673 legantem&

325 2676 437 2724 Epist.
464 2675 622 2716 CXVII.
647 2688 683 2714 n.
723 2688 754 2714 1.
774 2675 889 2723 solent
924 2686 1035 2714 totam
1077 2677 1184 2713 bulen
1204 2703 1214 2719 ‚
1252 2686 1357 2726 atque

328 2729 433 2766 :tiam
457 2738 476 2764 e
497 2728 601 2776 plebe
631 2739 697 2764 non
724 2727 886 2775 exiguum
914 2739 1096 2764 numerum
1129 2739 1262 2765 vocare.
1311 2729 1355 2766 In
1387 2731 1388 2736 ’

326 2790 403 2818 rem
426 2779 581 2823 evolve,
609 2788 702 2828 quae
732 2777 940 2816 Buchnerus
967 2777 1012 2816 ad
1040 2777 1148 2826 Epist.
1175 2776 1358 2817 XLVIII.

328 2839 364 2866 n.
394 2843 425 2876 ς.
456 2831 775 2867 Loneomus.
869 2840 871 2843 ·
1040 2858 1044 2862 .

379 2889 413 2924 3.
438 2879 717 2929 Urebaturque.]
744 2879 947 2919 Ita.damus
970 2891 1015 2918 ex
1035 2876 1138 2916 Voff.
1159 2878 1198 2916 &
1218 2878 1365 2918 Editio-'

330 2927 433 2983 nibus
464 2931 730 2978 antiquiffimis,
765 2932 803 2969 in
835 2943 989 2980 quarum
1023 2938 1150 2970 tamen
1180 2930 1356 2979 aliquibus

332 2984 426 3014 utin
447 2978 602 3023 Aldinis‚
634 2981 886 3026 Schureriana,
913 2983 1002 3020 item
1036 2981 1253 3028 marginibus
1285 2981 1358 3018 Ca·

328 3027 566 3066 saubonianae
595 3031 633 3068 &
674 3031 731 3068 Cl.
763 3027 902 3069 ‘Minois
934 3032 1272 3081 nonutebaturque
1297 3030 1357 3069 sed

328 3078 602 3130 utebanturque,
638 3091 732 3129 quae
776 3089 901 3123 tamen
944 3082 1037 3122 duae
1074 3081 1287 3133 posteriores
1319 3080 1370 3122 in.

2271 1371 2459 1428 Adde-

1413 1463 1516 1497 textu
1536 1458 1645 1497 etiam
1665 1456 1911 1507 utebaturque.
1962 1453 2034 1494 Cui
2056 1457 2142 1495 voci
2171 1468 2237 1495 cur
2254 1457 2463 1498 nitebatur--

1415 1521 1479 1558 que
1498 1509 1715 1548 recentiores
1735 1508 1962 1552 suffecerint,
1991 1508 2103 1545 nullas
2121 1506 2254 1546 caussas
2271 1509 2453 1558 adlegant.

1415 1560 1526 1598 Certe
1555 1556 1706 1609 glofl‘am
1739 1558 1884 1601 redolet
1904 1584 1915 1602 ,
1952 1568 2063 1607 quam
2094 1559 2215 1597 nescio
2243 1560 2342 1599 unde
2374 1561 2449 1601 huc

1413 1610 1690 1660 transcripserint
1711 1637 1721 1654 ,
1763 1616 1948 1658 expertes,
1974 1607 2062 1657 quid
2098 1608 2140 1646 fit
2161 1637 2173 1654 ,
2208 1611 2263 1649 uti
2302 1610 2462 1653 alicuius,

1417 1661 1608 1701 mandatis.
1634 1661 1696 1699 Est
1718 1668 1842 1699 autem
1868 1659 1904 1698 id
1925 1658 2024 1697 idem
2053 1669 2095 1696 ac
2125 1660 2292 1700 mandata
2320 1673 2389 1711 pro
2411 1665 2446 1702 se

1412 1712 1576 1763 adlegare
1590 1741 1599 1757 ,
1628 1710 1803 1762 praesidio
1820 1711 1906 1759 legis
1924 1720 2053 1759 agere,
2078 1721 2238 1760 eamque
2258 1713 2296 1750 in
2317 1712 2449 1752 utilita-

1411 1772 1489 1803 tem
1517 1763 1617 1801 suam
1651 1771 1807 1802 vertere.
1857 1761 1950 1810 Quis
1971 1787 1984 1804 ‚
2020 1761 2178 1811 quaeso,
2215 1762 2381 1803 offendet
2405 1765 2445 1803 in

1411 1815 1465 1853 his
1485 1814 1751 1853 locutionibus:
1778 1812 1828 1852 uti
1857 1811 2041 1864 occasione,
2070 1812 2252 1862 magistro,
2278 1814 2444 1863 confiliis,

1379 1880 1381 1905 J
1411 1865 1619 1904 valetudine
1633 1865 1788 1916 prospera
1801 1893 1812 1911 ‚
1824 1862 1960 1913 hospitio
1973 1890 1984 1907 ,
1997 1863 2154 1901 remediis
2165 1891 2176 1908 ‚
2193 1865 2236 1902 ὅ(
2247 1871 2351 1914 'quae
2365 1865 2448 1905 sunt

1408 1916 1576 1956 sexcenta
1597 1917 1685 1961 alia,
1714 1927 1810 1966 quae
1827 1913 1922 1964 apud
1943 1925 2131 1963 quemque
2148 1915 2329 1963 leguntur.
2365 1916 2448 1957 Ali-

1410 1966 1587 2018 qua.vide
1606 1967 1703 2017 apud
1722 1967 1891 2004 Cortium
1914 1965 1959 2002 ad
1979 1963 2057 2003 Sall.
2085 1965 2167 2003 Cat.
2177 1966 2442 2014 cap.XXX111.

1410 2032 1447 2058 n.
1477 2032 1508 2058 1.
1534 2032 1641 2069 neque
1657 2019 1824 2068 cuiquam>
1841 2016 1993 2065 nostrum
2014 2015 2133 2061 licuit,
2160 2029 2254 2054 more
2267 2018 2444 2068 majorum

1408 2071 1489 2119 lege
1523 2071 1586 2108 uti.
1611 2070 1651 2107 ὃς
1680 2069 1726 2107 ad
1751 2068 1831 2116 Jug.
1865 2078 1945 2116 cap.
1984 2065 2198 2105 XXXVIII.
2232 2079 2269 2106 n.
2298 2067 2333 2107 8.
2360 2074 2444 2108 Nox

1413 2133 1519 2171 atque
1535 2120 1668 2169 praeda
1698 2118 1884 2166 castrorum
1910 2116 2039 2162 halles,
2066 2130 2130 2167 quo
2161 2117 2274 2156 minus
2293 2119 2447 2160 vidioria

1414 2178 1601 2209 uterentur
1615 2198 1625 2214 ‚
1647 2179 1825 2208 remorata
1837 2169 1936 2216 sunt.
1962 2168 1996 2205 L
2008 2179 2033 2205 o
2049 2180 2072 2204 N
2088 2178 2113 2205 e
2127 2179 2152 2206 o
2163 2180 2210 2206 LI
2226 2181 2252 2208 U
2263 2181 2289 2208 s.

1465 2234 1500 2268 4,
1527 2220 1710 2271 Erogaffe.]
1739 2217 2212 2267 Impendiffe,distribui4se.
2235 2221 2364 2261 Paulus
2382 2221 2459 2262 De·

1414 2272 1549 2321 legatis.
1575 2271 1664 2310 nihil
1684 2283 1725 2309 ex
1746 2270 1946 2318 testamento
1963 2269 2106 2308 videtur
2126 2280 2259 2319 capere,
2286 2273 2346 2323 qui
2361 2283 2442 2310 tan·-

1383 2323 1385 2339 ‘
1417 2333 1494 2361 tum
1516 2330 1641 2371 erogat
1666 2332 1841 2371 quantum
1869 2319 1999 2378 accipit.
2023 2321 2120 2370 apud
2142 2322 2340 2372 Apuleium
2360 2333 2442 2361 ero·

1414 2384 1499 2422 gare
1530 2384 1599 2424 pro
1628 2373 1733 2411 valde
1760 2383 1909 2421 rogare,
1934 2372 2019 2422 ptis,
2045 2372 2181 2421 inquit,
2206 2373 2357 2420 precibus
2372 2385 2441 2409 ero·

1410 2435 1516 2474 gatus
1528 2439 1540 2463 .-
1569 2423 1630 2462 sed
1650 2434 1827 2472 exrogare
1845 2423 1893 2461 est
1914 2434 1959 2460 ex
1978 2422 2060 2471 lege
2078 2431 2201 2462 vetere
2214 2422 2345 2472 aliquid
2364 2422 2441 2460 exi·

1417 2486 1521 2514 mere
1548 2486 1612 2523 per
1640 2486 1778 2513 novam
1805 2475 1926 2522 legem
1951 2501 1962 2517 ‚
1995 2473 2158 2512 tradente
2185 2472 2303 2512 Festo.
2342 2472 2440 2508 CA-

1419 2538 1529 2564 ·rAN.
1558 2522 1694 2565 Noster
1713 2524 1822 2574 Epist.
1848 2523 2028 2562 XXVIII.
2054 2535 2089 2562 n.
2118 2535 2150 2573 3.
2178 2523 2315 2561 Multae
2340 2521 2439 2559 enim

1417 2577 1594 2626 pecuniae
1624 2576 1736 2615 variis
1761 2589 1802 2614 ex
1831 2576 1949 2625 cauffis
1977 2587 1999 2610 a
2033 2573 2187 2623 privati-s
2213 2572 2436 2610 detinentur:

1387 2662 1389 2682 ἰ
1415 2636 1589 2677 praeterea
1611 2627 1785 2678 quaedam
1814 2626 1955 2663 minime
1982 2624 2144 2673 legitimis
2171 2620 2339 2660 sumtibus
2358 2633 2442 2660 ero·

1418 2687 1560 2727 gantur.
1581 2680 1671 2717 item
1700 2677 1809 2725 Epist.
1836 2674 2014 2715 XXXIV.
2039 2684 2145 2730 ¹¹.·„2·
2180 2684 2285 2727 quam
2313 2672 2441 2730 (pecu-

1418 2730 1531 2773 niam)
1560 2729 1621 2779 iofi
1639 2738 1788 2775 erogare
1800 2727 1843 2765 rin
1872 2726 1981 2763 oleum
1999 2724 2117 2772 Μαι,
2148 2730 2268 2769 paratz
2291 2725 2379 2771 sunt
2403 2737 2440 2761 m

1419 2789 1496 2829 opus
1515 2780 1646 2818 balinei
1671 2778 1851 2817 conferre.
1878 2773 2076 2821 Tranquill.
2106 2771 2191 2827 Ner.
2218 2783 2294 2820 cap.
2324 2774 2444 2815 XXX,

1421 2837 1466 2868 In
1483 2831 1697 2874 Tiridatem,
1727 2829 1818 2878 quod
1837 2826 1900 2863 vix
1929 2821 2087 2860 credibile
2116 2822 2307 2868 videatur,
2335 2825 2445 2862 ortiu-

1415 2895 1503 2931 gena
1525 2881 1712 2920 nummdm
1729 2877 1843 2916 millia
1862 2875 1990 2912 diurna
2021 2873 2206 2919 erogavit,
2242 2874 2466 2925 abeuntique-

1411 2933 1514 2982 super
1537 2938 1605 2970 HS.
1620 2930 1743 2968 millies
1762 2926 1925 2965 contulit.
1952 2926 2118 2968 Erogare,
2147 2925 2348 2971 erogationes
2374 2927 2447 2965 fre.

1421 2990 1573 3031 quentes
1591 2985 1783 3019 occurrunt
1803 2977 1840 3014 in
1861 2974 1944 3020 Jure
1962 2972 2098 3011 nostr0.
2125 2973 2225 3021 Vide
2243 2975 2459 3016 Brisoniunm

1422 3033 1468 3073 de
1490 3033 1536 3071 V.
1563 3032 1598 3072 S.
1624 3029 1704 3070 L-ib.
1731 3026 1778 3066 V.
1805 3037 1840 3074 p.
1869 3035 1953 3075 355.
1977 3023 2078 3074 seqq.

2320 3136 2356 3184 rr
2377 3126 2448 3175 Bai
