<?xml version="1.0" encoding="UTF-8"?>
<!DOCTYPE html PUBLIC "-//W3C//DTD XHTML 1.0 Transitional//EN"
    "http://www.w3.org/TR/xhtml1/DTD/xhtml1-transitional.dtd">
<html xmlns="http://www.w3.org/1999/xhtml" xml:lang="en" lang="en">
 <head>
  <title>
</title>
<meta http-equiv="Content-Type" content="text/html;charset=utf-8" />
  <meta name='ocr-system' content='tesseract 3.04.00' />
  <meta name='ocr-capabilities' content='ocr_page ocr_carea ocr_par ocr_line ocrx_word'/>
</head>
<body>
  <div class='ocr_page' id='page_1' title='image "./caiipliniicaecil00plin_0105.png"; bbox 0 0 2616 3686; ppageno 0'>
   <div class='ocr_carea' id='block_1_1' title="bbox 662 144 1904 233">
    <p class='ocr_par' dir='ltr' id='par_1_1' title="bbox 662 144 1904 233">
     <span class='ocr_line' id='line_1_1' title="bbox 662 144 1904 233; baseline -0.003 0"><span class='ocrx_word' id='word_1_1' title='bbox 662 145 1010 233; x_wconf 73' lang='lat' dir='ltr'>LtuER</span> <span class='ocrx_word' id='word_1_2' title='bbox 1079 176 1119 230; x_wconf 76' lang='grc' dir='ltr'>Ι.</span> <span class='ocrx_word' id='word_1_3' title='bbox 1184 174 1759 228; x_wconf 76' lang='lat' dir='ltr'>EPISTOLA</span> <span class='ocrx_word' id='word_1_4' title='bbox 1834 144 1904 230; x_wconf 78' lang='lat' dir='ltr'>x.</span> 
     </span>
    </p>
   </div>
   <div class='ocr_carea' id='block_1_2' title="bbox 2249 198 2308 252">
    <p class='ocr_par' dir='ltr' id='par_1_2' title="bbox 2249 198 2308 252">
     <span class='ocr_line' id='line_1_2' title="bbox 2249 198 2308 252; baseline 0.068 -4"><span class='ocrx_word' id='word_1_5' title='bbox 2249 198 2308 252; x_wconf 81' lang='lat'>43</span> 
     </span>
    </p>
   </div>
   <div class='ocr_carea' id='block_1_3' title="bbox 201 252 2309 704">
    <p class='ocr_par' dir='ltr' id='par_1_3' title="bbox 201 252 2309 704">
     <span class='ocr_line' id='line_1_3' title="bbox 205 252 2308 338; baseline -0.007 -10"><span class='ocrx_word' id='word_1_6' title='bbox 205 271 367 330; x_wconf 87' lang='lat' dir='ltr'>Soleo</span> <span class='ocrx_word' id='word_1_7' title='bbox 391 279 782 338; x_wconf 83' lang='lat' dir='ltr'>nonnunquam</span> <span class='ocrx_word' id='word_1_8' title='bbox 810 260 830 328; x_wconf 96' lang='lat'>(</span> <span class='ocrx_word' id='word_1_9' title='bbox 846 275 968 315; x_wconf 86' lang='lat' dir='ltr'>nam</span> <span class='ocrx_word' id='word_1_10' title='bbox 993 253 1222 326; x_wconf 89' lang='lat' dir='ltr'>idipsum</span> <span class='ocrx_word' id='word_1_11' title='bbox 1251 252 1262 272; x_wconf 91' lang='lat'><em>¹</em></span> <span class='ocrx_word' id='word_1_12' title='bbox 1288 254 1506 326; x_wconf 87' lang='lat' dir='ltr'>quando</span> <span class='ocrx_word' id='word_1_13' title='bbox 1530 257 1868 325; x_wconf 83' lang='lat' dir='ltr'>contingit!)</span> <span class='ocrx_word' id='word_1_14' title='bbox 1904 255 2066 312; x_wconf 84' lang='lat' dir='ltr'>dehis</span> <span class='ocrx_word' id='word_1_15' title='bbox 2081 272 2308 328; x_wconf 84' lang='lat' dir='ltr'>occupa-</span> 
     </span>
     <span class='ocr_line' id='line_1_4' title="bbox 204 326 2306 413; baseline -0.008 -14"><span class='ocrx_word' id='word_1_16' title='bbox 204 342 442 399; x_wconf 73' lang='lat' dir='ltr'>tionibus</span> <span class='ocrx_word' id='word_1_17' title='bbox 480 339 623 413; x_wconf 90' lang='lat' dir='ltr'>apud</span> <span class='ocrx_word' id='word_1_18' title='bbox 660 335 974 407; x_wconf 78' lang='lat' dir='ltr'>Euphraten</span> <span class='ocrx_word' id='word_1_19' title='bbox 1002 329 1173 401; x_wconf 89' lang='lat' dir='ltr'>queri.</span> <span class='ocrx_word' id='word_1_20' title='bbox 1248 326 1339 382; x_wconf 85' lang='lat' dir='ltr'>llle</span> <span class='ocrx_word' id='word_1_21' title='bbox 1368 344 1454 381; x_wconf 90' lang='lat' dir='ltr'>me</span> <span class='ocrx_word' id='word_1_22' title='bbox 1480 327 1814 389; x_wconf 77' lang='lat' dir='ltr'>consolatur-3</span> <span class='ocrx_word' id='word_1_23' title='bbox 1856 329 2087 384; x_wconf 84' lang='lat' dir='ltr'>affirmat</span> <span class='ocrx_word' id='word_1_24' title='bbox 2114 333 2306 394; x_wconf 78' lang='lat' dir='ltr'>etiam,</span> 
     </span>
     <span class='ocr_line' id='line_1_5' title="bbox 201 400 2306 486; baseline -0.013 -13"><span class='ocrx_word' id='word_1_25' title='bbox 201 415 309 471; x_wconf 81' lang='lat' dir='ltr'>effe</span> <span class='ocrx_word' id='word_1_26' title='bbox 341 408 884 486; x_wconf 86' lang='lat' dir='ltr'>hancphilosophiae,</span> <span class='ocrx_word' id='word_1_27' title='bbox 924 404 981 458; x_wconf 60' lang='grc' dir='ltr'>ὃ(</span> <span class='ocrx_word' id='word_1_28' title='bbox 1011 402 1233 475; x_wconf 84' lang='lat' dir='ltr'>quidem</span> <span class='ocrx_word' id='word_1_29' title='bbox 1261 400 1677 470; x_wconf 83' lang='lat' dir='ltr'>pulcherrimam</span> <span class='ocrx_word' id='word_1_30' title='bbox 1694 413 1927 471; x_wconf 86' lang='lat' dir='ltr'>partem,</span> <span class='ocrx_word' id='word_1_31' title='bbox 1966 419 2123 472; x_wconf 84' lang='lat' dir='ltr'>agere</span> <span class='ocrx_word' id='word_1_32' title='bbox 2137 420 2306 472; x_wconf 81' lang='lat' dir='ltr'>nego-</span> 
     </span>
     <span class='ocr_line' id='line_1_6' title="bbox 203 473 2304 560; baseline -0.009 -14"><span class='ocrx_word' id='word_1_33' title='bbox 203 491 341 545; x_wconf 86' lang='lat' dir='ltr'>tium</span> <span class='ocrx_word' id='word_1_34' title='bbox 377 488 652 560; x_wconf 85' lang='lat' dir='ltr'>publicum</span> <span class='ocrx_word' id='word_1_35' title='bbox 679 521 695 546; x_wconf 93' lang='lat'>‚</span> <span class='ocrx_word' id='word_1_36' title='bbox 744 478 1076 551; x_wconf 83' lang='lat' dir='ltr'>cognoscere</span> <span class='ocrx_word' id='word_1_37' title='bbox 1104 514 1121 541; x_wconf 88' lang='lat'>,</span> <span class='ocrx_word' id='word_1_38' title='bbox 1160 474 1395 544; x_wconf 84' lang='lat' dir='ltr'>judicare</span> <span class='ocrx_word' id='word_1_39' title='bbox 1419 514 1434 538; x_wconf 89' lang='lat'>‚</span> <span class='ocrx_word' id='word_1_40' title='bbox 1472 491 1756 546; x_wconf 82' lang='lat' dir='ltr'>promere,</span> <span class='ocrx_word' id='word_1_41' title='bbox 1794 473 1849 526; x_wconf 73' lang='grc' dir='ltr'>δε</span> <span class='ocrx_word' id='word_1_42' title='bbox 1876 491 2133 529; x_wconf 81' lang='lat' dir='ltr'>exercere</span> <span class='ocrx_word' id='word_1_43' title='bbox 2157 475 2304 545; x_wconf 84' lang='lat' dir='ltr'>justi-</span> 
     </span>
     <span class='ocr_line' id='line_1_7' title="bbox 203 546 2304 631; baseline -0.008 -13"><span class='ocrx_word' id='word_1_44' title='bbox 203 565 362 627; x_wconf 86' lang='lat' dir='ltr'>tiam,</span> <span class='ocrx_word' id='word_1_45' title='bbox 403 566 418 584; x_wconf 83' lang='lat'>²</span> <span class='ocrx_word' id='word_1_46' title='bbox 441 573 683 631; x_wconf 87' lang='lat' dir='ltr'>quaeque</span> <span class='ocrx_word' id='word_1_47' title='bbox 708 553 801 625; x_wconf 90' lang='lat' dir='ltr'>ipfi</span> <span class='ocrx_word' id='word_1_48' title='bbox 827 552 1088 610; x_wconf 83' lang='lat' dir='ltr'>doceant,</span> <span class='ocrx_word' id='word_1_49' title='bbox 1130 551 1185 605; x_wconf 90' lang='lat' dir='ltr'>in</span> <span class='ocrx_word' id='word_1_50' title='bbox 1214 548 1307 603; x_wconf 87' lang='lat' dir='ltr'>usu</span> <span class='ocrx_word' id='word_1_51' title='bbox 1341 547 1556 603; x_wconf 80' lang='lat' dir='ltr'>habere.</span> <span class='ocrx_word' id='word_1_52' title='bbox 1611 546 1757 603; x_wconf 83' lang='lat' dir='ltr'>Mihi</span> <span class='ocrx_word' id='word_1_53' title='bbox 1784 561 1964 602; x_wconf 90' lang='lat' dir='ltr'>tamen</span> <span class='ocrx_word' id='word_1_54' title='bbox 1991 548 2097 602; x_wconf 87' lang='lat' dir='ltr'>hoc</span> <span class='ocrx_word' id='word_1_55' title='bbox 2136 565 2304 602; x_wconf 90' lang='lat' dir='ltr'>unum</span> 
     </span>
     <span class='ocr_line' id='line_1_8' title="bbox 205 621 2309 704; baseline -0.008 -13"><span class='ocrx_word' id='word_1_56' title='bbox 205 654 317 693; x_wconf 89' lang='lat' dir='ltr'>non</span> <span class='ocrx_word' id='word_1_57' title='bbox 347 631 623 704; x_wconf 78' lang='lat' dir='ltr'>persuadet</span> <span class='ocrx_word' id='word_1_58' title='bbox 648 669 664 694; x_wconf 88' lang='lat'><strong>,</strong></span> <span class='ocrx_word' id='word_1_59' title='bbox 715 629 871 682; x_wconf 81' lang='lat' dir='ltr'>satius</span> <span class='ocrx_word' id='word_1_60' title='bbox 904 625 1007 680; x_wconf 85' lang='lat' dir='ltr'>ess&#39;e</span> <span class='ocrx_word' id='word_1_61' title='bbox 1035 623 1128 678; x_wconf 85' lang='lat' dir='ltr'>ista</span> <span class='ocrx_word' id='word_1_62' title='bbox 1151 624 1327 678; x_wconf 86' lang='lat' dir='ltr'>facere</span> <span class='ocrx_word' id='word_1_63' title='bbox 1356 661 1370 686; x_wconf 83' lang='lat'><strong>,</strong></span> <span class='ocrx_word' id='word_1_64' title='bbox 1431 639 1592 694; x_wconf 80' lang='lat' dir='ltr'>quam</span> <span class='ocrx_word' id='word_1_65' title='bbox 1621 638 1748 675; x_wconf 91' lang='lat' dir='ltr'>cum</span> <span class='ocrx_word' id='word_1_66' title='bbox 1774 622 1865 675; x_wconf 89' lang='lat' dir='ltr'>illo</span> <span class='ocrx_word' id='word_1_67' title='bbox 1893 621 2008 676; x_wconf 89' lang='lat' dir='ltr'>dies</span> <span class='ocrx_word' id='word_1_68' title='bbox 2035 633 2180 674; x_wconf 85' lang='lat' dir='ltr'>totos</span> <span class='ocrx_word' id='word_1_69' title='bbox 2216 639 2309 675; x_wconf 90' lang='lat' dir='ltr'>au-</span> 
     </span>
    </p>
   </div>
   <div class='ocr_carea' id='block_1_4' title="bbox 207 697 1206 773">
    <p class='ocr_par' dir='ltr' id='par_1_4' title="bbox 207 697 1206 773">
     <span class='ocr_line' id='line_1_9' title="bbox 207 697 1206 773; baseline -0.017 -10"><span class='ocrx_word' id='word_1_70' title='bbox 207 705 436 769; x_wconf 83' lang='lat' dir='ltr'>diendo,</span> <span class='ocrx_word' id='word_1_71' title='bbox 475 703 840 773; x_wconf 88' lang='lat' dir='ltr'>discendoque</span> <span class='ocrx_word' id='word_1_72' title='bbox 869 697 1206 754; x_wconf 81' lang='lat' dir='ltr'>consumere.</span> 
     </span>
    </p>
   </div>
   <div class='ocr_carea' id='block_1_5' title="bbox 1267 693 2300 768">
    <p class='ocr_par' dir='ltr' id='par_1_5' title="bbox 1267 693 2300 768">
     <span class='ocr_line' id='line_1_10' title="bbox 1267 693 2300 768; baseline -0.003 -19"><span class='ocrx_word' id='word_1_73' title='bbox 1267 695 1399 768; x_wconf 87' lang='lat' dir='ltr'>Quo</span> <span class='ocrx_word' id='word_1_74' title='bbox 1429 695 1595 765; x_wconf 80' lang='lat' dir='ltr'>magis</span> <span class='ocrx_word' id='word_1_75' title='bbox 1628 708 1710 758; x_wconf 92' lang='lat' dir='ltr'>te,</span> <span class='ocrx_word' id='word_1_76' title='bbox 1750 694 1838 749; x_wconf 87' lang='lat' dir='ltr'>cui</span> <span class='ocrx_word' id='word_1_77' title='bbox 1864 707 2041 757; x_wconf 85' lang='lat' dir='ltr'>vacat,</span> <span class='ocrx_word' id='word_1_78' title='bbox 2079 693 2300 756; x_wconf 90' lang='lat' dir='ltr'>hortor,</span> 
     </span>
    </p>
   </div>
   <div class='ocr_carea' id='block_1_6' title="bbox 205 766 2310 849">
    <p class='ocr_par' dir='ltr' id='par_1_6' title="bbox 205 766 2310 849">
     <span class='ocr_line' id='line_1_11' title="bbox 205 766 2310 849; baseline -0.008 -13"><span class='ocrx_word' id='word_1_79' title='bbox 205 796 328 836; x_wconf 88' lang='lat' dir='ltr'>cum</span> <span class='ocrx_word' id='word_1_80' title='bbox 361 780 416 832; x_wconf 93' lang='lat' dir='ltr'>in</span> <span class='ocrx_word' id='word_1_81' title='bbox 451 778 641 834; x_wconf 83' lang='lat' dir='ltr'>urbem</span> <span class='ocrx_word' id='word_1_82' title='bbox 675 775 926 849; x_wconf 81' lang='lat' dir='ltr'>proxime</span> <span class='ocrx_word' id='word_1_83' title='bbox 964 770 1171 828; x_wconf 90' lang='lat' dir='ltr'>veneris</span> <span class='ocrx_word' id='word_1_84' title='bbox 1221 769 1436 840; x_wconf 85' lang='lat' dir='ltr'>(venias</span> <span class='ocrx_word' id='word_1_85' title='bbox 1461 782 1643 824; x_wconf 83' lang='lat' dir='ltr'>autem</span> <span class='ocrx_word' id='word_1_86' title='bbox 1671 767 1741 823; x_wconf 90' lang='lat' dir='ltr'>ob</span> <span class='ocrx_word' id='word_1_87' title='bbox 1768 768 1874 823; x_wconf 89' lang='lat' dir='ltr'>hoc</span> <span class='ocrx_word' id='word_1_88' title='bbox 1901 768 2191 830; x_wconf 86' lang='lat' dir='ltr'>maturius&gt;</span> <span class='ocrx_word' id='word_1_89' title='bbox 2233 766 2310 820; x_wconf 84' lang='lat' dir='ltr'>illi</span> 
     </span>
    </p>
   </div>
   <div class='ocr_carea' id='block_1_7' title="bbox 2252 851 2308 894">
    <p class='ocr_par' dir='ltr' id='par_1_7' title="bbox 2252 851 2308 894">
     <span class='ocr_line' id='line_1_12' title="bbox 2252 851 2308 894; baseline 0.054 -3"><span class='ocrx_word' id='word_1_90' title='bbox 2252 851 2308 894; x_wconf 77' lang='lat' dir='ltr'>te</span> 
     </span>
    </p>
   </div>
   <div class='ocr_carea' id='block_1_8' title="bbox 193 986 2309 1300">
    <p class='ocr_par' dir='ltr' id='par_1_8' title="bbox 193 986 2309 1300">
     <span class='ocr_line' id='line_1_13' title="bbox 201 986 2306 1044; baseline -0.002 -14"><span class='ocrx_word' id='word_1_91' title='bbox 201 988 246 1034; x_wconf 61' lang='grc' dir='ltr'>’φ’</span> <span class='ocrx_word' id='word_1_92' title='bbox 264 991 359 1031; x_wconf 61' lang='lat' dir='ltr'>lectio</span> <span class='ocrx_word' id='word_1_93' title='bbox 381 1002 554 1032; x_wconf 82' lang='lat' dir='ltr'>veterum.</span> <span class='ocrx_word' id='word_1_94' title='bbox 606 993 740 1044; x_wconf 74' lang='lat' dir='ltr'>Caesar</span> <span class='ocrx_word' id='word_1_95' title='bbox 757 991 895 1043; x_wconf 82' lang='lat' dir='ltr'>quidem</span> <span class='ocrx_word' id='word_1_96' title='bbox 910 990 1048 1042; x_wconf 87' lang='lat' dir='ltr'>solum,</span> <span class='ocrx_word' id='word_1_97' title='bbox 1073 987 1228 1041; x_wconf 77' lang='lat' dir='ltr'>&amp;quasi</span> <span class='ocrx_word' id='word_1_98' title='bbox 1269 999 1350 1028; x_wconf 91' lang='lat' dir='ltr'>non</span> <span class='ocrx_word' id='word_1_99' title='bbox 1376 987 1673 1032; x_wconf 89' lang='lat' dir='ltr'>consuetudine,</span> <span class='ocrx_word' id='word_1_100' title='bbox 1702 989 1872 1037; x_wconf 88' lang='lat' dir='ltr'>utprius,</span> <span class='ocrx_word' id='word_1_101' title='bbox 1900 987 1962 1028; x_wconf 90' lang='lat' dir='ltr'>sed</span> <span class='ocrx_word' id='word_1_102' title='bbox 1971 986 2306 1037; x_wconf 74' lang='lat' dir='ltr'>grammaticorum</span> 
     </span>
     <span class='ocr_line' id='line_1_14' title="bbox 193 1038 2308 1092; baseline -0.004 -11"><span class='ocrx_word' id='word_1_103' title='bbox 193 1046 475 1092; x_wconf 73' lang='lat' dir='ltr'>fundamentum</span> <span class='ocrx_word' id='word_1_104' title='bbox 508 1045 665 1083; x_wconf 80' lang='lat' dir='ltr'>oratoris.</span> <span class='ocrx_word' id='word_1_105' title='bbox 694 1045 793 1082; x_wconf 84' lang='lat' dir='ltr'>vides</span> <span class='ocrx_word' id='word_1_106' title='bbox 822 1044 1042 1082; x_wconf 80' lang='lat' dir='ltr'>elocutionem</span> <span class='ocrx_word' id='word_1_107' title='bbox 1063 1041 1226 1079; x_wconf 85' lang='lat' dir='ltr'>emenda·</span> <span class='ocrx_word' id='word_1_108' title='bbox 1274 1041 1478 1089; x_wconf 86' lang='lat' dir='ltr'>praeceptis</span> <span class='ocrx_word' id='word_1_109' title='bbox 1493 1040 1613 1079; x_wconf 85' lang='lat' dir='ltr'>literas</span> <span class='ocrx_word' id='word_1_110' title='bbox 1634 1039 1820 1079; x_wconf 76' lang='lat' dir='ltr'>discebant</span> <span class='ocrx_word' id='word_1_111' title='bbox 1840 1042 2030 1085; x_wconf 82' lang='lat' dir='ltr'>Romani,</span> <span class='ocrx_word' id='word_1_112' title='bbox 2060 1038 2308 1077; x_wconf 85' lang='lat' dir='ltr'>dixitaerum-</span> 
     </span>
     <span class='ocr_line' id='line_1_15' title="bbox 202 1088 2307 1146; baseline -0.003 -14"><span class='ocrx_word' id='word_1_113' title='bbox 202 1106 282 1132; x_wconf 78' lang='lat' dir='ltr'>tam</span> <span class='ocrx_word' id='word_1_114' title='bbox 303 1108 346 1136; x_wconf 63' lang='grc' dir='ltr'>ω’</span> <span class='ocrx_word' id='word_1_115' title='bbox 370 1096 559 1141; x_wconf 83' lang='lat' dir='ltr'>Latinam,</span> <span class='ocrx_word' id='word_1_116' title='bbox 587 1097 684 1144; x_wconf 76' lang='lat' dir='ltr'>cujtts</span> <span class='ocrx_word' id='word_1_117' title='bbox 699 1105 795 1145; x_wconf 81' lang='lat' dir='ltr'>penes</span> <span class='ocrx_word' id='word_1_118' title='bbox 814 1108 896 1146; x_wconf 83' lang='lat' dir='ltr'>quos</span> <span class='ocrx_word' id='word_1_119' title='bbox 919 1093 1200 1139; x_wconf 83' lang='lat' dir='ltr'>lausadhucfuit</span> <span class='ocrx_word' id='word_1_120' title='bbox 1214 1120 1225 1137; x_wconf 94' lang='lat'><strong>,</strong></span> <span class='ocrx_word' id='word_1_121' title='bbox 1275 1092 1351 1130; x_wconf 82' lang='lat' dir='ltr'>nali</span> <span class='ocrx_word' id='word_1_122' title='bbox 1367 1091 1505 1130; x_wconf 84' lang='lat' dir='ltr'>labore.-</span> <span class='ocrx_word' id='word_1_123' title='bbox 1533 1093 1570 1130; x_wconf 73' lang='lat' dir='ltr'>il</span> <span class='ocrx_word' id='word_1_124' title='bbox 1593 1101 1720 1130; x_wconf 79' lang='lat' dir='ltr'>tamen</span> <span class='ocrx_word' id='word_1_125' title='bbox 1742 1103 1818 1130; x_wconf 84' lang='lat' dir='ltr'>non</span> <span class='ocrx_word' id='word_1_126' title='bbox 1839 1091 2046 1130; x_wconf 86' lang='lat' dir='ltr'>admodum</span> <span class='ocrx_word' id='word_1_127' title='bbox 2062 1089 2227 1128; x_wconf 77' lang='lat' dir='ltr'>mirabile</span> <span class='ocrx_word' id='word_1_128' title='bbox 2241 1116 2251 1135; x_wconf 88' lang='lat'><em>‚</em></span> <span class='ocrx_word' id='word_1_129' title='bbox 2279 1088 2307 1127; x_wconf 81' lang='lat' dir='ltr'><strong>fi</strong></span> 
     </span>
     <span class='ocr_line' id='line_1_16' title="bbox 205 1142 2309 1197; baseline -0.003 -14"><span class='ocrx_word' id='word_1_130' title='bbox 205 1158 275 1183; x_wconf 83' lang='lat' dir='ltr'>non</span> <span class='ocrx_word' id='word_1_131' title='bbox 296 1147 367 1191; x_wconf 72' lang='lat' dir='ltr'>fuit</span> <span class='ocrx_word' id='word_1_132' title='bbox 395 1146 542 1184; x_wconf 82' lang='lat' dir='ltr'>rationis</span> <span class='ocrx_word' id='word_1_133' title='bbox 562 1158 625 1183; x_wconf 87' lang='lat' dir='ltr'>aut</span> <span class='ocrx_word' id='word_1_134' title='bbox 638 1148 822 1193; x_wconf 76' lang='lat' dir='ltr'>scientiae,</span> <span class='ocrx_word' id='word_1_135' title='bbox 842 1145 907 1196; x_wconf 81' lang='lat' dir='ltr'>sed</span> <span class='ocrx_word' id='word_1_136' title='bbox 925 1143 1137 1197; x_wconf 83' lang='lat' dir='ltr'>quafibonae</span> <span class='ocrx_word' id='word_1_137' title='bbox 1148 1156 1223 1181; x_wconf 82' lang='lat' dir='ltr'>con·</span> <span class='ocrx_word' id='word_1_138' title='bbox 1273 1143 1454 1192; x_wconf 86' lang='lat' dir='ltr'>Apuleius</span> <span class='ocrx_word' id='word_1_139' title='bbox 1473 1156 1537 1193; x_wconf 89' lang='lat' dir='ltr'>per</span> <span class='ocrx_word' id='word_1_140' title='bbox 1554 1143 1590 1182; x_wconf 92' lang='lat' dir='ltr'>se</span> <span class='ocrx_word' id='word_1_141' title='bbox 1609 1144 1727 1183; x_wconf 75' lang='lat' dir='ltr'>literas</span> <span class='ocrx_word' id='word_1_142' title='bbox 1749 1143 1900 1181; x_wconf 79' lang='lat' dir='ltr'>Latinas</span> <span class='ocrx_word' id='word_1_143' title='bbox 1921 1142 2080 1187; x_wconf 89' lang='lat' dir='ltr'>didicit,</span> <span class='ocrx_word' id='word_1_144' title='bbox 2124 1152 2210 1179; x_wconf 90' lang='lat' dir='ltr'>cum</span> <span class='ocrx_word' id='word_1_145' title='bbox 2236 1151 2309 1178; x_wconf 90' lang='lat' dir='ltr'>no-</span> 
     </span>
     <span class='ocr_line' id='line_1_17' title="bbox 199 1193 2309 1247; baseline -0.002 -14"><span class='ocrx_word' id='word_1_146' title='bbox 199 1197 407 1247; x_wconf 78' lang='lat' dir='ltr'>suetudinis.</span> <span class='ocrx_word' id='word_1_147' title='bbox 461 1199 571 1235; x_wconf 85' lang='lat' dir='ltr'>Mitto</span> <span class='ocrx_word' id='word_1_148' title='bbox 599 1203 641 1237; x_wconf 89' lang='lat' dir='ltr'>C.</span> <span class='ocrx_word' id='word_1_149' title='bbox 663 1199 820 1236; x_wconf 73' lang='lat' dir='ltr'>Laelium</span> <span class='ocrx_word' id='word_1_150' title='bbox 835 1226 844 1242; x_wconf 94' lang='lat'>‚</span> <span class='ocrx_word' id='word_1_151' title='bbox 874 1203 914 1234; x_wconf 90' lang='lat' dir='ltr'>P.</span> <span class='ocrx_word' id='word_1_152' title='bbox 936 1196 1142 1245; x_wconf 82' lang='lat' dir='ltr'>Scipionem:</span> <span class='ocrx_word' id='word_1_153' title='bbox 1170 1207 1226 1232; x_wconf 89' lang='lat' dir='ltr'>ae·</span> <span class='ocrx_word' id='word_1_154' title='bbox 1270 1194 1335 1233; x_wconf 80' lang='lat' dir='ltr'>stra</span> <span class='ocrx_word' id='word_1_155' title='bbox 1354 1196 1572 1244; x_wconf 83' lang='lat' dir='ltr'>tempestate</span> <span class='ocrx_word' id='word_1_156' title='bbox 1593 1194 1813 1233; x_wconf 69' lang='lat' dir='ltr'>Benedictus</span> <span class='ocrx_word' id='word_1_157' title='bbox 1832 1194 1962 1242; x_wconf 79' lang='lat' dir='ltr'>Jovius</span> <span class='ocrx_word' id='word_1_158' title='bbox 1984 1193 2097 1231; x_wconf 90' lang='lat' dir='ltr'>Comi</span> <span class='ocrx_word' id='word_1_159' title='bbox 2118 1200 2223 1230; x_wconf 82' lang='lat' dir='ltr'>natus</span> <span class='ocrx_word' id='word_1_160' title='bbox 2242 1201 2309 1240; x_wconf 83' lang='lat' dir='ltr'>pet</span> 
     </span>
     <span class='ocr_line' id='line_1_18' title="bbox 204 1242 2307 1300; baseline -0.002 -14"><span class='ocrx_word' id='word_1_161' title='bbox 204 1249 292 1287; x_wconf 81' lang='lat' dir='ltr'>tatis</span> <span class='ocrx_word' id='word_1_162' title='bbox 311 1250 405 1287; x_wconf 82' lang='lat' dir='ltr'>illius</span> <span class='ocrx_word' id='word_1_163' title='bbox 424 1248 574 1297; x_wconf 77' lang='lat' dir='ltr'>islafuit</span> <span class='ocrx_word' id='word_1_164' title='bbox 596 1250 672 1287; x_wconf 84' lang='lat' dir='ltr'>laus</span> <span class='ocrx_word' id='word_1_165' title='bbox 689 1261 865 1300; x_wconf 75' lang='lat' dir='ltr'>tanquam</span> <span class='ocrx_word' id='word_1_166' title='bbox 894 1248 1132 1290; x_wconf 79' lang='lat' dir='ltr'>innocentiae,</span> <span class='ocrx_word' id='word_1_167' title='bbox 1161 1251 1227 1282; x_wconf 87' lang='lat' dir='ltr'>La·</span> <span class='ocrx_word' id='word_1_168' title='bbox 1270 1245 1305 1283; x_wconf 86' lang='lat' dir='ltr'>se</span> <span class='ocrx_word' id='word_1_169' title='bbox 1332 1247 1492 1285; x_wconf 83' lang='lat' dir='ltr'>Graecas</span> <span class='ocrx_word' id='word_1_170' title='bbox 1521 1244 1723 1284; x_wconf 82' lang='lat' dir='ltr'>edidicerit.</span> <span class='ocrx_word' id='word_1_171' title='bbox 1777 1245 1896 1293; x_wconf 85' lang='lat' dir='ltr'>Quod</span> <span class='ocrx_word' id='word_1_172' title='bbox 1925 1254 2051 1283; x_wconf 87' lang='lat' dir='ltr'>autem</span> <span class='ocrx_word' id='word_1_173' title='bbox 2086 1244 2143 1282; x_wconf 88' lang='lat' dir='ltr'>M.</span> <span class='ocrx_word' id='word_1_174' title='bbox 2166 1242 2220 1282; x_wconf 89' lang='lat' dir='ltr'>T.</span> <span class='ocrx_word' id='word_1_175' title='bbox 2247 1253 2307 1282; x_wconf 84' lang='lat' dir='ltr'>tt.</span> 
     </span>
    </p>
   </div>
   <div class='ocr_carea' id='block_1_9' title="bbox 204 1297 1235 3024">
    <p class='ocr_par' dir='ltr' id='par_1_9' title="bbox 204 1297 1235 3024">
     <span class='ocr_line' id='line_1_19' title="bbox 204 1297 1226 1351; baseline -0.004 -13"><span class='ocrx_word' id='word_1_176' title='bbox 204 1301 278 1338; x_wconf 79' lang='lat' dir='ltr'>tine</span> <span class='ocrx_word' id='word_1_177' title='bbox 302 1300 466 1351; x_wconf 75' lang='lat' dir='ltr'>loquendi</span> <span class='ocrx_word' id='word_1_178' title='bbox 484 1328 494 1343; x_wconf 86' lang='lat'><strong>‚</strong></span> <span class='ocrx_word' id='word_1_179' title='bbox 541 1313 599 1338; x_wconf 78' lang='lat' dir='ltr'>nec</span> <span class='ocrx_word' id='word_1_180' title='bbox 621 1301 778 1338; x_wconf 84' lang='lat' dir='ltr'>omnium</span> <span class='ocrx_word' id='word_1_181' title='bbox 798 1311 917 1337; x_wconf 83' lang='lat' dir='ltr'>tamen</span> <span class='ocrx_word' id='word_1_182' title='bbox 937 1315 947 1336; x_wconf 92' lang='lat'>.·</span> <span class='ocrx_word' id='word_1_183' title='bbox 977 1311 1064 1335; x_wconf 84' lang='lat' dir='ltr'>nam</span> <span class='ocrx_word' id='word_1_184' title='bbox 1084 1297 1226 1335; x_wconf 80' lang='lat' dir='ltr'>illorum</span> 
     </span>
     <span class='ocr_line' id='line_1_20' title="bbox 204 1349 1226 1401; baseline -0.002 -14"><span class='ocrx_word' id='word_1_185' title='bbox 204 1352 365 1401; x_wconf 80' lang='lat' dir='ltr'>aequales</span> <span class='ocrx_word' id='word_1_186' title='bbox 386 1352 547 1390; x_wconf 74' lang='lat' dir='ltr'>Caelium</span> <span class='ocrx_word' id='word_1_187' title='bbox 567 1361 611 1390; x_wconf 69' lang='grc'>(9·</span> <span class='ocrx_word' id='word_1_188' title='bbox 634 1352 829 1389; x_wconf 78' lang='lat' dir='ltr'>Pacuvium</span> <span class='ocrx_word' id='word_1_189' title='bbox 851 1379 861 1396; x_wconf 96' lang='lat'><strong>‚</strong></span> <span class='ocrx_word' id='word_1_190' title='bbox 888 1351 983 1389; x_wconf 85' lang='lat' dir='ltr'>male</span> <span class='ocrx_word' id='word_1_191' title='bbox 1014 1350 1141 1387; x_wconf 81' lang='lat' dir='ltr'>locutos</span> <span class='ocrx_word' id='word_1_192' title='bbox 1168 1349 1226 1385; x_wconf 81' lang='lat' dir='ltr'>vi-</span> 
     </span>
     <span class='ocr_line' id='line_1_21' title="bbox 208 1402 1227 1452; baseline -0.003 -14"><span class='ocrx_word' id='word_1_193' title='bbox 208 1402 341 1442; x_wconf 76' lang='lat' dir='ltr'>demus.</span> <span class='ocrx_word' id='word_1_194' title='bbox 394 1409 516 1440; x_wconf 82' lang='lat' dir='ltr'>Verum</span> <span class='ocrx_word' id='word_1_195' title='bbox 537 1416 652 1440; x_wconf 83' lang='lat' dir='ltr'>omnes</span> <span class='ocrx_word' id='word_1_196' title='bbox 670 1414 748 1441; x_wconf 80' lang='lat' dir='ltr'>tum</span> <span class='ocrx_word' id='word_1_197' title='bbox 759 1405 836 1451; x_wconf 86' lang='lat' dir='ltr'>fere</span> <span class='ocrx_word' id='word_1_198' title='bbox 857 1430 868 1447; x_wconf 86' lang='lat'>‚</span> <span class='ocrx_word' id='word_1_199' title='bbox 897 1404 956 1452; x_wconf 88' lang='lat' dir='ltr'>qui</span> <span class='ocrx_word' id='word_1_200' title='bbox 975 1414 1033 1438; x_wconf 85' lang='lat' dir='ltr'>nec</span> <span class='ocrx_word' id='word_1_201' title='bbox 1045 1411 1149 1438; x_wconf 86' lang='lat' dir='ltr'>extra</span> <span class='ocrx_word' id='word_1_202' title='bbox 1168 1413 1227 1437; x_wconf 86' lang='lat' dir='ltr'>ur-</span> 
     </span>
     <span class='ocr_line' id='line_1_22' title="bbox 208 1451 1228 1501; baseline -0.001 -13"><span class='ocrx_word' id='word_1_203' title='bbox 208 1451 287 1490; x_wconf 80' lang='lat' dir='ltr'>bem</span> <span class='ocrx_word' id='word_1_204' title='bbox 309 1454 400 1491; x_wconf 83' lang='lat' dir='ltr'>hanc</span> <span class='ocrx_word' id='word_1_205' title='bbox 421 1455 610 1499; x_wconf 79' lang='lat' dir='ltr'>vixerant,</span> <span class='ocrx_word' id='word_1_206' title='bbox 638 1467 696 1491; x_wconf 86' lang='lat' dir='ltr'>nec</span> <span class='ocrx_word' id='word_1_207' title='bbox 729 1468 781 1492; x_wconf 75' lang='lat' dir='ltr'>eos</span> <span class='ocrx_word' id='word_1_208' title='bbox 811 1454 936 1501; x_wconf 81' lang='lat' dir='ltr'>aliqua</span> <span class='ocrx_word' id='word_1_209' title='bbox 963 1451 1140 1489; x_wconf 77' lang='lat' dir='ltr'>barbaries</span> <span class='ocrx_word' id='word_1_210' title='bbox 1170 1451 1228 1487; x_wconf 85' lang='lat' dir='ltr'>do-</span> 
     </span>
     <span class='ocr_line' id='line_1_23' title="bbox 207 1501 1228 1554; baseline -0.006 -12"><span class='ocrx_word' id='word_1_211' title='bbox 207 1505 346 1544; x_wconf 61' lang='lat' dir='ltr'>medica</span> <span class='ocrx_word' id='word_1_212' title='bbox 360 1506 604 1553; x_wconf 76' lang='lat' dir='ltr'>infuscaverat</span> <span class='ocrx_word' id='word_1_213' title='bbox 617 1533 626 1549; x_wconf 93' lang='lat'>,</span> <span class='ocrx_word' id='word_1_214' title='bbox 655 1508 741 1542; x_wconf 55' lang='lat' dir='ltr'>reae</span> <span class='ocrx_word' id='word_1_215' title='bbox 761 1503 990 1554; x_wconf 80' lang='lat' dir='ltr'>loquebantur</span> <span class='ocrx_word' id='word_1_216' title='bbox 1012 1516 1021 1539; x_wconf 71' lang='grc' dir='ltr'>ε</span> <span class='ocrx_word' id='word_1_217' title='bbox 1059 1502 1120 1550; x_wconf 82' lang='lat' dir='ltr'>sed</span> <span class='ocrx_word' id='word_1_218' title='bbox 1138 1501 1228 1537; x_wconf 78' lang='lat' dir='ltr'>hanc</span> 
     </span>
     <span class='ocr_line' id='line_1_24' title="bbox 209 1551 1228 1599; baseline -0.002 -10"><span class='ocrx_word' id='word_1_219' title='bbox 209 1566 297 1590; x_wconf 81' lang='lat' dir='ltr'>certe</span> <span class='ocrx_word' id='word_1_220' title='bbox 315 1570 386 1592; x_wconf 86' lang='lat' dir='ltr'>rem</span> <span class='ocrx_word' id='word_1_221' title='bbox 411 1556 609 1591; x_wconf 82' lang='lat' dir='ltr'>deteriorem</span> <span class='ocrx_word' id='word_1_222' title='bbox 629 1555 782 1599; x_wconf 77' lang='lat' dir='ltr'>vetustas</span> <span class='ocrx_word' id='word_1_223' title='bbox 797 1553 879 1599; x_wconf 84' lang='lat' dir='ltr'>fecit</span> <span class='ocrx_word' id='word_1_224' title='bbox 895 1565 936 1591; x_wconf 69' lang='lat'>&lt;9-</span> <span class='ocrx_word' id='word_1_225' title='bbox 966 1558 1094 1589; x_wconf 85' lang='lat' dir='ltr'>Romae</span> <span class='ocrx_word' id='word_1_226' title='bbox 1120 1562 1164 1590; x_wconf 67' lang='grc' dir='ltr'>ω’</span> <span class='ocrx_word' id='word_1_227' title='bbox 1192 1551 1228 1587; x_wconf 78' lang='lat' dir='ltr'>in</span> 
     </span>
     <span class='ocr_line' id='line_1_25' title="bbox 210 1602 1232 1653; baseline -0.003 -13"><span class='ocrx_word' id='word_1_228' title='bbox 210 1605 371 1642; x_wconf 73' lang='lat' dir='ltr'>Graecia.</span> <span class='ocrx_word' id='word_1_229' title='bbox 425 1602 678 1653; x_wconf 79' lang='lat' dir='ltr'>Confluxerunt</span> <span class='ocrx_word' id='word_1_230' title='bbox 699 1603 790 1640; x_wconf 79' lang='lat' dir='ltr'>enim</span> <span class='ocrx_word' id='word_1_231' title='bbox 815 1602 977 1640; x_wconf 75' lang='lat' dir='ltr'>Athenas</span> <span class='ocrx_word' id='word_1_232' title='bbox 1006 1613 1050 1642; x_wconf 56' lang='grc' dir='ltr'>(θ’</span> <span class='ocrx_word' id='word_1_233' title='bbox 1075 1602 1113 1639; x_wconf 85' lang='lat' dir='ltr'>in</span> <span class='ocrx_word' id='word_1_234' title='bbox 1139 1603 1232 1638; x_wconf 87' lang='lat' dir='ltr'>hanc</span> 
     </span>
     <span class='ocr_line' id='line_1_26' title="bbox 209 1650 1221 1704; baseline -0.001 -13"><span class='ocrx_word' id='word_1_235' title='bbox 209 1653 332 1691; x_wconf 78' lang='lat' dir='ltr'>urbem</span> <span class='ocrx_word' id='word_1_236' title='bbox 354 1653 457 1692; x_wconf 78' lang='lat' dir='ltr'>multi</span> <span class='ocrx_word' id='word_1_237' title='bbox 481 1656 664 1704; x_wconf 71' lang='lat' dir='ltr'>inquinate</span> <span class='ocrx_word' id='word_1_238' title='bbox 683 1655 852 1704; x_wconf 86' lang='lat' dir='ltr'>loquentes</span> <span class='ocrx_word' id='word_1_239' title='bbox 879 1667 921 1691; x_wconf 81' lang='lat' dir='ltr'>ex</span> <span class='ocrx_word' id='word_1_240' title='bbox 946 1650 1092 1698; x_wconf 73' lang='lat' dir='ltr'>diversis</span> <span class='ocrx_word' id='word_1_241' title='bbox 1118 1652 1221 1690; x_wconf 83' lang='lat' dir='ltr'>locis.-</span> 
     </span>
     <span class='ocr_line' id='line_1_27' title="bbox 212 1701 1228 1756; baseline -0.002 -14"><span class='ocrx_word' id='word_1_242' title='bbox 212 1718 279 1756; x_wconf 74' lang='lat' dir='ltr'>quo</span> <span class='ocrx_word' id='word_1_243' title='bbox 306 1707 413 1754; x_wconf 76' lang='lat' dir='ltr'>magis</span> <span class='ocrx_word' id='word_1_244' title='bbox 439 1705 682 1755; x_wconf 77' lang='lat' dir='ltr'>expurgandus</span> <span class='ocrx_word' id='word_1_245' title='bbox 707 1705 752 1752; x_wconf 81' lang='lat' dir='ltr'>est</span> <span class='ocrx_word' id='word_1_246' title='bbox 773 1705 886 1752; x_wconf 74' lang='lat' dir='ltr'>sermo</span> <span class='ocrx_word' id='word_1_247' title='bbox 911 1732 921 1749; x_wconf 90' lang='lat'><strong><em>,</em></strong></span> <span class='ocrx_word' id='word_1_248' title='bbox 968 1714 1011 1743; x_wconf 72' lang='grc' dir='ltr'>ω’</span> <span class='ocrx_word' id='word_1_249' title='bbox 1027 1701 1228 1740; x_wconf 78' lang='lat' dir='ltr'>adhibenda</span> 
     </span>
     <span class='ocr_line' id='line_1_28' title="bbox 212 1751 1230 1806; baseline -0.003 -13"><span class='ocrx_word' id='word_1_250' title='bbox 212 1770 323 1804; x_wconf 75' lang='lat' dir='ltr'>quam</span> <span class='ocrx_word' id='word_1_251' title='bbox 343 1756 486 1806; x_wconf 84' lang='lat' dir='ltr'>abstersa</span> <span class='ocrx_word' id='word_1_252' title='bbox 504 1757 617 1801; x_wconf 81' lang='lat' dir='ltr'>ratio,</span> <span class='ocrx_word' id='word_1_253' title='bbox 645 1768 732 1805; x_wconf 87' lang='lat' dir='ltr'>quae</span> <span class='ocrx_word' id='word_1_254' title='bbox 761 1755 895 1793; x_wconf 85' lang='lat' dir='ltr'>mutari</span> <span class='ocrx_word' id='word_1_255' title='bbox 927 1767 994 1792; x_wconf 86' lang='lat' dir='ltr'>non</span> <span class='ocrx_word' id='word_1_256' title='bbox 1025 1751 1141 1801; x_wconf 81' lang='lat' dir='ltr'>pofflt‚</span> <span class='ocrx_word' id='word_1_257' title='bbox 1172 1766 1230 1791; x_wconf 76' lang='lat' dir='ltr'>noc</span> 
     </span>
     <span class='ocr_line' id='line_1_29' title="bbox 214 1805 1229 1858; baseline -0.004 -14"><span class='ocrx_word' id='word_1_258' title='bbox 214 1808 384 1844; x_wconf 80' lang='lat' dir='ltr'>utendum</span> <span class='ocrx_word' id='word_1_259' title='bbox 396 1807 599 1858; x_wconf 82' lang='lat' dir='ltr'>praviffima</span> <span class='ocrx_word' id='word_1_260' title='bbox 617 1807 867 1856; x_wconf 76' lang='lat' dir='ltr'>consuetudinis</span> <span class='ocrx_word' id='word_1_261' title='bbox 885 1805 1014 1854; x_wconf 78' lang='lat' dir='ltr'>regula.</span> <span class='ocrx_word' id='word_1_262' title='bbox 1032 1810 1068 1843; x_wconf 82' lang='lat' dir='ltr'>T.</span> <span class='ocrx_word' id='word_1_263' title='bbox 1100 1805 1229 1842; x_wconf 86' lang='lat' dir='ltr'>Flami-</span> 
     </span>
     <span class='ocr_line' id='line_1_30' title="bbox 219 1856 1223 1908; baseline -0.001 -15"><span class='ocrx_word' id='word_1_264' title='bbox 219 1859 339 1902; x_wconf 79' lang='lat' dir='ltr'>nium,</span> <span class='ocrx_word' id='word_1_265' title='bbox 369 1873 427 1907; x_wconf 84' lang='lat' dir='ltr'>qut</span> <span class='ocrx_word' id='word_1_266' title='bbox 446 1871 525 1895; x_wconf 80' lang='lat' dir='ltr'>cum</span> <span class='ocrx_word' id='word_1_267' title='bbox 545 1861 597 1908; x_wconf 57' lang='lat' dir='ltr'>§L</span> <span class='ocrx_word' id='word_1_268' title='bbox 614 1858 750 1896; x_wconf 86' lang='lat' dir='ltr'>Metello</span> <span class='ocrx_word' id='word_1_269' title='bbox 770 1857 882 1908; x_wconf 86' lang='lat' dir='ltr'>consul</span> <span class='ocrx_word' id='word_1_270' title='bbox 894 1857 970 1903; x_wconf 84' lang='lat' dir='ltr'>fuit</span> <span class='ocrx_word' id='word_1_271' title='bbox 983 1885 993 1902; x_wconf 93' lang='lat'>,</span> <span class='ocrx_word' id='word_1_272' title='bbox 1017 1856 1114 1906; x_wconf 80' lang='lat' dir='ltr'>pueri</span> <span class='ocrx_word' id='word_1_273' title='bbox 1133 1856 1223 1893; x_wconf 83' lang='lat' dir='ltr'>vidi-</span> 
     </span>
     <span class='ocr_line' id='line_1_31' title="bbox 219 1906 1230 1958; baseline 0 -14"><span class='ocrx_word' id='word_1_274' title='bbox 219 1920 296 1944; x_wconf 85' lang='lat' dir='ltr'>mus</span> <span class='ocrx_word' id='word_1_275' title='bbox 309 1935 318 1951; x_wconf 87' lang='lat'>,</span> <span class='ocrx_word' id='word_1_276' title='bbox 345 1909 609 1955; x_wconf 74' lang='lat' dir='ltr'>existimabatur</span> <span class='ocrx_word' id='word_1_277' title='bbox 627 1909 707 1946; x_wconf 87' lang='lat' dir='ltr'>bene</span> <span class='ocrx_word' id='word_1_278' title='bbox 728 1910 851 1946; x_wconf 81' lang='lat' dir='ltr'>Latine</span> <span class='ocrx_word' id='word_1_279' title='bbox 869 1908 961 1957; x_wconf 80' lang='lat' dir='ltr'>loqui</span> <span class='ocrx_word' id='word_1_280' title='bbox 980 1936 990 1952; x_wconf 88' lang='lat'>‚</span> <span class='ocrx_word' id='word_1_281' title='bbox 1020 1907 1084 1958; x_wconf 83' lang='lat' dir='ltr'>sed</span> <span class='ocrx_word' id='word_1_282' title='bbox 1112 1906 1230 1944; x_wconf 82' lang='lat' dir='ltr'>literas</span> 
     </span>
     <span class='ocr_line' id='line_1_32' title="bbox 219 1957 1230 2008; baseline 0.002 -15"><span class='ocrx_word' id='word_1_283' title='bbox 219 1957 396 2004; x_wconf 79' lang='lat' dir='ltr'>nesciebat.</span> <span class='ocrx_word' id='word_1_284' title='bbox 448 1964 504 1996; x_wconf 86' lang='lat' dir='ltr'>At</span> <span class='ocrx_word' id='word_1_285' title='bbox 524 1961 654 2008; x_wconf 82' lang='lat' dir='ltr'>Caesar</span> <span class='ocrx_word' id='word_1_286' title='bbox 674 1959 846 1997; x_wconf 84' lang='lat' dir='ltr'>rationem</span> <span class='ocrx_word' id='word_1_287' title='bbox 868 1959 1036 1997; x_wconf 82' lang='lat' dir='ltr'>adhibens</span> <span class='ocrx_word' id='word_1_288' title='bbox 1059 1986 1068 2001; x_wconf 85' lang='lat'><strong><em>‚</em></strong></span> <span class='ocrx_word' id='word_1_289' title='bbox 1096 1962 1230 2005; x_wconf 84' lang='lat' dir='ltr'>consue-</span> 
     </span>
     <span class='ocr_line' id='line_1_33' title="bbox 217 2008 1232 2060; baseline 0.002 -17"><span class='ocrx_word' id='word_1_290' title='bbox 217 2008 378 2045; x_wconf 76' lang='lat' dir='ltr'>tudinem</span> <span class='ocrx_word' id='word_1_291' title='bbox 398 2010 559 2058; x_wconf 81' lang='lat' dir='ltr'>vitiosam</span> <span class='ocrx_word' id='word_1_292' title='bbox 580 2021 623 2050; x_wconf 64' lang='grc' dir='ltr'>(φ’</span> <span class='ocrx_word' id='word_1_293' title='bbox 640 2021 837 2060; x_wconf 84' lang='lat' dir='ltr'>corruptam</span> <span class='ocrx_word' id='word_1_294' title='bbox 854 2021 944 2060; x_wconf 85' lang='lat' dir='ltr'>pura</span> <span class='ocrx_word' id='word_1_295' title='bbox 965 2022 1008 2049; x_wconf 66' lang='lat'>&amp;⁶</span> <span class='ocrx_word' id='word_1_296' title='bbox 1033 2010 1232 2059; x_wconf 85' lang='lat' dir='ltr'>incorrupta</span> 
     </span>
     <span class='ocr_line' id='line_1_34' title="bbox 216 2060 1230 2110; baseline 0.003 -16"><span class='ocrx_word' id='word_1_297' title='bbox 216 2060 455 2106; x_wconf 77' lang='lat' dir='ltr'>consuetudine</span> <span class='ocrx_word' id='word_1_298' title='bbox 472 2062 646 2098; x_wconf 83' lang='lat' dir='ltr'>emendat.</span> <span class='ocrx_word' id='word_1_299' title='bbox 693 2062 911 2100; x_wconf 78' lang='lat' dir='ltr'>Declaratur</span> <span class='ocrx_word' id='word_1_300' title='bbox 928 2073 1017 2110; x_wconf 83' lang='lat' dir='ltr'>ergo</span> <span class='ocrx_word' id='word_1_301' title='bbox 1040 2060 1166 2098; x_wconf 82' lang='lat' dir='ltr'>Latine</span> <span class='ocrx_word' id='word_1_302' title='bbox 1185 2060 1230 2097; x_wconf 85' lang='lat' dir='ltr'>lo·</span> 
     </span>
     <span class='ocr_line' id='line_1_35' title="bbox 221 2110 1232 2167; baseline 0.003 -21"><span class='ocrx_word' id='word_1_303' title='bbox 221 2110 304 2167; x_wconf 72' lang='lat' dir='ltr'>qtei,</span> <span class='ocrx_word' id='word_1_304' title='bbox 328 2111 412 2148; x_wconf 81' lang='lat' dir='ltr'>nihil</span> <span class='ocrx_word' id='word_1_305' title='bbox 443 2112 537 2150; x_wconf 87' lang='lat' dir='ltr'>aliud</span> <span class='ocrx_word' id='word_1_306' title='bbox 569 2111 671 2150; x_wconf 77' lang='lat' dir='ltr'>fuisse</span> <span class='ocrx_word' id='word_1_307' title='bbox 694 2141 704 2157; x_wconf 94' lang='lat'>‚</span> <span class='ocrx_word' id='word_1_308' title='bbox 741 2125 855 2163; x_wconf 87' lang='lat' dir='ltr'>quam</span> <span class='ocrx_word' id='word_1_309' title='bbox 878 2114 930 2151; x_wconf 88' lang='lat' dir='ltr'>uti</span> <span class='ocrx_word' id='word_1_310' title='bbox 949 2112 1068 2150; x_wconf 84' lang='lat' dir='ltr'>verbis</span> <span class='ocrx_word' id='word_1_311' title='bbox 1090 2112 1232 2149; x_wconf 83' lang='lat' dir='ltr'>Roma·</span> 
     </span>
     <span class='ocr_line' id='line_1_36' title="bbox 219 2162 1227 2214; baseline 0.003 -17"><span class='ocrx_word' id='word_1_312' title='bbox 219 2172 274 2198; x_wconf 82' lang='lat' dir='ltr'>nis</span> <span class='ocrx_word' id='word_1_313' title='bbox 292 2189 302 2205; x_wconf 85' lang='lat'>‚</span> <span class='ocrx_word' id='word_1_314' title='bbox 332 2163 505 2210; x_wconf 81' lang='lat' dir='ltr'>propriis,</span> <span class='ocrx_word' id='word_1_315' title='bbox 532 2165 571 2201; x_wconf 64' lang='grc' dir='ltr'>ὃς</span> <span class='ocrx_word' id='word_1_316' title='bbox 590 2164 831 2214; x_wconf 82' lang='lat' dir='ltr'>incorruptis,</span> <span class='ocrx_word' id='word_1_317' title='bbox 859 2165 971 2202; x_wconf 88' lang='lat' dir='ltr'>etiam</span> <span class='ocrx_word' id='word_1_318' title='bbox 990 2174 1068 2201; x_wconf 90' lang='lat' dir='ltr'>non</span> <span class='ocrx_word' id='word_1_319' title='bbox 1090 2162 1227 2200; x_wconf 85' lang='lat' dir='ltr'>adhibi-</span> 
     </span>
     <span class='ocr_line' id='line_1_37' title="bbox 216 2213 1228 2262; baseline 0.003 -14"><span class='ocrx_word' id='word_1_320' title='bbox 216 2217 253 2248; x_wconf 84' lang='lat' dir='ltr'>ta</span> <span class='ocrx_word' id='word_1_321' title='bbox 274 2214 534 2259; x_wconf 82' lang='lat' dir='ltr'>grammaticae</span> <span class='ocrx_word' id='word_1_322' title='bbox 551 2215 696 2253; x_wconf 78' lang='lat' dir='ltr'>ratione</span> <span class='ocrx_word' id='word_1_323' title='bbox 714 2230 724 2259; x_wconf 86' lang='lat'><strong>;</strong></span> <span class='ocrx_word' id='word_1_324' title='bbox 755 2217 793 2254; x_wconf 72' lang='grc' dir='ltr'>δε</span> <span class='ocrx_word' id='word_1_325' title='bbox 813 2213 918 2253; x_wconf 83' lang='lat' dir='ltr'>fuiffe</span> <span class='ocrx_word' id='word_1_326' title='bbox 937 2223 1086 2262; x_wconf 87' lang='lat' dir='ltr'>tempus</span> <span class='ocrx_word' id='word_1_327' title='bbox 1103 2241 1115 2259; x_wconf 89' lang='lat'><strong>,</strong></span> <span class='ocrx_word' id='word_1_328' title='bbox 1151 2225 1228 2262; x_wconf 85' lang='lat' dir='ltr'>quo</span> 
     </span>
     <span class='ocr_line' id='line_1_38' title="bbox 218 2264 1231 2314; baseline 0.004 -16"><span class='ocrx_word' id='word_1_329' title='bbox 218 2273 352 2300; x_wconf 84' lang='lat' dir='ltr'>omnes</span> <span class='ocrx_word' id='word_1_330' title='bbox 372 2264 531 2303; x_wconf 83' lang='lat' dir='ltr'>Romani</span> <span class='ocrx_word' id='word_1_331' title='bbox 554 2264 627 2303; x_wconf 89' lang='lat' dir='ltr'>fine</span> <span class='ocrx_word' id='word_1_332' title='bbox 649 2266 718 2304; x_wconf 86' lang='lat' dir='ltr'>ulla</span> <span class='ocrx_word' id='word_1_333' title='bbox 740 2267 864 2314; x_wconf 84' lang='lat' dir='ltr'>regula</span> <span class='ocrx_word' id='word_1_334' title='bbox 886 2266 1019 2303; x_wconf 88' lang='lat' dir='ltr'>Latine</span> <span class='ocrx_word' id='word_1_335' title='bbox 1034 2264 1140 2313; x_wconf 90' lang='lat' dir='ltr'>loqui</span> <span class='ocrx_word' id='word_1_336' title='bbox 1164 2276 1231 2313; x_wconf 91' lang='lat' dir='ltr'>po-</span> 
     </span>
     <span class='ocr_line' id='line_1_39' title="bbox 218 2314 1231 2365; baseline 0.003 -16"><span class='ocrx_word' id='word_1_337' title='bbox 218 2320 359 2359; x_wconf 79' lang='lat' dir='ltr'>terant,</span> <span class='ocrx_word' id='word_1_338' title='bbox 387 2315 424 2353; x_wconf 85' lang='lat'>&amp;</span> <span class='ocrx_word' id='word_1_339' title='bbox 438 2315 683 2355; x_wconf 71' lang='lat' dir='ltr'>assueverant:</span> <span class='ocrx_word' id='word_1_340' title='bbox 712 2317 836 2365; x_wconf 84' lang='lat' dir='ltr'>postea</span> <span class='ocrx_word' id='word_1_341' title='bbox 847 2317 883 2355; x_wconf 90' lang='lat' dir='ltr'>in</span> <span class='ocrx_word' id='word_1_342' title='bbox 897 2317 1024 2354; x_wconf 85' lang='lat' dir='ltr'>urbem</span> <span class='ocrx_word' id='word_1_343' title='bbox 1039 2314 1231 2353; x_wconf 81' lang='lat' dir='ltr'>confluen-</span> 
     </span>
     <span class='ocr_line' id='line_1_40' title="bbox 215 2364 1228 2415; baseline 0.001 -15"><span class='ocrx_word' id='word_1_344' title='bbox 215 2364 310 2402; x_wconf 82' lang='lat' dir='ltr'>tibus</span> <span class='ocrx_word' id='word_1_345' title='bbox 345 2364 494 2404; x_wconf 82' lang='lat' dir='ltr'>advenis</span> <span class='ocrx_word' id='word_1_346' title='bbox 517 2394 527 2409; x_wconf 83' lang='lat'>.</span> <span class='ocrx_word' id='word_1_347' title='bbox 563 2368 600 2403; x_wconf 66' lang='grc' dir='ltr'>ὅ(</span> <span class='ocrx_word' id='word_1_348' title='bbox 630 2369 830 2415; x_wconf 83' lang='lat' dir='ltr'>priscorum</span> <span class='ocrx_word' id='word_1_349' title='bbox 851 2368 975 2415; x_wconf 84' lang='lat' dir='ltr'>lingua</span> <span class='ocrx_word' id='word_1_350' title='bbox 996 2364 1203 2414; x_wconf 83' lang='lat' dir='ltr'>perturbata</span> <span class='ocrx_word' id='word_1_351' title='bbox 1218 2392 1228 2408; x_wconf 91' lang='lat'><strong>,</strong></span> 
     </span>
     <span class='ocr_line' id='line_1_41' title="bbox 217 2414 1235 2463; baseline -0.002 -11"><span class='ocrx_word' id='word_1_352' title='bbox 217 2415 407 2462; x_wconf 84' lang='lat' dir='ltr'>paululum</span> <span class='ocrx_word' id='word_1_353' title='bbox 430 2414 612 2454; x_wconf 78' lang='lat' dir='ltr'>deflexisse</span> <span class='ocrx_word' id='word_1_354' title='bbox 622 2417 667 2455; x_wconf 84' lang='lat' dir='ltr'>ad</span> <span class='ocrx_word' id='word_1_355' title='bbox 677 2417 909 2454; x_wconf 80' lang='lat' dir='ltr'>vernaculam</span> <span class='ocrx_word' id='word_1_356' title='bbox 925 2417 1095 2454; x_wconf 80' lang='lat' dir='ltr'>nostram.</span> <span class='ocrx_word' id='word_1_357' title='bbox 1111 2414 1214 2463; x_wconf 85' lang='lat' dir='ltr'>quod</span> <span class='ocrx_word' id='word_1_358' title='bbox 1226 2442 1235 2457; x_wconf 89' lang='lat'>,</span> 
     </span>
     <span class='ocr_line' id='line_1_42' title="bbox 217 2463 1234 2516; baseline -0.002 -14"><span class='ocrx_word' id='word_1_359' title='bbox 217 2467 283 2513; x_wconf 88' lang='lat' dir='ltr'>qui</span> <span class='ocrx_word' id='word_1_360' title='bbox 299 2475 387 2503; x_wconf 82' lang='lat' dir='ltr'>tunc</span> <span class='ocrx_word' id='word_1_361' title='bbox 407 2476 508 2504; x_wconf 72' lang='lat' dir='ltr'>erant</span> <span class='ocrx_word' id='word_1_362' title='bbox 530 2468 680 2516; x_wconf 83' lang='lat' dir='ltr'>ingenio</span> <span class='ocrx_word' id='word_1_363' title='bbox 701 2467 908 2506; x_wconf 83' lang='lat' dir='ltr'>acutissimo</span> <span class='ocrx_word' id='word_1_364' title='bbox 938 2473 1129 2504; x_wconf 88' lang='lat' dir='ltr'>cernentes</span> <span class='ocrx_word' id='word_1_365' title='bbox 1144 2492 1154 2506; x_wconf 92' lang='lat'>‚</span> <span class='ocrx_word' id='word_1_366' title='bbox 1188 2463 1234 2501; x_wconf 89' lang='lat' dir='ltr'>de</span> 
     </span>
     <span class='ocr_line' id='line_1_43' title="bbox 213 2514 1235 2566; baseline 0.001 -15"><span class='ocrx_word' id='word_1_367' title='bbox 213 2518 456 2562; x_wconf 74' lang='lat' dir='ltr'>grammatica</span> <span class='ocrx_word' id='word_1_368' title='bbox 478 2519 516 2554; x_wconf 91' lang='lat'>&amp;</span> <span class='ocrx_word' id='word_1_369' title='bbox 537 2519 739 2556; x_wconf 86' lang='lat' dir='ltr'>Latinitate</span> <span class='ocrx_word' id='word_1_370' title='bbox 758 2527 872 2556; x_wconf 85' lang='lat' dir='ltr'>certas</span> <span class='ocrx_word' id='word_1_371' title='bbox 891 2514 1235 2566; x_wconf 80' lang='lat' dir='ltr'>regulastradidere.</span> 
     </span>
     <span class='ocr_line' id='line_1_44' title="bbox 214 2565 1233 2617; baseline 0.001 -15"><span class='ocrx_word' id='word_1_372' title='bbox 214 2566 315 2604; x_wconf 87' lang='lat' dir='ltr'>Nam</span> <span class='ocrx_word' id='word_1_373' title='bbox 338 2567 375 2604; x_wconf 64' lang='grc' dir='ltr'>ὃ(</span> <span class='ocrx_word' id='word_1_374' title='bbox 399 2567 641 2617; x_wconf 86' lang='lat' dir='ltr'>Tranquil.in</span> <span class='ocrx_word' id='word_1_375' title='bbox 657 2568 722 2606; x_wconf 80' lang='lat' dir='ltr'>lib.</span> <span class='ocrx_word' id='word_1_376' title='bbox 775 2566 1095 2614; x_wconf 81' lang='lat' dir='ltr'>Degrammaticis</span> <span class='ocrx_word' id='word_1_377' title='bbox 1110 2593 1120 2610; x_wconf 94' lang='lat'>,</span> <span class='ocrx_word' id='word_1_378' title='bbox 1144 2565 1233 2603; x_wconf 90' lang='lat' dir='ltr'>edis-</span> 
     </span>
     <span class='ocr_line' id='line_1_45' title="bbox 210 2615 1234 2666; baseline -0.002 -12"><span class='ocrx_word' id='word_1_379' title='bbox 210 2615 316 2661; x_wconf 80' lang='lat' dir='ltr'>serit,</span> <span class='ocrx_word' id='word_1_380' title='bbox 337 2619 410 2665; x_wconf 82' lang='lat' dir='ltr'>sero</span> <span class='ocrx_word' id='word_1_381' title='bbox 436 2619 710 2666; x_wconf 76' lang='lat' dir='ltr'>grammaticam</span> <span class='ocrx_word' id='word_1_382' title='bbox 739 2619 777 2656; x_wconf 86' lang='lat' dir='ltr'>in</span> <span class='ocrx_word' id='word_1_383' title='bbox 803 2619 922 2656; x_wconf 81' lang='lat' dir='ltr'>urbem</span> <span class='ocrx_word' id='word_1_384' title='bbox 951 2625 1095 2656; x_wconf 86' lang='lat' dir='ltr'>Romam</span> <span class='ocrx_word' id='word_1_385' title='bbox 1133 2615 1234 2653; x_wconf 79' lang='lat' dir='ltr'>inve-</span> 
     </span>
     <span class='ocr_line' id='line_1_46' title="bbox 213 2667 1231 2713; baseline 0.003 -10"><span class='ocrx_word' id='word_1_386' title='bbox 213 2670 332 2713; x_wconf 74' lang='lat' dir='ltr'>ctam,</span> <span class='ocrx_word' id='word_1_387' title='bbox 361 2668 494 2706; x_wconf 84' lang='lat' dir='ltr'>scilicet</span> <span class='ocrx_word' id='word_1_388' title='bbox 514 2670 609 2707; x_wconf 85' lang='lat' dir='ltr'>inter</span> <span class='ocrx_word' id='word_1_389' title='bbox 637 2670 837 2708; x_wconf 77' lang='lat' dir='ltr'>secundum</span> <span class='ocrx_word' id='word_1_390' title='bbox 861 2669 1064 2706; x_wconf 81' lang='lat' dir='ltr'>&amp;tertium</span> <span class='ocrx_word' id='word_1_391' title='bbox 1095 2667 1231 2706; x_wconf 89' lang='lat' dir='ltr'>bellum</span> 
     </span>
     <span class='ocr_line' id='line_1_47' title="bbox 211 2716 1234 2769; baseline 0.003 -15"><span class='ocrx_word' id='word_1_392' title='bbox 211 2716 414 2766; x_wconf 87' lang='lat' dir='ltr'>Punicum,</span> <span class='ocrx_word' id='word_1_393' title='bbox 444 2721 479 2757; x_wconf 87' lang='lat'>&amp;</span> <span class='ocrx_word' id='word_1_394' title='bbox 503 2721 666 2769; x_wconf 83' lang='lat' dir='ltr'>vulgares</span> <span class='ocrx_word' id='word_1_395' title='bbox 693 2721 880 2759; x_wconf 87' lang='lat' dir='ltr'>sermones</span> <span class='ocrx_word' id='word_1_396' title='bbox 910 2719 1014 2758; x_wconf 82' lang='lat' dir='ltr'>fuiffe</span> <span class='ocrx_word' id='word_1_397' title='bbox 1048 2719 1234 2757; x_wconf 87' lang='lat' dir='ltr'>meminit.</span> 
     </span>
     <span class='ocr_line' id='line_1_48' title="bbox 213 2767 1230 2821; baseline 0 -15"><span class='ocrx_word' id='word_1_398' title='bbox 213 2767 273 2806; x_wconf 88' lang='lat' dir='ltr'>Sic</span> <span class='ocrx_word' id='word_1_399' title='bbox 293 2771 332 2807; x_wconf 86' lang='lat'>&amp;</span> <span class='ocrx_word' id='word_1_400' title='bbox 349 2771 534 2818; x_wconf 85' lang='lat' dir='ltr'>Juvenalis</span> <span class='ocrx_word' id='word_1_401' title='bbox 557 2773 795 2821; x_wconf 79' lang='lat' dir='ltr'>conqueritur</span> <span class='ocrx_word' id='word_1_402' title='bbox 835 2772 992 2819; x_wconf 68' lang='lat' dir='ltr'>linguam</span> <span class='ocrx_word' id='word_1_403' title='bbox 1016 2768 1230 2819; x_wconf 84' lang='lat' dir='ltr'>peregrinam</span> 
     </span>
     <span class='ocr_line' id='line_1_49' title="bbox 211 2819 1229 2872; baseline 0.002 -16"><span class='ocrx_word' id='word_1_404' title='bbox 211 2819 249 2856; x_wconf 75' lang='lat' dir='ltr'>in</span> <span class='ocrx_word' id='word_1_405' title='bbox 269 2820 385 2858; x_wconf 85' lang='lat' dir='ltr'>urbem</span> <span class='ocrx_word' id='word_1_406' title='bbox 403 2821 649 2859; x_wconf 62' lang='lat' dir='ltr'>introduftam.</span> <span class='ocrx_word' id='word_1_407' title='bbox 672 2825 710 2860; x_wconf 64' lang='grc' dir='ltr'>ὃς</span> <span class='ocrx_word' id='word_1_408' title='bbox 732 2823 909 2872; x_wconf 85' lang='lat' dir='ltr'>Apuleius</span> <span class='ocrx_word' id='word_1_409' title='bbox 931 2823 965 2860; x_wconf 88' lang='lat' dir='ltr'>in</span> <span class='ocrx_word' id='word_1_410' title='bbox 986 2821 1116 2859; x_wconf 84' lang='lat' dir='ltr'>limine</span> <span class='ocrx_word' id='word_1_411' title='bbox 1147 2820 1229 2859; x_wconf 88' lang='lat' dir='ltr'>suae</span> 
     </span>
     <span class='ocr_line' id='line_1_50' title="bbox 218 2866 1230 2924; baseline 0.003 -19"><span class='ocrx_word' id='word_1_412' title='bbox 218 2866 466 2921; x_wconf 76' lang='lat' dir='ltr'>Metamorpn.</span> <span class='ocrx_word' id='word_1_413' title='bbox 501 2872 618 2912; x_wconf 82' lang='lat' dir='ltr'>afferit</span> <span class='ocrx_word' id='word_1_414' title='bbox 641 2874 679 2923; x_wconf 82' lang='lat' dir='ltr'>se</span> <span class='ocrx_word' id='word_1_415' title='bbox 703 2874 861 2924; x_wconf 84' lang='lat' dir='ltr'>linguam</span> <span class='ocrx_word' id='word_1_416' title='bbox 890 2874 1060 2911; x_wconf 82' lang='lat' dir='ltr'>Lat-inam</span> <span class='ocrx_word' id='word_1_417' title='bbox 1079 2872 1230 2921; x_wconf 73' lang='lat' dir='ltr'>didicisse</span> 
     </span>
     <span class='ocr_line' id='line_1_51' title="bbox 216 2918 1230 2974; baseline 0.001 -14"><span class='ocrx_word' id='word_1_418' title='bbox 216 2918 306 2956; x_wconf 69' lang='lat' dir='ltr'>”ullo</span> <span class='ocrx_word' id='word_1_419' title='bbox 343 2931 526 2970; x_wconf 78' lang='lat' dir='ltr'>praeeunte</span> <span class='ocrx_word' id='word_1_420' title='bbox 564 2924 724 2974; x_wconf 77' lang='lat' dir='ltr'>magistro</span> <span class='ocrx_word' id='word_1_421' title='bbox 749 2953 759 2969; x_wconf 93' lang='lat'>,</span> <span class='ocrx_word' id='word_1_422' title='bbox 804 2936 843 2962; x_wconf 85' lang='lat' dir='ltr'>at</span> <span class='ocrx_word' id='word_1_423' title='bbox 874 2925 987 2962; x_wconf 88' lang='lat' dir='ltr'>labore</span> <span class='ocrx_word' id='word_1_424' title='bbox 1019 2922 1230 2961; x_wconf 86' lang='lat' dir='ltr'>aerumnali.</span> 
     </span>
     <span class='ocr_line' id='line_1_52' title="bbox 218 2966 1229 3024; baseline 0.008 -20"><span class='ocrx_word' id='word_1_425' title='bbox 218 2966 332 3014; x_wconf 85' lang='lat' dir='ltr'>Quod</span> <span class='ocrx_word' id='word_1_426' title='bbox 352 2972 374 3009; x_wconf 82' lang='lat' dir='ltr'>fi</span> <span class='ocrx_word' id='word_1_427' title='bbox 393 2980 524 3012; x_wconf 81' lang='lat' dir='ltr'>omnes</span> <span class='ocrx_word' id='word_1_428' title='bbox 544 2984 634 3014; x_wconf 86' lang='lat' dir='ltr'>tunc</span> <span class='ocrx_word' id='word_1_429' title='bbox 657 2977 790 3015; x_wconf 84' lang='lat' dir='ltr'>Latine</span> <span class='ocrx_word' id='word_1_430' title='bbox 805 2976 921 3015; x_wconf 88' lang='lat' dir='ltr'>locuti</span> <span class='ocrx_word' id='word_1_431' title='bbox 942 2973 1112 3019; x_wconf 72' lang='lat' dir='ltr'>fuissent,</span> <span class='ocrx_word' id='word_1_432' title='bbox 1139 2974 1229 3024; x_wconf 88' lang='lat' dir='ltr'>quid</span> 
     </span>
    </p>
   </div>
   <div class='ocr_carea' id='block_1_10' title="bbox 1273 1293 2308 2720">
    <p class='ocr_par' dir='ltr' id='par_1_10' title="bbox 1273 1293 2308 1801">
     <span class='ocr_line' id='line_1_53' title="bbox 1273 1293 2308 1346; baseline -0.004 -12"><span class='ocrx_word' id='word_1_433' title='bbox 1273 1296 1473 1336; x_wconf 83' lang='lat' dir='ltr'>Tusculan.</span> <span class='ocrx_word' id='word_1_434' title='bbox 1490 1298 1603 1336; x_wconf 80' lang='lat' dir='ltr'>refert</span> <span class='ocrx_word' id='word_1_435' title='bbox 1617 1324 1628 1342; x_wconf 86' lang='lat'>‚</span> <span class='ocrx_word' id='word_1_436' title='bbox 1648 1297 1735 1346; x_wconf 84' lang='lat' dir='ltr'>suas</span> <span class='ocrx_word' id='word_1_437' title='bbox 1757 1298 1927 1335; x_wconf 81' lang='lat' dir='ltr'>orationes</span> <span class='ocrx_word' id='word_1_438' title='bbox 1948 1295 2081 1345; x_wconf 75' lang='lat' dir='ltr'>judicio</span> <span class='ocrx_word' id='word_1_439' title='bbox 2103 1293 2308 1332; x_wconf 81' lang='lat' dir='ltr'>multitudi-</span> 
     </span>
     <span class='ocr_line' id='line_1_54' title="bbox 1275 1345 2305 1397; baseline -0.003 -13"><span class='ocrx_word' id='word_1_440' title='bbox 1275 1347 1329 1385; x_wconf 77' lang='lat' dir='ltr'>nis</span> <span class='ocrx_word' id='word_1_441' title='bbox 1356 1348 1561 1396; x_wconf 76' lang='lat' dir='ltr'>approbatas</span> <span class='ocrx_word' id='word_1_442' title='bbox 1581 1376 1592 1393; x_wconf 95' lang='lat'><strong><em>‚</em></strong></span> <span class='ocrx_word' id='word_1_443' title='bbox 1628 1348 1827 1397; x_wconf 81' lang='lat' dir='ltr'>popularem</span> <span class='ocrx_word' id='word_1_444' title='bbox 1853 1349 1947 1386; x_wconf 80' lang='lat' dir='ltr'>enim</span> <span class='ocrx_word' id='word_1_445' title='bbox 1968 1346 2188 1394; x_wconf 79' lang='lat' dir='ltr'>facultatem</span> <span class='ocrx_word' id='word_1_446' title='bbox 2225 1345 2305 1394; x_wconf 77' lang='lat' dir='ltr'>effe,</span> 
     </span>
     <span class='ocr_line' id='line_1_55' title="bbox 1276 1396 2307 1449; baseline -0.005 -12"><span class='ocrx_word' id='word_1_447' title='bbox 1276 1410 1320 1438; x_wconf 67' lang='lat' dir='ltr'>&lt;y</span> <span class='ocrx_word' id='word_1_448' title='bbox 1354 1399 1510 1448; x_wconf 66' lang='lat' dir='ltr'>effectum</span> <span class='ocrx_word' id='word_1_449' title='bbox 1536 1399 1747 1449; x_wconf 77' lang='lat' dir='ltr'>eloquentiae</span> <span class='ocrx_word' id='word_1_450' title='bbox 1768 1416 1778 1435; x_wconf 92' lang='lat'>.·</span> <span class='ocrx_word' id='word_1_451' title='bbox 1825 1410 1904 1437; x_wconf 89' lang='lat' dir='ltr'>non</span> <span class='ocrx_word' id='word_1_452' title='bbox 1935 1397 2023 1436; x_wconf 90' lang='lat' dir='ltr'>ideo</span> <span class='ocrx_word' id='word_1_453' title='bbox 2055 1396 2276 1434; x_wconf 83' lang='lat' dir='ltr'>crediderim</span> <span class='ocrx_word' id='word_1_454' title='bbox 2295 1422 2307 1439; x_wconf 87' lang='lat'>,</span> 
     </span>
     <span class='ocr_line' id='line_1_56' title="bbox 1275 1444 2305 1498; baseline -0.002 -12"><span class='ocrx_word' id='word_1_455' title='bbox 1275 1461 1409 1486; x_wconf 88' lang='lat' dir='ltr'>omnes</span> <span class='ocrx_word' id='word_1_456' title='bbox 1442 1449 1587 1488; x_wconf 89' lang='lat' dir='ltr'>dicendi</span> <span class='ocrx_word' id='word_1_457' title='bbox 1620 1450 1701 1487; x_wconf 88' lang='lat' dir='ltr'>vim</span> <span class='ocrx_word' id='word_1_458' title='bbox 1730 1450 1950 1498; x_wconf 87' lang='lat' dir='ltr'>sensumque</span> <span class='ocrx_word' id='word_1_459' title='bbox 1980 1444 2179 1496; x_wconf 78' lang='lat' dir='ltr'>percepisse</span> <span class='ocrx_word' id='word_1_460' title='bbox 2202 1473 2212 1489; x_wconf 92' lang='lat'>,</span> <span class='ocrx_word' id='word_1_461' title='bbox 2241 1445 2305 1484; x_wconf 88' lang='lat' dir='ltr'>sed</span> 
     </span>
     <span class='ocr_line' id='line_1_57' title="bbox 1276 1497 2306 1550; baseline 0 -15"><span class='ocrx_word' id='word_1_462' title='bbox 1276 1499 1364 1536; x_wconf 85' lang='lat' dir='ltr'>alios</span> <span class='ocrx_word' id='word_1_463' title='bbox 1384 1501 1505 1549; x_wconf 79' lang='lat' dir='ltr'>aliqua</span> <span class='ocrx_word' id='word_1_464' title='bbox 1520 1527 1531 1546; x_wconf 88' lang='lat'><strong>,</strong></span> <span class='ocrx_word' id='word_1_465' title='bbox 1557 1499 1736 1550; x_wconf 79' lang='lat' dir='ltr'>quosdam</span> <span class='ocrx_word' id='word_1_466' title='bbox 1759 1511 1873 1549; x_wconf 79' lang='lat' dir='ltr'>pauca</span> <span class='ocrx_word' id='word_1_467' title='bbox 1890 1497 2096 1537; x_wconf 84' lang='lat' dir='ltr'>admodum</span> <span class='ocrx_word' id='word_1_468' title='bbox 2113 1525 2122 1540; x_wconf 93' lang='lat'><em>,</em></span> <span class='ocrx_word' id='word_1_469' title='bbox 2152 1505 2306 1535; x_wconf 68' lang='lat' dir='ltr'>utnunc</span> 
     </span>
     <span class='ocr_line' id='line_1_58' title="bbox 1276 1546 2304 1599; baseline -0.001 -12"><span class='ocrx_word' id='word_1_470' title='bbox 1276 1549 1402 1588; x_wconf 83' lang='lat' dir='ltr'>affolet</span> <span class='ocrx_word' id='word_1_471' title='bbox 1443 1554 1480 1588; x_wconf 90' lang='lat' dir='ltr'>in</span> <span class='ocrx_word' id='word_1_472' title='bbox 1524 1551 1771 1589; x_wconf 88' lang='lat' dir='ltr'>concionibus</span> <span class='ocrx_word' id='word_1_473' title='bbox 1793 1562 1860 1599; x_wconf 88' lang='lat' dir='ltr'>pro</span> <span class='ocrx_word' id='word_1_474' title='bbox 1880 1550 1952 1588; x_wconf 86' lang='lat' dir='ltr'>fide</span> <span class='ocrx_word' id='word_1_475' title='bbox 1975 1577 1986 1594; x_wconf 95' lang='lat'><em>‚</em></span> <span class='ocrx_word' id='word_1_476' title='bbox 2023 1546 2218 1596; x_wconf 90' lang='lat' dir='ltr'>plerosque</span> <span class='ocrx_word' id='word_1_477' title='bbox 2245 1549 2304 1586; x_wconf 86' lang='lat' dir='ltr'>in-</span> 
     </span>
     <span class='ocr_line' id='line_1_59' title="bbox 1274 1599 2305 1649; baseline -0.002 -12"><span class='ocrx_word' id='word_1_478' title='bbox 1274 1600 1379 1649; x_wconf 88' lang='lat' dir='ltr'>super</span> <span class='ocrx_word' id='word_1_479' title='bbox 1399 1601 1488 1638; x_wconf 89' lang='lat' dir='ltr'>nihil</span> <span class='ocrx_word' id='word_1_480' title='bbox 1516 1602 1761 1649; x_wconf 82' lang='lat' dir='ltr'>intelligentes</span> <span class='ocrx_word' id='word_1_481' title='bbox 1798 1599 1958 1638; x_wconf 78' lang='lat' dir='ltr'>laudasse</span> <span class='ocrx_word' id='word_1_482' title='bbox 1987 1600 2091 1645; x_wconf 89' lang='lat' dir='ltr'>supra</span> <span class='ocrx_word' id='word_1_483' title='bbox 2126 1604 2305 1635; x_wconf 74' lang='lat' dir='ltr'>caeteros.</span> 
     </span>
     <span class='ocr_line' id='line_1_60' title="bbox 1275 1647 2307 1698; baseline -0.003 -10"><span class='ocrx_word' id='word_1_484' title='bbox 1275 1651 1431 1689; x_wconf 60' lang='lat' dir='ltr'>Cum,</span> <span class='ocrx_word' id='word_1_485' title='bbox 1461 1651 1630 1689; x_wconf 86' lang='lat' dir='ltr'>Imitatur</span> <span class='ocrx_word' id='word_1_486' title='bbox 1642 1651 1810 1689; x_wconf 83' lang='lat' dir='ltr'>Sidonius</span> <span class='ocrx_word' id='word_1_487' title='bbox 1827 1650 1992 1690; x_wconf 87' lang='lat' dir='ltr'>Lib.1V.</span> <span class='ocrx_word' id='word_1_488' title='bbox 2013 1647 2206 1698; x_wconf 78' lang='lat' dir='ltr'>Epist.111.</span> <span class='ocrx_word' id='word_1_489' title='bbox 2230 1649 2307 1697; x_wconf 71' lang='lat' dir='ltr'>Qi</span> 
     </span>
     <span class='ocr_line' id='line_1_61' title="bbox 1275 1699 2306 1751; baseline -0.002 -13"><span class='ocrx_word' id='word_1_490' title='bbox 1275 1702 1383 1738; x_wconf 79' lang='lat' dir='ltr'>etiam</span> <span class='ocrx_word' id='word_1_491' title='bbox 1410 1714 1490 1738; x_wconf 85' lang='lat' dir='ltr'>cum</span> <span class='ocrx_word' id='word_1_492' title='bbox 1513 1710 1678 1750; x_wconf 82' lang='lat' dir='ltr'>perorant</span> <span class='ocrx_word' id='word_1_493' title='bbox 1711 1702 1845 1751; x_wconf 82' lang='lat' dir='ltr'>(salva</span> <span class='ocrx_word' id='word_1_494' title='bbox 1869 1711 1952 1751; x_wconf 75' lang='lat' dir='ltr'>pace</span> <span class='ocrx_word' id='word_1_495' title='bbox 1970 1701 2145 1751; x_wconf 83' lang='lat' dir='ltr'>potiorum</span> <span class='ocrx_word' id='word_1_496' title='bbox 2165 1699 2178 1747; x_wconf 88' lang='lat'>)</span> <span class='ocrx_word' id='word_1_497' title='bbox 2197 1700 2306 1738; x_wconf 77' lang='lat' dir='ltr'>turba</span> 
     </span>
     <span class='ocr_line' id='line_1_62' title="bbox 1275 1751 2108 1801; baseline 0.004 -12"><span class='ocrx_word' id='word_1_498' title='bbox 1275 1751 1482 1801; x_wconf 79' lang='lat' dir='ltr'>numerofior</span> <span class='ocrx_word' id='word_1_499' title='bbox 1499 1752 1783 1792; x_wconf 79' lang='lat' dir='ltr'>illitteratifiimis</span> <span class='ocrx_word' id='word_1_500' title='bbox 1804 1753 1932 1792; x_wconf 85' lang='lat' dir='ltr'>litteris</span> <span class='ocrx_word' id='word_1_501' title='bbox 1953 1761 2108 1792; x_wconf 79' lang='lat' dir='ltr'>vacant.</span> 
     </span>
    </p>

    <p class='ocr_par' dir='ltr' id='par_1_11' title="bbox 1273 1801 2308 2513">
     <span class='ocr_line' id='line_1_63' title="bbox 1329 1801 2307 1854; baseline -0.002 -12"><span class='ocrx_word' id='word_1_502' title='bbox 1329 1816 1343 1842; x_wconf 93' lang='lat'>1</span> <span class='ocrx_word' id='word_1_503' title='bbox 1376 1803 1619 1852; x_wconf 84' lang='lat' dir='ltr'>Quandoque</span> <span class='ocrx_word' id='word_1_504' title='bbox 1637 1803 1848 1854; x_wconf 78' lang='lat' dir='ltr'>contingit.]</span> <span class='ocrx_word' id='word_1_505' title='bbox 1880 1804 2106 1846; x_wconf 84' lang='lat' dir='ltr'>Mediceus,</span> <span class='ocrx_word' id='word_1_506' title='bbox 2137 1801 2307 1852; x_wconf 84' lang='lat' dir='ltr'>Bongars.</span> 
     </span>
     <span class='ocr_line' id='line_1_64' title="bbox 1277 1853 2303 1906; baseline 0 -15"><span class='ocrx_word' id='word_1_507' title='bbox 1277 1854 1479 1894; x_wconf 86' lang='lat' dir='ltr'>Helmstad.</span> <span class='ocrx_word' id='word_1_508' title='bbox 1502 1855 1703 1893; x_wconf 89' lang='lat' dir='ltr'>Lindenbr.</span> <span class='ocrx_word' id='word_1_509' title='bbox 1725 1857 1765 1893; x_wconf 71' lang='grc' dir='ltr'>δε</span> <span class='ocrx_word' id='word_1_510' title='bbox 1781 1855 1859 1894; x_wconf 86' lang='lat' dir='ltr'>alii:</span> <span class='ocrx_word' id='word_1_511' title='bbox 1889 1855 2030 1906; x_wconf 75' lang='lat' dir='ltr'>quando</span> <span class='ocrx_word' id='word_1_512' title='bbox 2050 1853 2231 1902; x_wconf 86' lang='lat' dir='ltr'>contingit.</span> <span class='ocrx_word' id='word_1_513' title='bbox 2258 1853 2303 1891; x_wconf 85' lang='lat' dir='ltr'>In</span> 
     </span>
     <span class='ocr_line' id='line_1_65' title="bbox 1279 1903 2304 1958; baseline -0.001 -15"><span class='ocrx_word' id='word_1_514' title='bbox 1279 1906 1522 1944; x_wconf 86' lang='lat' dir='ltr'>Riccardiano</span> <span class='ocrx_word' id='word_1_515' title='bbox 1547 1907 1616 1944; x_wconf 90' lang='lat' dir='ltr'>fuit</span> <span class='ocrx_word' id='word_1_516' title='bbox 1633 1906 1787 1955; x_wconf 90' lang='lat' dir='ltr'>quidem</span> <span class='ocrx_word' id='word_1_517' title='bbox 1814 1907 2023 1958; x_wconf 74' lang='lat' dir='ltr'>quandoque</span> <span class='ocrx_word' id='word_1_518' title='bbox 2047 1933 2057 1950; x_wconf 93' lang='lat'><em>‚</em></span> <span class='ocrx_word' id='word_1_519' title='bbox 2091 1903 2150 1943; x_wconf 89' lang='lat' dir='ltr'>sed</span> <span class='ocrx_word' id='word_1_520' title='bbox 2175 1906 2217 1941; x_wconf 70' lang='lat' dir='ltr'>rto</span> <span class='ocrx_word' id='word_1_521' title='bbox 2239 1917 2304 1954; x_wconf 81' lang='lat' dir='ltr'>que</span> 
     </span>
     <span class='ocr_line' id='line_1_66' title="bbox 1274 1955 2305 2007; baseline 0 -13"><span class='ocrx_word' id='word_1_522' title='bbox 1274 1957 1348 1995; x_wconf 77' lang='lat' dir='ltr'>iam</span> <span class='ocrx_word' id='word_1_523' title='bbox 1371 1957 1460 1996; x_wconf 89' lang='lat' dir='ltr'>olim</span> <span class='ocrx_word' id='word_1_524' title='bbox 1482 1957 1530 1995; x_wconf 87' lang='lat' dir='ltr'>est</span> <span class='ocrx_word' id='word_1_525' title='bbox 1549 1957 1725 1997; x_wconf 86' lang='lat' dir='ltr'>abrasum.</span> <span class='ocrx_word' id='word_1_526' title='bbox 1745 1959 1886 2007; x_wconf 82' lang='lat' dir='ltr'>quando</span> <span class='ocrx_word' id='word_1_527' title='bbox 1906 1957 2074 2005; x_wconf 79' lang='lat' dir='ltr'>contingit</span> <span class='ocrx_word' id='word_1_528' title='bbox 2093 1957 2166 1993; x_wconf 87' lang='lat' dir='ltr'>iam</span> <span class='ocrx_word' id='word_1_529' title='bbox 2186 1955 2305 1994; x_wconf 77' lang='lat' dir='ltr'>Aldus</span> 
     </span>
     <span class='ocr_line' id='line_1_67' title="bbox 1274 2005 2304 2058; baseline 0 -13"><span class='ocrx_word' id='word_1_530' title='bbox 1274 2015 1385 2056; x_wconf 88' lang='lat' dir='ltr'>atque</span> <span class='ocrx_word' id='word_1_531' title='bbox 1405 2009 1463 2047; x_wconf 88' lang='lat' dir='ltr'>alii</span> <span class='ocrx_word' id='word_1_532' title='bbox 1491 2008 1716 2056; x_wconf 78' lang='lat' dir='ltr'>vulgarunt,</span> <span class='ocrx_word' id='word_1_533' title='bbox 1743 2011 1782 2048; x_wconf 70' lang='grc' dir='ltr'>ὃ(</span> <span class='ocrx_word' id='word_1_534' title='bbox 1807 2011 2016 2058; x_wconf 88' lang='lat' dir='ltr'>genuinum</span> <span class='ocrx_word' id='word_1_535' title='bbox 2040 2008 2128 2051; x_wconf 87' lang='lat' dir='ltr'>erit,</span> <span class='ocrx_word' id='word_1_536' title='bbox 2156 2005 2180 2043; x_wconf 88' lang='lat' dir='ltr'>fi</span> <span class='ocrx_word' id='word_1_537' title='bbox 2202 2006 2304 2045; x_wconf 63' lang='lat' dir='ltr'>reete</span> 
     </span>
     <span class='ocr_line' id='line_1_68' title="bbox 1273 2057 2304 2110; baseline -0.002 -14"><span class='ocrx_word' id='word_1_538' title='bbox 1273 2059 1479 2109; x_wconf 85' lang='lat' dir='ltr'>distinguas.</span> <span class='ocrx_word' id='word_1_539' title='bbox 1532 2061 1754 2110; x_wconf 51' lang='lat' dir='ltr'>Quandoque</span> <span class='ocrx_word' id='word_1_540' title='bbox 1772 2068 1898 2099; x_wconf 85' lang='lat' dir='ltr'>autem</span> <span class='ocrx_word' id='word_1_541' title='bbox 1921 2059 2019 2108; x_wconf 83' lang='lat' dir='ltr'>apud</span> <span class='ocrx_word' id='word_1_542' title='bbox 2039 2057 2214 2096; x_wconf 86' lang='lat' dir='ltr'>meliores</span> <span class='ocrx_word' id='word_1_543' title='bbox 2230 2060 2304 2095; x_wconf 81' lang='lat' dir='ltr'>La·</span> 
     </span>
     <span class='ocr_line' id='line_1_69' title="bbox 1274 2108 2305 2161; baseline 0 -15"><span class='ocrx_word' id='word_1_544' title='bbox 1274 2110 1438 2151; x_wconf 87' lang='lat' dir='ltr'>tinorum</span> <span class='ocrx_word' id='word_1_545' title='bbox 1462 2111 1559 2150; x_wconf 87' lang='lat' dir='ltr'>aliud</span> <span class='ocrx_word' id='word_1_546' title='bbox 1581 2111 1760 2156; x_wconf 86' lang='lat' dir='ltr'>denotat,</span> <span class='ocrx_word' id='word_1_547' title='bbox 1787 2123 1901 2161; x_wconf 89' lang='lat' dir='ltr'>quam</span> <span class='ocrx_word' id='word_1_548' title='bbox 1924 2111 2104 2149; x_wconf 86' lang='lat' dir='ltr'>hocloco</span> <span class='ocrx_word' id='word_1_549' title='bbox 2124 2108 2305 2146; x_wconf 84' lang='lat' dir='ltr'>denotare</span> 
     </span>
     <span class='ocr_line' id='line_1_70' title="bbox 1275 2160 2304 2212; baseline -0.004 -14"><span class='ocrx_word' id='word_1_550' title='bbox 1275 2161 1395 2201; x_wconf 77' lang='lat' dir='ltr'>debet.</span> <span class='ocrx_word' id='word_1_551' title='bbox 1418 2174 1461 2200; x_wconf 84' lang='lat' dir='ltr'>ea</span> <span class='ocrx_word' id='word_1_552' title='bbox 1487 2163 1534 2201; x_wconf 87' lang='lat' dir='ltr'>de</span> <span class='ocrx_word' id='word_1_553' title='bbox 1554 2161 1672 2200; x_wconf 82' lang='lat' dir='ltr'>cauffa</span> <span class='ocrx_word' id='word_1_554' title='bbox 1693 2174 1816 2212; x_wconf 89' lang='lat' dir='ltr'>neque</span> <span class='ocrx_word' id='word_1_555' title='bbox 1839 2162 2016 2200; x_wconf 86' lang='lat' dir='ltr'>Cellarius</span> <span class='ocrx_word' id='word_1_556' title='bbox 2028 2160 2304 2198; x_wconf 77' lang='lat' dir='ltr'>admitterevo-</span> 
     </span>
     <span class='ocr_line' id='line_1_71' title="bbox 1277 2207 2303 2264; baseline -0.004 -13"><span class='ocrx_word' id='word_1_557' title='bbox 1277 2212 1341 2251; x_wconf 84' lang='lat' dir='ltr'>luit</span> <span class='ocrx_word' id='word_1_558' title='bbox 1356 2241 1367 2258; x_wconf 93' lang='lat'>,</span> <span class='ocrx_word' id='word_1_559' title='bbox 1394 2214 1453 2252; x_wconf 89' lang='lat' dir='ltr'>sed</span> <span class='ocrx_word' id='word_1_560' title='bbox 1478 2225 1563 2251; x_wconf 87' lang='lat' dir='ltr'>cum</span> <span class='ocrx_word' id='word_1_561' title='bbox 1584 2214 1742 2262; x_wconf 84' lang='lat' dir='ltr'>antiquis</span> <span class='ocrx_word' id='word_1_562' title='bbox 1760 2213 1851 2250; x_wconf 86' lang='lat' dir='ltr'>Edd-</span> <span class='ocrx_word' id='word_1_563' title='bbox 1871 2211 2012 2264; x_wconf 84' lang='lat' dir='ltr'>quando</span> <span class='ocrx_word' id='word_1_564' title='bbox 2034 2207 2303 2258; x_wconf 78' lang='lat' dir='ltr'>repraesentare</span> 
     </span>
     <span class='ocr_line' id='line_1_72' title="bbox 1274 2257 2305 2312; baseline -0.004 -11"><span class='ocrx_word' id='word_1_565' title='bbox 1274 2265 1390 2302; x_wconf 85' lang='lat' dir='ltr'>tutius</span> <span class='ocrx_word' id='word_1_566' title='bbox 1420 2263 1491 2302; x_wconf 86' lang='lat' dir='ltr'>effe</span> <span class='ocrx_word' id='word_1_567' title='bbox 1520 2265 1674 2312; x_wconf 81' lang='lat' dir='ltr'>putavit.</span> <span class='ocrx_word' id='word_1_568' title='bbox 1727 2263 1853 2300; x_wconf 85' lang='lat' dir='ltr'>Paullo</span> <span class='ocrx_word' id='word_1_569' title='bbox 1887 2262 1965 2309; x_wconf 88' lang='lat' dir='ltr'>post</span> <span class='ocrx_word' id='word_1_570' title='bbox 1985 2261 2078 2310; x_wconf 81' lang='lat' dir='ltr'>apud</span> <span class='ocrx_word' id='word_1_571' title='bbox 2098 2257 2305 2306; x_wconf 81' lang='lat' dir='ltr'>Euphraten</span> 
     </span>
     <span class='ocr_line' id='line_1_73' title="bbox 1276 2308 2306 2363; baseline -0.005 -11"><span class='ocrx_word' id='word_1_572' title='bbox 1276 2314 1395 2363; x_wconf 78' lang='lat' dir='ltr'>scripsi</span> <span class='ocrx_word' id='word_1_573' title='bbox 1413 2327 1460 2352; x_wconf 86' lang='lat' dir='ltr'>ex</span> <span class='ocrx_word' id='word_1_574' title='bbox 1485 2314 1661 2352; x_wconf 88' lang='lat' dir='ltr'>Mediceo</span> <span class='ocrx_word' id='word_1_575' title='bbox 1685 2313 1723 2350; x_wconf 68' lang='grc' dir='ltr'>ὅ(</span> <span class='ocrx_word' id='word_1_576' title='bbox 1744 2313 1987 2351; x_wconf 84' lang='lat' dir='ltr'>Riccardiano</span> <span class='ocrx_word' id='word_1_577' title='bbox 2008 2337 2018 2356; x_wconf 90' lang='lat'><strong>‚</strong></span> <span class='ocrx_word' id='word_1_578' title='bbox 2059 2318 2097 2348; x_wconf 90' lang='lat' dir='ltr'>ut</span> <span class='ocrx_word' id='word_1_579' title='bbox 2122 2308 2224 2357; x_wconf 88' lang='lat' dir='ltr'>supra</span> <span class='ocrx_word' id='word_1_580' title='bbox 2254 2310 2306 2347; x_wconf 83' lang='lat' dir='ltr'>E·</span> 
     </span>
     <span class='ocr_line' id='line_1_74' title="bbox 1280 2360 2308 2411; baseline -0.002 -10"><span class='ocrx_word' id='word_1_581' title='bbox 1280 2365 1358 2411; x_wconf 91' lang='lat' dir='ltr'>pist.</span> <span class='ocrx_word' id='word_1_582' title='bbox 1376 2365 1424 2402; x_wconf 89' lang='lat'>11.</span> <span class='ocrx_word' id='word_1_583' title='bbox 1440 2376 1477 2402; x_wconf 89' lang='lat' dir='ltr'>n.</span> <span class='ocrx_word' id='word_1_584' title='bbox 1498 2376 1533 2401; x_wconf 89' lang='lat'>2.</span> <span class='ocrx_word' id='word_1_585' title='bbox 1561 2362 1821 2409; x_wconf 77' lang='lat' dir='ltr'>Demosthenen,</span> <span class='ocrx_word' id='word_1_586' title='bbox 1873 2363 2048 2411; x_wconf 82' lang='lat' dir='ltr'>Quatuor</span> <span class='ocrx_word' id='word_1_587' title='bbox 2074 2367 2199 2398; x_wconf 86' lang='lat' dir='ltr'>autem</span> <span class='ocrx_word' id='word_1_588' title='bbox 2221 2360 2308 2399; x_wconf 85' lang='lat' dir='ltr'>scri-</span> 
     </span>
     <span class='ocr_line' id='line_1_75' title="bbox 1283 2412 2305 2465; baseline 0.001 -15"><span class='ocrx_word' id='word_1_589' title='bbox 1283 2414 1361 2460; x_wconf 80' lang='lat' dir='ltr'>pti,</span> <span class='ocrx_word' id='word_1_590' title='bbox 1389 2414 1562 2461; x_wconf 89' lang='lat' dir='ltr'>iniisipse</span> <span class='ocrx_word' id='word_1_591' title='bbox 1573 2414 1832 2452; x_wconf 75' lang='lat' dir='ltr'>Riccardianus</span> <span class='ocrx_word' id='word_1_592' title='bbox 1853 2439 1864 2459; x_wconf 91' lang='lat'>,</span> <span class='ocrx_word' id='word_1_593' title='bbox 1893 2426 2016 2465; x_wconf 77' lang='lat' dir='ltr'>queror</span> <span class='ocrx_word' id='word_1_594' title='bbox 2039 2412 2176 2450; x_wconf 85' lang='lat' dir='ltr'>habent</span> <span class='ocrx_word' id='word_1_595' title='bbox 2195 2439 2207 2457; x_wconf 90' lang='lat'><strong>,</strong></span> <span class='ocrx_word' id='word_1_596' title='bbox 2235 2422 2305 2462; x_wconf 87' lang='lat' dir='ltr'>pro</span> 
     </span>
     <span class='ocr_line' id='line_1_76' title="bbox 1283 2463 1576 2513; baseline -0.003 -13"><span class='ocrx_word' id='word_1_597' title='bbox 1283 2463 1392 2513; x_wconf 69' lang='lat' dir='ltr'>queri,</span> <span class='ocrx_word' id='word_1_598' title='bbox 1419 2464 1576 2502; x_wconf 74' lang='lat' dir='ltr'>CouTE.</span> 
     </span>
    </p>

    <p class='ocr_par' dir='ltr' id='par_1_12' title="bbox 1285 2513 2308 2720">
     <span class='ocr_line' id='line_1_77' title="bbox 1336 2513 2308 2566; baseline 0.001 -14"><span class='ocrx_word' id='word_1_599' title='bbox 1336 2528 1356 2552; x_wconf 89' lang='lat'><em>2</em></span> <span class='ocrx_word' id='word_1_600' title='bbox 1388 2516 1554 2566; x_wconf 60' lang='lat' dir='ltr'>Qtaeque</span> <span class='ocrx_word' id='word_1_601' title='bbox 1566 2513 1626 2563; x_wconf 79' lang='lat' dir='ltr'>ipsi</span> <span class='ocrx_word' id='word_1_602' title='bbox 1632 2515 1808 2557; x_wconf 58' lang='lat' dir='ltr'>doceant.)</span> <span class='ocrx_word' id='word_1_603' title='bbox 1837 2516 1988 2564; x_wconf 83' lang='lat' dir='ltr'>Nempe</span> <span class='ocrx_word' id='word_1_604' title='bbox 1995 2513 2204 2565; x_wconf 80' lang='lat' dir='ltr'>philosophi,</span> <span class='ocrx_word' id='word_1_605' title='bbox 2219 2513 2308 2553; x_wconf 65' lang='lat' dir='ltr'>licet</span> 
     </span>
     <span class='ocr_line' id='line_1_78' title="bbox 1286 2565 2306 2618; baseline 0.002 -16"><span class='ocrx_word' id='word_1_606' title='bbox 1286 2565 1514 2612; x_wconf 77' lang='lat' dir='ltr'>praeceffcrit</span> <span class='ocrx_word' id='word_1_607' title='bbox 1528 2566 1765 2616; x_wconf 78' lang='lat' dir='ltr'>philosophiae.</span> <span class='ocrx_word' id='word_1_608' title='bbox 1786 2567 1832 2606; x_wconf 92' lang='lat' dir='ltr'>de</span> <span class='ocrx_word' id='word_1_609' title='bbox 1851 2578 1924 2618; x_wconf 85' lang='lat' dir='ltr'>qua</span> <span class='ocrx_word' id='word_1_610' title='bbox 1945 2567 2077 2616; x_wconf 82' lang='lat' dir='ltr'>Figura</span> <span class='ocrx_word' id='word_1_611' title='bbox 2087 2565 2306 2604; x_wconf 88' lang='lat' dir='ltr'>Gronovius</span> 
     </span>
     <span class='ocr_line' id='line_1_79' title="bbox 1287 2616 2307 2668; baseline 0.001 -15"><span class='ocrx_word' id='word_1_612' title='bbox 1287 2616 1367 2658; x_wconf 86' lang='lat' dir='ltr'>Lib.</span> <span class='ocrx_word' id='word_1_613' title='bbox 1394 2617 1459 2655; x_wconf 85' lang='lat'>111.</span> <span class='ocrx_word' id='word_1_614' title='bbox 1483 2618 1529 2655; x_wconf 90' lang='lat' dir='ltr'>de</span> <span class='ocrx_word' id='word_1_615' title='bbox 1550 2617 1633 2656; x_wconf 88' lang='lat' dir='ltr'>Pec.</span> <span class='ocrx_word' id='word_1_616' title='bbox 1657 2617 1732 2656; x_wconf 83' lang='lat' dir='ltr'>Vct</span> <span class='ocrx_word' id='word_1_617' title='bbox 1763 2630 1840 2668; x_wconf 79' lang='lat' dir='ltr'>cap.</span> <span class='ocrx_word' id='word_1_618' title='bbox 1864 2619 1989 2658; x_wconf 80' lang='lat' dir='ltr'>XVII.</span> <span class='ocrx_word' id='word_1_619' title='bbox 2040 2616 2145 2656; x_wconf 82' lang='lat' dir='ltr'>Plura</span> <span class='ocrx_word' id='word_1_620' title='bbox 2157 2616 2307 2666; x_wconf 47' lang='lat' dir='ltr'>collegif</span> 
     </span>
     <span class='ocr_line' id='line_1_80' title="bbox 1285 2667 1983 2720; baseline 0.004 -14"><span class='ocrx_word' id='word_1_621' title='bbox 1285 2679 1366 2706; x_wconf 89' lang='lat' dir='ltr'>mus</span> <span class='ocrx_word' id='word_1_622' title='bbox 1389 2667 1434 2707; x_wconf 87' lang='lat' dir='ltr'>ad</span> <span class='ocrx_word' id='word_1_623' title='bbox 1455 2668 1598 2707; x_wconf 87' lang='lat' dir='ltr'>Lucani</span> <span class='ocrx_word' id='word_1_624' title='bbox 1620 2668 1701 2707; x_wconf 85' lang='lat' dir='ltr'>Lib.</span> <span class='ocrx_word' id='word_1_625' title='bbox 1728 2668 1797 2713; x_wconf 83' lang='lat'>111.</span> <span class='ocrx_word' id='word_1_626' title='bbox 1820 2680 1872 2710; x_wconf 85' lang='lat' dir='ltr'>vs.</span> <span class='ocrx_word' id='word_1_627' title='bbox 1893 2670 1983 2720; x_wconf 89' lang='lat'>690.</span> 
     </span>
    </p>
   </div>
   <div class='ocr_carea' id='block_1_11' title="bbox 1385 2771 2118 2872">
    <p class='ocr_par' dir='ltr' id='par_1_13' title="bbox 1385 2771 2118 2872">
     <span class='ocr_line' id='line_1_81' title="bbox 1386 2771 2118 2822; baseline 0.007 -15"><span class='ocrx_word' id='word_1_628' title='bbox 1386 2782 1486 2793; x_wconf 91' lang='grc'>·-·-</span> <span class='ocrx_word' id='word_1_629' title='bbox 1513 2782 1562 2792; x_wconf 87' lang='grc'>·-</span> <span class='ocrx_word' id='word_1_630' title='bbox 1588 2784 1648 2810; x_wconf 87' lang='lat' dir='ltr'>nec</span> <span class='ocrx_word' id='word_1_631' title='bbox 1669 2771 1767 2822; x_wconf 81' lang='lat' dir='ltr'>ceffat</span> <span class='ocrx_word' id='word_1_632' title='bbox 1787 2773 1961 2822; x_wconf 85' lang='lat' dir='ltr'>naufraga</span> <span class='ocrx_word' id='word_1_633' title='bbox 1980 2773 2118 2812; x_wconf 71' lang='lat' dir='ltr'>virtusz</span> 
     </span>
     <span class='ocr_line' id='line_1_82' title="bbox 1385 2821 1894 2872; baseline 0.006 -12"><span class='ocrx_word' id='word_1_634' title='bbox 1385 2821 1467 2861; x_wconf 83' lang='lat' dir='ltr'>Tela</span> <span class='ocrx_word' id='word_1_635' title='bbox 1490 2821 1617 2872; x_wconf 86' lang='lat' dir='ltr'>legunt</span> <span class='ocrx_word' id='word_1_636' title='bbox 1636 2823 1768 2863; x_wconf 63' lang='lat' dir='ltr'>deiecta</span> <span class='ocrx_word' id='word_1_637' title='bbox 1788 2824 1894 2863; x_wconf 85' lang='lat' dir='ltr'>mari.</span> 
     </span>
    </p>
   </div>
   <div class='ocr_carea' id='block_1_12' title="bbox 1283 2922 2309 3027">
    <p class='ocr_par' dir='ltr' id='par_1_14' title="bbox 1283 2922 2309 3027">
     <span class='ocr_line' id='line_1_83' title="bbox 1285 2922 2306 2975; baseline 0 -13"><span class='ocrx_word' id='word_1_638' title='bbox 1285 2923 1419 2962; x_wconf 84' lang='lat' dir='ltr'>Sallust.</span> <span class='ocrx_word' id='word_1_639' title='bbox 1439 2924 1522 2964; x_wconf 85' lang='lat' dir='ltr'>Cat.</span> <span class='ocrx_word' id='word_1_640' title='bbox 1540 2936 1619 2975; x_wconf 79' lang='lat' dir='ltr'>cap.</span> <span class='ocrx_word' id='word_1_641' title='bbox 1652 2926 1780 2967; x_wconf 87' lang='lat' dir='ltr'>XVII.</span> <span class='ocrx_word' id='word_1_642' title='bbox 1808 2934 1900 2965; x_wconf 86' lang='lat' dir='ltr'>extr.</span> <span class='ocrx_word' id='word_1_643' title='bbox 1922 2925 2035 2965; x_wconf 81' lang='lat' dir='ltr'>simul</span> <span class='ocrx_word' id='word_1_644' title='bbox 2063 2923 2251 2975; x_wconf 83' lang='lat' dir='ltr'>confisum,</span> <span class='ocrx_word' id='word_1_645' title='bbox 2280 2922 2306 2962; x_wconf 81' lang='lat' dir='ltr'>fi</span> 
     </span>
     <span class='ocr_line' id='line_1_84' title="bbox 1283 2975 2309 3027; baseline -0.003 -13"><span class='ocrx_word' id='word_1_646' title='bbox 1283 2976 1491 3014; x_wconf 85' lang='lat' dir='ltr'>coniuratio</span> <span class='ocrx_word' id='word_1_647' title='bbox 1555 2978 1717 3027; x_wconf 77' lang='lat' dir='ltr'>valuisset</span> <span class='ocrx_word' id='word_1_648' title='bbox 1750 3006 1761 3022; x_wconf 95' lang='lat'>,</span> <span class='ocrx_word' id='word_1_649' title='bbox 1800 2978 1909 3026; x_wconf 81' lang='lat' dir='ltr'>facile</span> <span class='ocrx_word' id='word_1_650' title='bbox 1951 2976 2045 3025; x_wconf 75' lang='lat' dir='ltr'>apud</span> <span class='ocrx_word' id='word_1_651' title='bbox 2088 2977 2168 3014; x_wconf 81' lang='lat' dir='ltr'>illos</span> <span class='ocrx_word' id='word_1_652' title='bbox 2211 2975 2309 3024; x_wconf 82' lang='lat' dir='ltr'>prin-</span> 
     </span>
    </p>
   </div>
   <div class='ocr_carea' id='block_1_13' title="bbox 206 3025 2310 3128">
    <p class='ocr_par' dir='ltr' id='par_1_15' title="bbox 206 3025 2310 3128">
     <span class='ocr_line' id='line_1_85' title="bbox 213 3025 2310 3077; baseline -0 -15"><span class='ocrx_word' id='word_1_653' title='bbox 213 3027 306 3062; x_wconf 69' lang='lat' dir='ltr'>0Pus</span> <span class='ocrx_word' id='word_1_654' title='bbox 323 3030 398 3059; x_wconf 84' lang='lat' dir='ltr'>etat</span> <span class='ocrx_word' id='word_1_655' title='bbox 418 3025 562 3063; x_wconf 85' lang='lat' dir='ltr'>summo</span> <span class='ocrx_word' id='word_1_656' title='bbox 581 3038 667 3064; x_wconf 90' lang='lat' dir='ltr'>cum</span> <span class='ocrx_word' id='word_1_657' title='bbox 688 3026 814 3067; x_wconf 86' lang='lat' dir='ltr'>labore</span> <span class='ocrx_word' id='word_1_658' title='bbox 847 3040 911 3076; x_wconf 90' lang='lat' dir='ltr'>per</span> <span class='ocrx_word' id='word_1_659' title='bbox 941 3028 975 3065; x_wconf 90' lang='lat' dir='ltr'>se</span> <span class='ocrx_word' id='word_1_660' title='bbox 1013 3027 1131 3066; x_wconf 79' lang='lat' dir='ltr'>literas</span> <span class='ocrx_word' id='word_1_661' title='bbox 1175 3025 1229 3062; x_wconf 89' lang='lat' dir='ltr'>di·</span> <span class='ocrx_word' id='word_1_662' title='bbox 1285 3029 1583 3077; x_wconf 76' lang='lat' dir='ltr'>cipemfuturum.</span> <span class='ocrx_word' id='word_1_663' title='bbox 1639 3029 1781 3067; x_wconf 84' lang='lat' dir='ltr'>Eadem</span> <span class='ocrx_word' id='word_1_664' title='bbox 1806 3030 1949 3066; x_wconf 87' lang='lat' dir='ltr'>ratione</span> <span class='ocrx_word' id='word_1_665' title='bbox 1972 3040 1992 3066; x_wconf 89' lang='lat' dir='ltr'>a</span> <span class='ocrx_word' id='word_1_666' title='bbox 2016 3028 2207 3067; x_wconf 78' lang='lat' dir='ltr'>Concreto</span> <span class='ocrx_word' id='word_1_667' title='bbox 2230 3054 2241 3069; x_wconf 91' lang='lat'><strong><em>,</em></strong></span> <span class='ocrx_word' id='word_1_668' title='bbox 2267 3030 2310 3061; x_wconf 85' lang='lat' dir='ltr'>ut</span> 
     </span>
     <span class='ocr_line' id='line_1_86' title="bbox 206 3066 2310 3128; baseline 0.008 -25"><span class='ocrx_word' id='word_1_669' title='bbox 206 3066 329 3115; x_wconf 71' lang='lat' dir='ltr'>scere,</span> <span class='ocrx_word' id='word_1_670' title='bbox 355 3081 438 3111; x_wconf 86' lang='lat' dir='ltr'>cum</span> <span class='ocrx_word' id='word_1_671' title='bbox 455 3076 493 3112; x_wconf 87' lang='lat' dir='ltr'>iu</span> <span class='ocrx_word' id='word_1_672' title='bbox 514 3076 601 3115; x_wconf 85' lang='lat' dir='ltr'>urbe</span> <span class='ocrx_word' id='word_1_673' title='bbox 621 3077 856 3119; x_wconf 76' lang='lat' dir='ltr'>versaretur?</span> <span class='ocrx_word' id='word_1_674' title='bbox 884 3089 1018 3119; x_wconf 80' lang='lat' dir='ltr'>vetum</span> <span class='ocrx_word' id='word_1_675' title='bbox 1042 3075 1128 3128; x_wconf 81' lang='lat' dir='ltr'>quia</span> <span class='ocrx_word' id='word_1_676' title='bbox 1149 3084 1241 3115; x_wconf 90' lang='lat' dir='ltr'>tunc</span> <span class='ocrx_word' id='word_1_677' title='bbox 1286 3078 1525 3126; x_wconf 86' lang='lat' dir='ltr'>nominatur,</span> <span class='ocrx_word' id='word_1_678' title='bbox 1552 3079 1739 3119; x_wconf 83' lang='lat' dir='ltr'>transeunt</span> <span class='ocrx_word' id='word_1_679' title='bbox 1761 3079 1808 3120; x_wconf 86' lang='lat' dir='ltr'>ad</span> <span class='ocrx_word' id='word_1_680' title='bbox 1828 3079 2061 3119; x_wconf 69' lang='lat' dir='ltr'>Abstractum</span> <span class='ocrx_word' id='word_1_681' title='bbox 2084 3106 2095 3125; x_wconf 90' lang='lat'><em>‚</em></span> <span class='ocrx_word' id='word_1_682' title='bbox 2132 3076 2232 3126; x_wconf 85' lang='lat' dir='ltr'>quod</span> <span class='ocrx_word' id='word_1_683' title='bbox 2261 3074 2310 3112; x_wconf 76' lang='lat' dir='ltr'>ad</span> 
     </span>
    </p>
   </div>
   <div class='ocr_carea' id='block_1_14' title="bbox 1615 3129 2310 3175">
    <p class='ocr_par' dir='ltr' id='par_1_16' title="bbox 1615 3129 2310 3175">
     <span class='ocr_line' id='line_1_87' title="bbox 1615 3129 2310 3175; baseline -0.004 -9"><span class='ocrx_word' id='word_1_684' title='bbox 1615 3129 1645 3166; x_wconf 84' lang='lat' dir='ltr'>F</span> <span class='ocrx_word' id='word_1_685' title='bbox 1673 3142 1693 3169; x_wconf 80' lang='lat'>2</span> <span class='ocrx_word' id='word_1_686' title='bbox 2216 3136 2310 3175; x_wconf 65' lang='lat' dir='ltr'>eun:</span> 
     </span>
    </p>
   </div>
  </div>
 </body>
</html>
