2616 3686
515 186 1650 246 -LIBER‘XEPISTOLA
1717 197 1914 254 xx1v.
2199 224 2300 278 ⁷35

176 272 287 335 Sed
311 271 546 344 primum
583 284 701 322 mea
729 308 743 329 ,
784 265 981 321 deinde
1003 270 1164 337 patris
1191 270 1270 321 tui
1296 269 1606 325 valetudine
1632 311 1647 336 ‚
1688 275 1872 343 postea
1899 280 2038 334 curis
2063 268 2296 355 delegati

175 365 209 407 a,
239 346 388 402 vobis
420 340 592 398 officii
625 354 865 395 retentus
899 383 916 408 ,
962 358 1112 396 nunc
1153 341 1343 417 videor
1382 345 1822 402 commodissime
1857 349 2004 421 poste
2045 358 2059 383 ι
2103 351 2155 409 ih
2179 376 2297 414 rem

174 419 510 492 praesentem
531 433 835 471 excurrere.
908 421 929 447 ²
961 415 1099 470 Nam
1126 415 1181 469 &
1209 417 1542 473 menstruum
1570 438 1753 476 meum
1777 422 2001 478 Calend.
2051 425 2294 499 Septem-

175 494 283 560 bris
310 494 530 556 finitur,
570 492 623 544 &
651 491 877 562 sequens
901 490 1090 545 mensis
1118 493 1426 564 complures
1462 493 1571 548 dies
1605 500 1622 530 ⁸
1663 495 1880 552 feriatos
1913 499 2089 554 habet.
2130 502 2343 575 Rog04

175 586 336 640 ergo,
377 580 502 622 ante
524 568 703 620 omnia
731 566 1005 638 permittas
1030 566 1160 620 mihi
1183 584 1353 637 opus,
1394 568 1922 640 quod-inchoaturus
1952 574 2096 638 sum,
2138 594 2299 632 exor-

176 661 305 698 nare
331 642 385 696 δε
411 656 500 697 tua
522 641 718 694 statua:
762 640 960 694 deinde
986 677 1003 702 ,
1064 653 1123 694 ut
1158 641 1264 695 hoc
1290 641 1466 697 facere
1503 662 1665 717 quam
1703 647 2050 704 maturissime
2073 650 2296 720 poffim‚

173 718 487 788 ⁴indulgeas
511 729 895 769 commeatum.
976 714 1101 769 Non
1139 715 1211 769 est
1249 731 1428 771 autem
1457 717 1802 790 simplicitatis
1829 741 2011 792 meae,
2053 724 2336 790 diffimu-5

178 793 287 847 lare
315 791 453 861 apud
490 791 789 844 bonitatem
817 803 1014 853 tuam,
1065 789 1244 844 obiter
1285 804 1341 844 te
1375 793 1668 863 plurimum
1703 798 2025 853 collaturum
2054 801 2299 856 utilitati-

179 867 276 921 bus
303 867 379 919 rei
406 865 668 918 familiaris
693 881 860 917 meae.
944 866 1224 936 Agrorum
1248 868 1394 919 enim
1423 910 1436 929 ‚
1477 885 1615 940 quos
1641 872 1693 925 in
1720 873 1910 928 eadem
1938 877 2160 943 regione
2181 876 2302 946 pos.

178 941 353 1003 side0,
390 940 591 993 locatio
619 956 740 992 cum
763 940 962 1011 alioqui
1001 938 1231 1005 CCCC.
1273 942 1528 1005 excedat,
1550 943 1688 999 adeo
1725 963 1834 1001 non
1863 949 2036 1021 potest
2062 947 2301 1014 differri,

177 1030 237 1071 ut
273 1018 578 1086 proximam
619 1017 956 1084 putationem
995 1029 1166 1068 novus
1200 1016 1428 1071 colonus
1462 1016 1641 1072 facere
1692 1020 1901 1076 debeat.
1995 1023 2322 1088 Praeterea,v

221 1090 511 1148 continuae
534 1087 830 1144 sterilitates
866 1105 1071 1162 cogunt
1107 1106 1194 1143 me
1233 1089 1302 1145 de
1334 1091 1723 1150 remissionibus
1759 1098 2028 1169 cogitare,
2074 1113 2307 1172 quarum

1061 1184 1064 1186 ’
2147 1190 2311 1230 fallo·

175 1267 341 1323 eap.XX.
357 1278 392 1304 n⁴
415 1264 450 1303 8.
465 1265 516 1323 ‘de
535 1265 644 1322 milito
665 1265 833 1323 desertor.
855 1265 935 1323 iada
957 1265 1049 1304 latro
1064 1294 1073 1310 ,
1086 1264 1209 1303 deinde
1268 1266 1325 1305 sua
1345 1269 1697 1326 opera-consilioque
1708 1282 1828 1312 carere
1839 1270 1964 1332 poise-
1977 1274 2006 1313 B
2019 1285 2079 1312 ue
2093 1286 2155 1314 HN
2168 1285 2188 1312 ε
2201 1278 2239 1314 a.

178 1328 217 1354 in
239 1318 381 1356 honore
399 1330 531 1355 vinum
547 1317 733 1366 gladmtor.
769 1317 829 1356 ubi
857 1316 940 1355 vide
972 1317 1017 1355 Cl
1062 1315 1194 1355 Dticke
1327 1329 1360 1367 3.
1388 1322 1578 1372 fermus]
1607 1323 1756 1362 Vacuos
1780 1335 1800 1361 a
1823 1326 1982 1374 negociis
2001 1326 2160 1375 publicis,
2194 1327 2306 1363 Erant

179 1377 275 1406 rum.
303 1369 372 1408 Sed
391 1376 472 1405 utut
503 1368 574 1406 hoc
604 1367 699 1416 apud
730 1367 814 1405 alios
842 1366 957 1406 feram
981 1395 991 1413 ‚
1027 1366 1072 1405 de
1094 1367 1210 1405 Plinio
1273 1368 1381 1407 feriae
1402 1371 1487 1416 Jovi
1511 1373 1636 1411 sacrae.
1667 1385 1800 1423 genera
1831 1385 1956 1414 autem
1989 1388 2111 1416 earum
2136 1383 2307 1425 quatuor.

180 1426 306 1457 tamen
323 1421 404 1469 jam
430 1419 532 1467 supra
563 1419 801 1467 pronunciavi
823 1446 834 1463 ‚
872 1431 958 1456 euin
984 1419 1102 1467 potius
1121 1429 1209 1454 con-
1275 1420 1313 1456 in
1346 1421 1442 1459 feriis
1470 1423 1543 1460 hoc
1569 1432 1711 1463 tantum
1730 1426 1860 1464 licebat
1895 1439 2000 1476 agere
2021 1457 2033 1473 ,
2067 1439 2112 1465 ex
2138 1426 2306 1475 responso

155 1469 318 1523 “suetam
341 1470 517 1507 rationem
549 1469 711 1507 secutum
739 1467 811 1506 effe
833 1496 843 1514 ,
876 1470 1044 1520 adeoque
1080 1469 1118 1506 &
1138 1468 1211 1506 hoc
1275 1470 1469 1510 Scaevolae
1490 1500 1500 1518 ‚
1539 1474 1640 1523 quod
1668 1475 1949 1524 praetermiffum
1983 1485 2163 1517 noceret:
2200 1479 2311 1526 longa

181 1519 268 1558 loco
289 1517 455 1568 scripsisse
478 1521 514 1557 in
531 1519 702 1557 honorem.
728 1519 797 1556 Co
813 1533 836 1556 a
853 1532 877 1556 τ
891 1533 923 1558 ε.
1148 1569 1154 1576 .
1274 1519 1469 1560 dissertatio
1505 1525 1554 1561 est
1588 1525 1691 1575 super
1727 1527 1913 1576 praedictis
1940 1530 2035 1578 apud
2074 1529 2310 1574 Macrobium

242 1583 272 1608 1.
299 1577 344 1607 In
376 1584 447 1608 rem
472 1570 677 1620 praesentem
709 1570 920 1620 excurrere.]
963 1575 1015 1607 Ire
1039 1598 1049 1616 ‚
1073 1582 1211 1614 ventre,
1276 1571 1356 1611 Lib.
1378 1574 1404 1610 1.
1431 1574 1679 1615 Saturnalium.
1707 1579 1739 1615 C
1755 1590 1775 1614 Α
1792 1590 1901 1618 τΛΝ.

184 1624 243 1659 vel
257 1620 413 1672 proficisci
433 1649 444 1665 ,
483 1621 543 1658 vel
571 1633 745 1658 excurrere
757 1621 793 1657 in
815 1634 886 1658 rem
906 1620 1212 1671 praestatem,ele—
1325 1637 1360 1671 4.
1389 1627 1572 1677 Indulgeas
1596 1633 1860 1680 commeatum]
1900 1637 2142 1673 Commeatum
2165 1662 2176 1679 ‚
2201 1645 2312 1673 com..

185 1681 310 1720 ganter
345 1673 382 1710 ὅς
411 1671 517 1720 saepe
547 1670 695 1710 dicitur:
741 1670 841 1720 quod
872 1671 1048 1710 Germani
1077 1677 1213 1709 vocant
1277 1677 1459 1721 meandi,
1505 1680 1580 1715 five
1620 1679 1870 1727 proficiscendi
1907 1686 2050 1733 copiam
2089 1686 2312 1735 veniamque

182 1723 284 1777 2111ff
297 1728 361 1766 ben
379 1722 620 1773 QIItgctit‘dssiu
641 1722 778 1779 5iebe11:
809 1721 902 1759 Item
924 1735 933 1760 :
974 1723 1075 1763 einen
1105 1720 1211 1770 ἓίιιῧε
1278 1724 1376 1764 dixit.
1405 1726 1495 1765 Inde
1516 1731 1553 1767 &
1575 1730 1641 1767 alia
1655 1732 1763 1769 venia
1776 1733 1962 1782 adpellata.
1991 1736 2153 1784 Vellejus
2174 1737 2314 1775 Lib.lI.

183 1779 407 1830 gaitgtbun.
438 1779 547 1816 Latet
574 1778 634 1816 hic
663 1777 719 1815 illa
744 1776 913 1816 sententia
933 1806 944 1822 ‚
981 1776 1209 1826 praesentiam
1277 1777 1510 1833 cap-‚XCIX
1560 1780 1828 1821 Commeatum
1858 1783 1903 1820 ab
1926 1785 2038 1835 socero
2067 1797 2171 1838 atque
2196 1788 2310 1824 eodem

185 1834 320 1872 domini
338 1832 493 1871 omnihus
510 1834 546 1871 in
567 1832 665 1870 rehtu·
682 1833 870 1881 plurimum
893 1832 1009 1870 valere
1030 1859 1040 1876 ‚
1067 1844 1109 1872 φ’
1127 1841 1204 1882 opus
1264 1837 1401 1865 .‘Ullrlco
1426 1830 1656 1880 acquiescendi
1688 1846 1710 1869 a
1740 1834 1996 1875 continuatione
2025 1837 2181 1875 laborum
2206 1837 2314 1888 petiit·

180 1894 389 1933 promovere.
439 1885 575 1924 Seneca
601 1884 709 1931 Epist.
733 1883 797 1920 vl.
828 1885 868 1921 ln
885 1894 962 1921 rem
986 1883 1207 1932 praesentem
1230 1932 1233 1933 ⁷
1277 1876 1404 1916 Festus
1429 1893 1438 1918 ἔ
1466 1882 1498 1918 C
1513 1882 1604 1918 OM
1620 1883 1663 1920 Μ
1678 1884 1756 1922 ΕΑ
1771 1885 1857 1923 TU
1873 1887 1915 1923 Μ
1943 1915 1953 1932 ‚
1991 1897 2121 1936 tempus
2142 1890 2235 1926 illud
2254 1892 2311 1927 in·

188 1936 311 1972 venias
328 1944 452 1984 oportet
470 1963 482 1978 ,
522 1935 603 1984 quia
632 1935 779 1971 homines
809 1934 957 1983 amplius
984 1933 1084 1971 ocutis
1101 1948 1208 1985 quam
1278 1935 1513 1977 terpretatur,
1546 1946 1610 1983 qut>
1635 1935 1710 1985 φής
1734 1936 1781 1973 ire
1817 1947 1860 1974 (9·
1894 1939 2004 1976 redire
2018 1939 2131 1988 P0²est-
2159 1940 2314 1978 BUCH·

120 2019 124 2022 .
188 1985 334 2022 auribus
351 1985 1211 2035 credunt,tquaeHerodotiestsententia>Item
1280 1990 1388 2037 Nen-
1442 1983 1519 2022 Adi
1553 1985 1653 2032 supra
1693 1986 1772 2024 Lib.
1796 1988 1865 2024 ΠΙ.
1903 1987 2010 2036 Epist.
2039 1990 2106 2027 lV.
2143 2002 2179 2028 n.
2201 2002 2237 2029 2.
2272 1992 2312 2029 &

189 2037 328 2074 Seneca
350 2064 360 2080 ‚
389 2036 484 2083 Epist
518 2035 562 2074 C.
595 2036 696 2084 Quid
726 2044 801 2085 opus
818 2036 860 2081 est
880 2035 1032 2074 verbis?
1062 2037 1104 2075 In
1131 2047 1209 2074 rem
1278 2031 1360 2068 le-
1378 2032 1427 2068 V·
1455 2034 1561 2090 Epist.
1579 2035 1665 2073 XV.
1693 2048 1730 2074 n.
1752 2049 1789 2085 9.
1816 2038 1911 2074 lnfra
1935 2039 2050 2078 Aldus
2070 2041 2224 2079 vitiose:
2253 2048 2310 2079 A·

187 2086 408 2135 piaesentem
421 2097 555 2125 eamus,
584 2087 617 2124 R
633 2101 644 2122 1
657 2098 745 2135 (rr-E
758 2099 782 2124 R
796 2098 810 2124 3
822 2099 845 2124 fl
862 2099 886 2125 U
901 2099 927 2126 s,
1271 2095 1412 2138 grorum
1432 2097 1522 2122 emm
1534 2112 1546 2130 ‚
1573 2099 1654 2136 quos
1677 2086 1703 2125 i.
1730 2101 1757 2126 e.
1786 2101 1816 2127 r.
1835 2090 1996 2140 possideo,
2015 2090 2214 2130 locationem
2226 2092 2314 2141 alioff

237 2149 270 2174 2.
307 2144 404 2174 Nam
433 2150 474 2178 ω·
501 2136 710 2182 menstruum
741 2141 905 2186 meum]
942 2137 1206 2177 Praefedluram
1277 2146 1338 2184 qut
1363 2139 1504 2174 0000.
1530 2138 1682 2175 excedat.

184 2187 306 2225 aerarii
337 2199 421 2226 cum
451 2189 620 2226 Cornuto
653 2189 821 2226 Tertullo
846 2188 1109 2228 administrabat
1142 2190 1209 2228 Pli-
1268 2211 1270 2213 ·
1330 2196 1364 2233 ς·
1392 2187 1587 2225 Continuat?
1602 2187 1794 2232 sterilitates
1824 2202 1946 2241 cogunt
1976 2206 2030 2231 me
2058 2194 2099 2232 de
2120 2194 2311 2242 remiffione'-

187 2240 279 2276 nius,
314 2238 489 2276 Ceterum
513 2238 700 2276 obtinebat
723 2239 892 2283 Romae,
921 2249 960 2277 ut
977 2241 1061 2278 socii
1080 2252 1213 2279 anne·
1238 2224 1242 2271 1
1278 2234 1341 2272 bus
1368 2238 1544 2286 cogitare]
1575 2239 1635 2277 DC
1670 2242 1932 2280 remiffionibus
1970 2244 2136 2282 Videlicet
2171 2245 2313 2292 penfio·

184 2290 228 2327 ris
254 2291 291 2326 ὃς
314 2290 488 2340 dignitatis
505 2301 567 2338 per
586 2290 682 2326 vices
703 2289 898 2327 menstruas
918 2299 1096 2330 curarent.
1134 2291 1185 2330 Ita
1201 2319 1211 2337 ‚
1240 2281 1244 2328 ἵ
1279 2297 1382 2343 num·
1433 2288 1507 2329 Hic
1525 2290 1627 2327 lOCUS
1648 2302 1740 2328 unus
1759 2293 1806 2330 est
1829 2305 1875 2330 ex
1896 2294 1960 2331 illis
1981 2321 1990 2338 ³
2020 2296 2081 2343 qui
2102 2295 2233 2343 absque
2250 2307 2316 2334 CO·

170 2340 229 2377 'ut
248 2351 329 2378 cum
352 2352 414 2389 per
447 2351 563 2377 unum
590 2339 753 2377 mensem
775 2339 978 2388 praefuiffet
997 2343 1105 2386 alter,
1123 2343 1211 2381 alter
1242 2333 1244 2385 ξ
1280 2346 1444 2384 gnitione
1461 2340 1549 2389 juris
1566 2352 1642 2377 non
1665 2342 1781 2389 potest
1801 2344 1877 2382 satis
1907 2345 2063 2393 intelligi.
2115 2345 2225 2384 Initio
2252 2358 2318 2384 au-

187 2390 352 2439 sequenti
373 2390 564 2439 praeesset,
585 2391 683 2428 &ita
696 2390 945 2439 orbisquidam
967 2391 1076 2431 fieret.
1105 2394 1212 2432 Simi-
1240 2388 1244 2437 ι’
1281 2395 1356 2425 tem
1379 2389 1643 2428 Observandum
1669 2419 1679 2436 2
1714 2393 1857 2441 praedia
1885 2394 2009 2433 rustica
2039 2395 2182 2434 duobus
2198 2397 2317 2436 modis

174 2442 266 2485 ,liter
277 2444 313 2479 in
329 2443 527 2479 Consulatu
547 2452 608 2487 per
621 2439 803 2478 mensium
828 2442 922 2479 vices
934 2454 1045 2490 penes
1057 2443 1213 2482 alterum
1240 2440 1242 2444 ‘
1282 2437 1395 2477 solere
1417 2441 1524 2478 lOcari
1545 2442 1603 2480 Vel
1627 2444 1779 2481 nummis
1802 2472 1812 2489 ‚
1847 2443 1921 2484 five
1952 2444 1997 2484 ad
2027 2448 2222 2496 pecuniam
2245 2461 2318 2485 nu-

189 2492 418 2541 alterumque
437 2494 526 2530 illius
544 2492 684 2539 imperii
705 2492 814 2530 fasces
832 2494 1010 2536 erant‚de
1023 2505 1099 2543 quo
1120 2495 1216 2533 Dio-
1284 2497 1460 2528 metatam
1484 2519 1495 2536 ,
1520 2492 1594 2530 hoc
1616 2493 1665 2532 est
1685 2521 1696 2537 ,
1734 2505 1776 2532 ea
1794 2495 1875 2544 lege
1895 2523 1905 2540 ‚
1932 2504 1971 2534 ut
1999 2499 2190 2544 quotannis
2222 2508 2318 2536 certa

187 2542 309 2591 nysius
340 2544 425 2581 Lib.
445 2543 492 2581 V.
519 2543 642 2581 initio:
667 2543 831 2590 itemque
853 2543 979 2581 Livius
998 2545 1035 2582 in
1053 2545 1217 2584 Decem-
1285 2551 1527 2581 nummorum
1555 2546 1732 2593 quantitas
1752 2545 1856 2583 detur
1882 2546 2033 2586 locatori
2052 2559 2069 2585 a
2093 2548 2318 2588 conductore

188 2594 348 2631 virorum
380 2592 520 2632 historia
540 2622 550 2638 ,
592 2594 629 2630 &
661 2593 796 2630 Gellius
836 2592 919 2630 Lib.
952 2594 1001 2632 Π.
1031 2606 1108 2643 cap.
1130 2597 1216 2636 XV.
1284 2590 1345 2628 seu
1356 2592 1507 2631 colono.
1529 2595 1618 2643 Leg.
1629 2594 1756 2635 XXVI
1778 2595 1802 2634 fi
1829 2609 1929 2646 apes.
1953 2599 1987 2640 §.
2006 2610 2039 2636 1.
2073 2598 2122 2637 D.
2141 2598 2186 2637 de
2207 2600 2323 2639 furtis.

188 2641 448 2695 Meminitejus
462 2646 545 2682 ritus
558 2643 869 2682 Suetoniusetiam
880 2643 1033 2683 Caesare
1044 2646 1215 2692 cap.XX.
1285 2641 1342 2678 Vel
1362 2643 1520 2691 partibus
1541 2671 1553 2688 ‚
1589 2645 1625 2683 id
1653 2646 1704 2684 est
1727 2675 1737 2692 ‚
1765 2656 1806 2685 Ut
1826 2649 1978 2686 colonus
2008 2657 2140 2687 certam
2174 2658 2314 2697 partem

192 2696 429 2746 Mmftmum,
457 2694 588 2733 mensis
600 2708 611 2738 ;
640 2693 714 2732 five
733 2695 956 2732 menstruum
981 2704 1124 2744 tempus
1144 2698 1192 2734 est
1207 2727 1218 2744 ‚
1282 2692 1470 2731 fruetuum
1493 2695 1553 2733 det
1575 2695 1730 2736 domino
1755 2697 1828 2736 ssve
1846 2699 2018 2742 locatori,
2047 2699 2084 2736 δε
2108 2700 2207 2748 quasi
2221 2713 2316 2750 quo-

192 2741 264 2782 hoc
293 2746 343 2784 est
363 2774 374 2791 ,
438 2745 513 2783 uod
545 2747 652 2783 Luna
682 2747 898 2783 circumiens
929 2747 1066 2795 implet.
1118 2747 1218 2787 Duas
1285 2741 1368 2780 dam
1390 2745 1562 2783 societatis
1578 2747 1660 2796 jure
1687 2750 1827 2786 lucrum
1851 2750 1889 2786 ὃς
1922 2747 2098 2787 damnum
2132 2753 2317 2796 cum-do-

193 2791 311 2842 itaque
327 2758 457 2834 cauflc‘sss
479 2796 581 2836 affert
603 2797 757 2840 Plinius,
789 2808 851 2834 cur
874 2797 1037 2845 petitioni
1057 2797 1139 2835 suae
1155 2809 1220 2836 ve-
1284 2794 1388 2832 mino
1411 2795 1514 2833 fundi
1535 2797 1714 2843 partiatur.
1739 2798 1837 2836 unde
1866 2799 1973 2836 eiiam
2000 2799 2059 2838 liic
2089 2801 2241 2840 colonus
2263 2804 2317 2842 di-

195 2844 291 2881 niam
323 2845 405 2885 dare
437 2849 637 2897 lmperator
667 2847 805 2885 debeat.
857 2848 978 2885 Prima
1003 2847 1050 2885 est
1075 2876 1086 2893 ‚
1112 2848 1215 2897 quod
1283 2844 1374 2900 citur
1388 2845 1595 2893 partiarius.
1632 2848 1723 2896 Leg.
1750 2848 1874 2886 XXV.
1901 2848 1925 2886 fi
1959 2861 2120 2894 merces„
2137 2853 2170 2894 §.
2199 2855 2233 2892 6.
2261 2855 2313 2893 vis

195 2891 295 2930 suum
320 2896 478 2935 mensem
512 2900 548 2937 jn
570 2898 737 2936 obeunda
758 2897 982 2945 praefecmra
1000 2899 1123 2937 aerarii
1144 2900 1217 2936 im-
1285 2904 1414 2951 maior.
1435 2897 1523 2933 vers.
1544 2905 1704 2944 apparet.
1731 2898 1784 2937 D.
1806 2900 1926 2939 locati.
1952 2900 2055 2949 quod
2085 2912 2198 2950 genus
2221 2905 2315 2943 Ger-

192 2942 342 2990 plevetit
364 2973 374 2989 ‚
406 2948 442 2984 ὅ(
468 2960 565 2986 nunc
590 2949 678 2987 illius
707 2949 847 2987 summa
868 2960 950 2986 cura
974 2950 1018 2987 ad
1038 2950 1211 2997 collegam
1282 2954 1381 2982 mam
1411 2954 1546 2984 vocant
1573 2948 1657 2996 balb
1688 2949 1875 2994 Qatnreu.
1930 2951 1977 2989 Et
2011 2952 2083 2990 hoc
2120 2953 2310 2995 discrimen

189 2991 410 3031 devolvatur.
461 2998 621 3037 Secunda
644 3029 655 3044 ,
688 3001 770 3048 quia
803 3000 952 3049 sequens
983 3000 1114 3038 mensis
1136 3001 1209 3048 plu·
1280 2999 1499 3040 colonorum
1532 3001 1704 3051 fignificat
1738 3006 1810 3053 ipse
1842 3008 1964 3046 noster
2000 3009 2090 3050 Plin.
2129 3011 2211 3050 Lib.
2243 3014 2309 3052 lX.

187 3053 243 3081 res
265 3043 340 3082 dies
359 3044 501 3092 feriatos
530 3050 687 3095 habeam
723 3050 856 3090 idcirco
888 3050 1075 3101 Collegam
1109 3051 1210 3090 facile
1279 3050 1388 3101 Epist.
1407 3052 1605 3104 XXXVll.
1643 3054 1703 3094 ubi
1737 3060 1971 3107 conqueritur
2003 3059 2049 3100 de
2077 3062 2306 3112 improbitate

1715 3108 1874 3147 Aaaaa
2211 3114 2312 3152 colon
