2616 3686
257 1015 288 1052 2

263 1305 287 1357 3

259 1447 292 1495 4

262 1586 292 1634 5

330 215 423 271 ωε
588 211 647 263 c,
710 207 1102 263 pL1N11
1168 206 1679 262 CAECIL‘II
1746 168 2263 271 SECUN'Di

330 313 451 352 rum
478 292 551 349 est
573 295 724 350 nobis
747 294 1021 350 Silvanum
1047 293 1103 346 in
1129 292 1311 346 locum
1336 304 1486 346 tuum
1514 291 1769 347 subdere:
1810 296 1897 350 cui
1910 298 2072 370 cupio
2096 310 2204 355 tam
2231 301 2442 371 gratuiti

333 369 436 424 effe
462 385 653 425 munus
677 381 863 433 tuum,
903 382 1066 439 quarn
1092 363 1191 419 tibi
1218 381 1398 419 meum
1426 363 1516 419 est·
1559 366 1710 420 Vale.
2427 386 2431 401 τ

450 533 558 590 ῙΧ.
637 534 705 590 C.
780 535 1212 589 Pnintus
1287 529 1940 587 'MlNUTIANO
2016 531 2197 588 Suo
2267 535 2321 594 S.

332 695 641 750 Minutiano
671 692 918 746 Macrino
934 689 1166 763 fingulos
1189 691 1343 745 acfi‘us
1365 682 1711 760 accufhtionis
1723 691 1934 762 Claffici
1954 704 2172 757 narrat,
2214 692 2269 751 (ὅ
2294 679 2442 765 quem

589 779 836 820 eventum
874 764 1014 818 αὲῗὶο
1044 764 1277 834 sortita,
1312 776 1539 835 quotque
1567 765 1766 819 labores
1792 768 2062 837 perpeffus
2081 766 2175 834 stt.

330 913 618 1048 POffum
640 914 749 985 jam
773 910 1100 985 perscribere
1129 909 1260 973 tibi,
1297 920 1562 980 quantum
1592 909 1647 962 in
1683 909 1891 980 publica
1916 913 2225 982 provinciae
2260 912 2438 969 Baeti-

467 1004 560 1042 cae
586 986 735 1041 causa
763 985 953 1039 laboris
991 982 1342 1038 exhauserim.
1417 981 1555 1034 Nam
1599 979 1701 1035 fuit
1740 983 2018 1051 multiplex
2045 1023 2061 1046 ‚
2109 985 2329 1056 aeiaque
2367 986 2443 1040 est

332 1059 540 1129 saepius
575 1062 700 1113 eum
731 1073 917 1127 magna
946 1056 1215 1110 varietate.
1292 1054 1308 1073 ²
1334 1051 1495 1106 Unde
1520 1054 1777 1108 varietas?
1817 1053 1959 1108 unde
1987 1055 2160 1124 plures
2185 1057 2439 1111 aeiiones?

336 1130 600 1186 Caecilius
629 1128 913 1191 ClassicuS,
954 1129 967 1154 ³
1004 1129 1171 1181 homo
1205 1123 1398 1180 foedus
1422 1125 1476 1176 &
1511 1138 1692 1194 aperte
1743 1129 1906 1180 malus
1937 1165 1951 1189 ‚
2006 1125 2441 1183 proconsulatum

336 1204 390 1256 in
420 1220 480 1255 ea
507 1220 616 1256 non
645 1203 814 1255 minus
838 1201 1100 1254 violenter
1121 1241 1134 1263 ‚
1173 1214 1332 1268 quam
1363 1195 1578 1249 sordide
1606 1195 1852 1264 gesserat,
1890 1196 2086 1251 eodem
2123 1216 2292 1261 anun,
2331 1216 2443 1268 quo

336 1275 389 1328 in
422 1275 609 1328 Africa
639 1273 842 1329 Marius
866 1272 1086 1327 Priscus,
1164 1269 1291 1325 Erat
1321 1282 1498 1322 autem
1532 1267 1737 1323 Priscus
1764 1287 1832 1323 ex
1877 1268 2117 1332 Baetica,
2155 1288 2223 1324 ex
2261 1271 2444 1326 Africa

336 1345 611 1401 Classicus,
685 1345 814 1400 Inde
843 1343 1045 1398 dietum
1071 1341 1414 1396 Baeticorum
1434 1383 1449 1408 ‚
1490 1343 1573 1410 (ut
1597 1341 1891 1410 plerunque
1915 1342 2072 1394 dolor
2107 1342 2264 1396 etiam
2299 1346 2317 1370 ⁴
2352 1360 2443 1397 ve-

337 1417 515 1472 nustos
541 1418 692 1484 facit)
726 1434 834 1470 non
860 1416 1138 1484 illepidum
1161 1411 1450 1467 ferebatur.
1526 1422 1538 1448 ⁵
1581 1413 1736 1465 Dedi
1764 1415 1984 1474 malum,
2025 1411 2079 1468 &⁴
2107 1416 2293 1484 accepi.
2334 1415 2444 1470 Sed

336 1488 576 1544 Marium
605 1508 708 1544 una
733 1490 917 1543 civitas
946 1486 1186 1557 publice,
1225 1485 1491 1555 multique
1532 1485 1723 1554 privati
1755 1489 1772 1510 ⁶
1797 1502 1950 1539 reum
1994 1499 2347 1555 peregerunt:
2389 1488 2445 1541 in

333 1560 624 1617 Classicum
651 1575 763 1616 tota
787 1561 1063 1631 provincia
1087 1556 1348 1614 incubuit.
1427 1557 1513 1609 llle
1543 1555 1935 1610 accusationem
1961 1557 2042 1608 vel
2068 1555 2321 1620 fortuita,
2359 1559 2443 1612 vel

331 1634 627 1688 voluntaria
651 1638 667 1664 ⁷
709 1647 885 1686 morte
920 1632 1224 1702 praevertit.
1300 1630 1439 1684 Nam
1467 1627 1567 1682 fuit
1593 1644 1736 1680 mors
1772 1632 1881 1696 ejus
1914 1626 2158 1681 infamis:
2198 1629 2444 1700 ambigua

336 1720 530 1760 tamen.
607 1702 682 1759 Ut
716 1704 858 1759 enim
886 1702 1144 1757 credibile
1172 1700 1485 1764 videbatur,
1524 1698 1742 1754 voluisse
1775 1700 1924 1754 exire
1955 1699 2024 1754 de
2052 1700 2159 1752 vita
2195 1718 2319 1755 cum
2346 1704 2444 1755 de-

2295 1773 2443 1829 fendt

335 1927 538 1965 pervenere
563 1944 574 1961 ,
612 1916 716 1966 quod
753 1916 818 1962 JC.
852 1914 1069 1964 plerumque
1096 1911 1242 1950 testatur
1265 1940 1277 1958 ,
1314 1922 1355 1953 ut
1473 1927 1491 1963 ς
1521 1912 1612 1950 Dedi
1632 1910 1812 1962 malum]
1843 1911 2005 1950 Marium
2037 1909 2196 1950 Priscum
2228 1910 2367 1949 malum
2389 1914 2445 1952 vi-

334 1968 514 2016 Ulpianus
538 1967 582 2004 de
605 1968 792 2007 bonorum
815 1963 1031 2016 possessione
1065 1975 1111 2001 ex
1136 1964 1356 2002 testamento
1419 1975 1498 2001 rum
1544 1965 1583 2002 in
1630 1963 1795 2002 Africam
1835 1960 2099 2000 Proconsulem
2163 1959 2254 1999 misi.
2318 1966 2445 2012 Accepi

336 2019 490 2056 militari.
520 2018 674 2055 CATAN.
1421 2015 1616 2052 Clafficum
1643 2013 1780 2051 Afrum
1804 2011 1948 2051 Procos.
1987 2013 2025 2050 in
2060 2012 2206 2050 Baetica
2234 2010 2441 2052 habuimus.

390 2081 404 2106 1
438 2067 682 2117 Minatium]
712 2069 895 2117 Quamvis
909 2067 954 2103 L.
968 2065 1146 2104 Albinum
1172 2065 1211 2102 in
1235 2065 1358 2102 dicen·
1419 2065 1573 2103 (ΞΜ-ΑΝ.

336 2117 388 2156 do
411 2117 628 2168 copiofiun,
655 2117 793 2155 socium
815 2119 988 2161 haberet,
1016 2115 1256 2153 asseveranter
1269 2127 1360 2153 con·
1467 2117 1490 2153 6
1521 2121 1629 2152 Reum
1660 2111 1906 2164 peregerunt.]
1937 2114 1994 2151 Sic
2026 2113 2158 2150 iterum
2193 2114 2285 2152 infr-1
2316 2125 2352 2152 n.
2379 2126 2440 2166 30.

334 2170 526 2208 tenderem
548 2169 647 2206 hune
682 2167 752 2206 effe
788 2167 1038 2205 Minatianum
1065 2194 1075 2211 ,
1113 2176 1227 2214 quem
1257 2165 1359 2215 supra
1420 2179 1479 2216 35.
1500 2166 1558 2216 36.
1588 2165 1745 2203 Ovidius
1768 2166 1795 2203 I.
1820 2162 1927 2202 Trist.
1951 2165 2051 2212 Eleg.
2077 2164 2104 2201 1.
2128 2175 2177 2202 vs.
2202 2176 2257 2211 24.

334 2228 530 2268 rogaverat
544 2231 610 2263 ‚an
633 2219 851 2268 approbaret
874 2218 1070 2266 susceptam
1090 2215 1230 2253 Classici
1254 2227 1361 2254 accu-

333 2269 535 2308 sationem:
565 2271 604 2308 &
641 2280 745 2307 nono
774 2271 866 2308 libro
898 2269 1006 2316 hujus
1039 2266 1192 2304 aetionis
1224 2269 1361 2304 oratio·
1470 2271 1521 2304 Et
1541 2277 1689 2316 peragar
1703 2265 1820 2316 populi
1837 2264 1994 2315 publicus
2015 2278 2070 2303 ore
2089 2276 2179 2304 reus.

334 2332 423 2358 nem
473 2321 594 2360 mittit.
634 2320 788 2357 CA-rAN.
843 2318 1044 2356 Lindenbr.
1090 2315 1194 2354 Voss.
1242 2316 1357 2355 Arnz.

335 2371 465 2410 Oxon.
489 2374 528 2410 &
562 2370 723 2408 Riccard.
760 2371 798 2408 in
835 2368 961 2407 Indice
987 2385 998 2405 :
1037 2366 1197 2404 Cornelio
1227 2366 1355 2405 Minu·
1419 2367 1481 2405 ubi
1501 2367 1587 2405 vide
1611 2365 1840 2412 Ciofanurn,
1867 2378 1916 2404 ne
1938 2374 2063 2404 tamen
2084 2365 2192 2415 plane
2227 2363 2437 2404 adsentiaris.

341 2424 439 2461 ciana
463 2428 537 2458 Suo.
591 2420 783 2458 Medieeus
804 2421 864 2458 hic
887 2419 999 2469 usque
1021 2418 1066 2455 ad
1087 2429 1121 2454 n.
1144 2417 1202 2454 28.
1220 2416 1307 2455 filet.
1422 2418 1527 2456 Idem
1551 2417 1651 2455 Naso
1675 2418 1744 2455 IV.
1767 2430 1813 2456 ex
1832 2418 1955 2456 Ponto
1978 2416 2085 2466 Epist.
2109 2416 2178 2454 VI.
2204 2427 2253 2454 vs.
2280 2427 2338 2464 30.

386 2483 406 2508 2
445 2474 541 2509 Unde
564 2473 753 2509 varietas?
781 2470 875 2508 unde
893 2470 1007 2519 plures
1040 2467 1247 2517 ustiones-3]
1282 2469 1358 2506 Po-

335 2523 461 2561 sterior
475 2522 766 2569 Jnterrogationis
797 2529 885 2558 nota
918 2518 1082 2558 delenda.
1133 2518 1247 2556 Paulo
1279 2519 1358 2568 post
1472 2518 1562 2568 Poffe
1583 2530 1644 2558 tuo
1667 2521 1788 2569 peragi
1809 2519 1874 2557 vix
1892 2528 1991 2569 putet
2010 2531 2064 2555 ore
2085 2527 2177 2555 reos.

338 2573 527 2611 toleranda
559 2571 776 2621 parenthesis
808 2572 882 2616 ibi,
909 2571 962 2607 ita
987 2571 1142 2613 mirum,
1180 2570 1357 2618 pudorem.
1871 2574 1874 2577 “

338 2624 420 2662 Nec
444 2624 563 2661 multo
587 2622 664 2672 post
687 2624 724 2660 in
748 2622 878 2660 eadem
910 2621 1068 2670 Epistola
1099 2619 1325 2658 scribendum
1348 2633 1356 2657 ε
1423 2620 1644 2659 Ammianus
1669 2620 1749 2658 Lib.
1774 2619 1860 2658 XV.
1893 2631 1969 2667 cap.
2001 2618 2048 2654 V.
2072 2613 2207 2652 Timens
2240 2624 2281 2648 ne
2309 2613 2429 2662 abscns

339 2679 528 2723 Tanquam
563 2675 599 2710 in
634 2674 737 2721 causa
770 2672 894 2717 Callae
928 2673 1033 2718 (haec
1072 2681 1167 2708 uxor
1200 2670 1356 2719 Claffici)
1422 2681 1466 2708 υ*
1494 2671 1726 2708 indemnatus
1759 2678 1987 2720 perageretur
2017 2675 2096 2701 rcus
2117 2689 2128 2706 ›
2162 2672 2274 2708 <luem
2307 2670 2431 2701 mmm

338 2726 658 2771 praevaricaretur.
687 2723 816 2762 Sensus
839 2731 947 2772 patet.
973 2723 1141 2759 Caspius.
1423 2720 1548 2758 locum
1573 2722 1667 2759 male
1688 2722 1813 2758 sanum
1837 2718 1931 2761 esse,
1958 2720 2110 2761 arguunt
2144 2720 2284 2749 veteres
2310 2714 2431 2751 Cotld.

395 2786 412 2820 3
455 2781 562 2812 Homo
587 2777 720 2821 foedus.
746 2774 762 2824 ]
808 2772 947 2811 vetusta
996 2773 1185 2821 expressio,
1223 2771 1356 2809 Sallust.
1425 2772 1523 2809 Male
1556 2773 1680 2821 itaque
1711 2771 1786 2808 hoc
1817 2769 1902 2806 loco
1936 2759 2132 2802 Helmstad.
2158 2775 2275 2799 rerum
2299 2772 2434 2813 perege-

345 2822 424 2857 Cat.
449 2835 522 2870 cap.
548 2826 577 2859 X
587 2826 646 2861 [X.
670 2838 703 2862 n.
727 2838 759 2862 2.
787 2825 916 2875 Qcippe
934 2823 1088 2862 foedum
1109 2822 1306 2860 hominem
1333 2835 1356 2858 a
1422 2834 1521 2859 runt.

345 2880 412 2918 rep.
431 2873 542 2918 procul
565 2875 621 2919 ψ
642 2875 792 2912 volebat.
1471 2884 1489 2918 7
1522 2877 1639 2907 Morte
1654 2864 1882 2919 praevertit]
1923 2859 2179 2900 musti-avimus
2212 2861 2256 2899 ad
2289 2863 2432 2902 Lucani

394 2932 416 2964 4
447 2921 637 2969 1'enustos.]
668 2926 744 2969 Qui
768 2937 851 2962 eum
875 2927 985 2971 gratia
1007 2925 1191 2973 quadam,
1229 2925 1268 2962 &
1290 2935 1356 2961 ve—
1426 2922 1505 2960 Lib.
1528 2921 1636 2957 V111.
1665 2931 1712 2955 vs.
1742 2929 1800 2965 30.

344 2982 431 3010 nere
454 2971 653 3017 loquuntur
679 2998 688 3012 ‚
725 2973 747 3008 ii
779 2974 913 3018 venusti
940 2976 1173 3021 appellantur.
1201 2975 1357 3012 Cum.
2103 3012 2110 3019 ,

346 3023 437 3059 Satis
471 3020 619 3058 ventose
666 3020 863 3059 Lindcnbr.
899 3026 937 3061 ὃς
970 3025 1084 3063 Arnz.
1119 3026 1216 3064 dolor
1249 3025 1356 3065 etiam
1470 3036 1531 3051 -··
1560 3035 1626 3050 -·
1653 3025 1697 3055 Φ·
1718 3013 1815 3053 ‘dm‘
1837 3014 2031 3063 Pl‘stel'ffl'ffit
2060 3012 2279 3061 ‘'¹st5‘210t0·

345 3080 477 3109 ventos
490 3072 597 3117 [ατη.
1675 3079 1677 3081 “

2331 3125 2347 3155 1
2384 3118 2438 3152 Ita
