2616 3686
294 204 395 273 tr&

513 199 572 250 c.
637 199 1027 251 PL1N11
1095 197 1604 252 CAE<31L11
1672 184 2189 258 SECUND‘r

619 357 1050 418 XLVIII.XL.
1129 358 1567 417 Pn1n1us
1643 360 2153 435 TRAJANo.

1054 485 1142 541 De
1170 485 1383 541 theatro
1411 487 1743 554 Nicensium,

309 610 537 684 Consulit
562 610 988 686 qm'dfacz'endum
1022 610 1084 664 de
1126 609 1326 665 theatro
1361 613 1678 688 z‘mperfec‘h,
1725 613 1789 674 ὢν
1809 615 2064 690 gymnasto
2095 620 2315 674 incendio
2338 637 2448 675 con-

366 689 572 759 fitmpto
598 688 783 741 Nsceae
807 727 823 751 ‚
874 705 932 740 ac
954 685 1142 739 ballneo
1167 688 1300 759 quoa}
1338 688 1761 764 Claudiopolitani
1785 696 1948 767 jux-ta
1980 705 2192 749 montem
2232 694 2452 770 defodie-

383 763 533 825 bant,
574 768 794 837 petisque
819 762 886 816 ad
913 781 967 816 ea
997 761 1333 817 architefi‘um
1362 763 1425 815 ab
1453 766 1587 822 urbe.

407 912 447 943 ’Ἴ
473 911 764 976 I-Ieatrum,
781 914 1038 978 Domine,
1055 921 1068 944 ¹
1087 915 1289 970 Niceae
1305 915 1658 987 maximajam
1677 931 1825 989 parte
1847 919 2230 985 constructum,
2248 925 2447 996 imper-

403 1036 414 1046 ,
464 985 663 1042 fecium
702 1003 913 1056 tamen,
953 987 1247 1044 sestertium
1268 1033 1279 1052 ,
1311 1004 1369 1044 ut
1396 991 1558 1044 audio
1599 996 1811 1065 (neque
1837 996 1978 1048 enirn
2002 1002 2020 1025 ²
2046 1000 2182 1049 ratio
2207 1000 2324 1068 plus
2355 1016 2451 1053 ex-

269 1059 452 1114 acuti'a
484 1062 591 1132 est)
632 1066 852 1136 amplius
875 1066 1077 1119 centies
1119 1065 1287 1120 haulit
1316 1109 1329 1128 ‚
1384 1081 1574 1122 vereor
1613 1085 1680 1121 ne
1717 1067 1921 1123 frustra.
1962 1071 2266 1141 ingentibus
2301 1074 2447 1129 enim

310 1138 455 1190 rimis
482 1139 798 1193 3descendit
827 1142 879 1194 &
911 1140 1017 1195 hiat
1046 1179 1060 1203 ,
1120 1141 1224 1195 ssve
1247 1142 1300 1194 in
1333 1140 1483 1196 causa
1511 1141 1685 1197 solum
1712 1142 1997 1198 humidum
2027 1145 2080 1197 δε
2106 1145 2295 1208 molle,
2337 1146 2445 1202 five

310 1211 436 1280 lapis
464 1214 570 1284 ipse
596 1217 803 1285 gracilis
833 1215 883 1269 82
917 1217 1083 1286 putris
1112 1234 1123 1269 :
1177 1216 1402 1287 dignum
1442 1215 1513 1270 est
1552 1231 1700 1272 certe
1737 1219 2124 1274 deliberatione
2151 1257 2166 1281 ‚
2213 1220 2345 1274 sitne
2375 1221 2448 1276 fa-

310 1287 566 1343 ciendum
587 1327 602 1352 ,
645 1295 665 1324 ⁴
685 1304 773 1344 aut
806 1289 865 1344 fit
894 1291 1341 1363 relinquendum,
1383 1309 1448 1345 an
1468 1294 1632 1347 etiam
1661 1292 2076 1349 destruendum?
2120 1295 2261 1349 Nam
2283 1296 2449 1352 fultu-

364 1469 394 1495 1.
423 1459 581 1511 Nicaeae]
614 1462 719 1498 Haec
737 1461 791 1499 illi
806 1461 854 1499 est
867 1461 987 1499 civitas
998 1460 1192 1511 Bithyniae
1207 1473 1342 1512 ‚quam

309 1511 471 1547 maxime
504 1513 705 1550 nobilitavit
736 1514 852 1560 prima
879 1513 936 1550 illa
965 1512 1003 1550 ὅ(
1035 1514 1265 1551 celeberrima
1285 1513 1345 1550 sub

309 1559 513 1599 Christianis
534 1563 753 1611 Principibus
778 1563 894 1601 habita
929 1563 974 1600 de
995 1564 1173 1612 religionis
1195 1574 1344 1601 contro-

308 1611 427 1649 versiis
450 1614 488 1649 &
515 1612 694 1662 disciplina
723 1613 962 1651 Ecclesiastica
990 1614 1160 1661 Synodus
1182 1643 1192 1659 ‚
1229 1626 1341 1663 quarn

308 1661 489 1699 Nicenam
511 1665 750 1713 appellamus,
776 1666 813 1702 in
833 1676 903 1714 qua
925 1665 1175 1704 CCCXVIII.
1196 1665 1344 1704 fuerunt

307 1712 448 1750 colleffl
468 1713 647 1764 Episcopi.
676 1717 709 1753 R
728 1728 780 1752 ιτ
795 1728 817 1752 τ
829 1729 851 1753 E
865 1727 916 1753 its
929 1727 952 1753 n
970 1728 993 1753 U
1007 1728 1033 1755 s,

359 1773 395 1800 2.
422 1765 524 1802 Ratio
544 1765 620 1815 plus
637 1765 767 1816 excussa
785 1765 865 1816 est.]
896 1766 1116 1804 Divinabam
1132 1765 1232 1815 plene
1258 1768 1344 1816 (vel

305 1813 456 1865 plenius)
483 1816 629 1866 excuffa.
652 1817 792 1855 IDEM.
849 1817 970 1855 Nostri
1004 1829 1133 1854 omnes
1173 1829 1251 1856 uno
1280 1830 1345 1857 ore

309 1866 463 1914 probant
490 1868 671 1916 vulgatam
695 1896 705 1912 ‚
736 1879 829 1918 quae
843 1868 965 1925 ⁴probe
985 1868 1072 1906 stare
1097 1868 1231 1916 potest,
1259 1881 1348 1907 mo-

308 1916 359 1954 do
392 1928 434 1955 ea
458 1925 582 1957 teneas
606 1947 616 1964 ,
652 1931 746 1969 quae
773 1920 980 1957 Perizonius
1015 1919 1060 1957 ad
1090 1919 1223 1957 Sandlii
1249 1921 1344 1960 Min.

310 1967 395 2005 Lib.
418 1968 484 2006 tV.
510 1980 590 2018 cap.
615 1970 662 2007 11.
689 1982 726 2008 n.
748 1983 779 2008 1.
808 1970 854 2007 de
872 1971 933 2008 usu
957 1971 1056 2008 vocis
1075 1969 1153 2018 plus
1176 1969 1343 2009 disseruit.

309 2019 445 2067 Neque
471 2020 591 2058 audias
614 2021 869 2061 Casaubonum
891 2023 929 2059 ὃ(
952 2021 1007 2058 Cl.
1029 2022 1186 2059 Minoen
1201 2049 1210 2066 ,
1224 2024 1286 2071 qui
1305 2023 1342 2060 in

310 2070 473 2118 margine
519 2071 720 2109 obtrudunt
755 2071 886 2121 excusa.
924 2072 1056 2109 Noster
1094 2072 1192 2109 enirn
1238 2073 1342 2121 supra

310 2119 393 2157 Lib.
415 2120 481 2158 VI.
517 2121 624 2171 Epist.
645 2122 784 2161 XXXI.
821 2135 856 2160 n.
880 2136 914 2172 ς.
951 2122 1081 2172 Caesar
1103 2123 1250 2160 excuffis
1266 2131 1344 2172 pro-

310 2167 504 2209 bationibus
528 2200 539 2215 ‚
586 2174 815 2211 centurionem
852 2174 1105 2211 exauctoravit.
1144 2173 1224 2211 Lib.
1256 2175 1345 2212 VII.

310 2219 572 2269 Epist.XXXt.
597 2236 679 2261 n.2,
707 2229 776 2272 Ego
789 2223 898 2274 juffics
917 2237 939 2259 a
957 2224 1065 2273 legato
1088 2224 1258 2274 consulari
1279 2237 1341 2261 ra-

307 2272 435 2310 tionem
454 2273 595 2311 alarum
618 2285 659 2314 ω’
683 2275 871 2313 cohortium
894 2283 1076 2312 excutere.
1110 2276 1147 2312 &
1167 2276 1240 2312 hoc
1263 2277 1339 2324 ipso

308 2323 398 2361 libro
427 2323 534 2372 Epist.
552 2326 734 2364 XXVIII.
759 2339 794 2364 n.
816 2337 849 2375 3.
879 2332 981 2363 Nunc
1007 2327 1095 2375 Reip.
1119 2326 1340 2375 Prusensium

311 2374 487 2424 impendia
507 2405 516 2420 ‚
545 2377 677 2414 reditus
700 2404 710 2421 ,
737 2377 900 2416 debitores
922 2377 1078 2415 excutio.
1100 2377 1137 2414 δε
1161 2377 1343 2423 Traianus

309 2423 419 2474 Epist.
443 2427 636 2466 LXXXVI
679 2441 715 2466 n.
737 2440 771 2466 2.
803 2429 892 2466 ratio
911 2427 1016 2465 totius
1033 2428 1135 2478 operis
1155 2428 1260 2475 effeffli
1272 2428 1339 2479 sub

307 2487 391 2513 cura
421 2488 484 2515 tua
514 2481 695 2529 Coccejano
734 2480 840 2518 Dioni
877 2481 1092 2518 excutiatur.
1132 2480 1342 2518 Louso-

309 2538 331 2564 L
347 2540 361 2565 1
377 2542 398 2565 U
413 2542 441 2566 S.

364 2589 396 2625 3.
426 2579 609 2628 Descendit
629 2580 821 2630 ingentibus
840 2581 976 2630 rimie]
1009 2581 1143 2619 Emtae
1165 2582 1199 2618 in
1225 2593 1271 2619 eo
1294 2583 1340 2620 ri-

310 2640 394 2667 mae
412 2629 631 2669 descendunt
649 2643 763 2681 usque
780 2632 825 2669 ad
846 2633 960 2670 solum
983 2661 993 2677 ‚
1030 2631 1117 2670 inde
1146 2632 1271 2670 faxiscit
1298 2635 1336 2670 &

305 2683 491 2728 aperitur:
530 2681 643 2720 Pollio
677 2683 905 2721 Architectus
948 2684 1029 2721 Lib.
1056 2683 1102 2720 [Ι.
1137 2693 1214 2731 cap.
1233 2683 1347 2722 VIII:

305 2729 439 2775 scribit,
466 2733 558 2769 inter
579 2731 829 2771 structurarum
853 2745 983 2783 genera
1006 2731 1076 2773 esse
1099 2734 1340 2780 reticulatum,

309 2791 385 2829 quo
405 2792 494 2820 tunc
514 2794 644 2821 omnes
667 2785 856 2823 utebantur
875 2814 885 2830 ,
921 2785 980 2824 sed
1010 2784 1054 2823 ad
1075 2784 1183 2821 rimas
1206 2786 1341 2824 facien-

311 2831 371 2867 das
392 2835 475 2870 ideo
499 2844 661 2881 paratum
677 2863 687 2879 ‚
715 2836 814 2885 quod
832 2837 869 2873 in
890 2847 1020 2874 omnes
1044 2844 1159 2884 partes
1178 2835 1341 2875 diffoluta

312 2881 416 2920 habet
437 2885 559 2921 cubilia
574 2913 583 2926 ‚
598 2887 636 2922 &
650 2894 876 2935 coagmenta.
906 2888 938 2924 C
955 2900 974 2924 Α
991 2900 1012 2924 τ
1026 2899 1048 2924 A
1062 2900 1098 2924 Ν.
1126 2887 1338 2939 Descendit]

310 2930 417 2969 Forte
439 2934 563 2971 melius
578 2936 726 2984 discedit.
758 2938 792 2975 G
807 2951 831 2974 R
849 2952 869 2974 u
889 2950 912 2976 τ
925 2950 994 2976 ER.
1020 2937 1203 2975 Eamdem
1216 2949 1343 2976 emen—

305 2981 490 3019 dnionem
531 2985 614 3021 olim
653 2998 804 3035 quoque
841 2988 983 3035 agitasse
1021 2989 1198 3026 Colerum
1236 2989 1345 3026 refert

306 3032 645 3122 {gt-tershufiuxcui
665 3047 788 3077 tamen
809 3050 853 3076 ex
873 3039 965 3078 libris
987 3039 1112 3077 nostris
1134 3038 1220 3076 nihil
1240 3049 1340 3088 prae-

310 3096 333 3119 Α
362 3096 395 3122 ii.

2356 1391 2448 1431 fae

1461 1473 1498 1508 4.
1526 1462 1603 1500 Aut
1605 1462 1654 1513 fit
1668 1463 1975 1514 relinquendmn.]
2005 1463 2206 1513 Vulgatum
2230 1465 2443 1513 eratautsit‚

1404 1521 1529 1550 contra
1551 1514 1716 1552 indolem
1741 1516 1960 1552 Latinorum
1985 1542 1995 1558 ,
2023 1525 2086 1563 qui
2113 1515 2151 1551 in
2181 1515 2350 1563 tripartita
2375 1517 2446 1553 du·

1405 1562 1578 1602 bitatione
1599 1566 1718 1613 primo
1740 1566 1824 1602 Ioco
1846 1576 1965 1602 utrum
1987 1567 2024 1602 δὲ
2045 1577 2131 1602 num
2154 1592 2166 1610 ,
2192 1563 2251 1603 &el
2275 1579 2315 1602 ne
2335 1566 2445 1605 encli-

1405 1613 1517 1652 ticum
1533 1643 1543 1659 ,
1572 1615 1757 1664 posteriori
1778 1625 1934 1664 utroque
1954 1617 2037 1653 loco
2057 1628 2104 1652 an
2124 1624 2278 1662 ponunt.
2305 1616 2439 1655 Cicero

1407 1675 1474 1712 pro
1499 1666 1603 1704 Rosc.
1637 1668 1726 1704 Am.
1757 1678 1834 1715 cap.
1856 1666 1962 1704 XLI.
1997 1667 2144 1720 Quen
2172 1666 2233 1705 abs
2255 1678 2288 1704 te
2307 1694 2317 1710 ,
2344 1668 2441 1712 iine,

1407 1716 1466 1765 qui
1484 1716 1704 1767 postulabant
1725 1745 1737 1762 ‚
1776 1717 1910 1767 indigni
1938 1728 2039 1755 erant
2062 1745 2072 1762 ‚
2108 1717 2167 1768 qui
2193 1718 2438 1767 impetrarent.-

1405 1777 1450 1803 an
1470 1768 1525 1813 iste
1548 1781 1615 1805 non
1633 1768 1872 1807 commovebat
1896 1795 1906 1812 ,
1940 1777 2000 1818 pro
2026 1782 2091 1818 quo
2112 1767 2330 1816 postulabant
2350 1784 2362 1805 .·
2391 1781 2438 1808 an

1405 1830 1456 1855 res
1489 1818 1563 1869 ipsa
1599 1819 1721 1868 iniqua
1760 1819 1958 1858 videbatur.
1994 1819 2041 1856 Et
2079 1819 2206 1857 Livius
2234 1819 2313 1857 Lib.
2335 1819 2442 1860 XXI.

1404 1879 1481 1917 cap.
1505 1869 1562 1916 X.
1576 1870 1614 1908 in
1635 1870 1827 1908 Hannonis
1851 1870 2036 1908 oratione:
2065 1870 2202 1907 Utrum
2222 1869 2347 1916 hostem
2361 1897 2371 1914 ,
2391 1882 2438 1909 an

1406 1933 1466 1956 vos
1480 1947 1490 1964 ,
1518 1932 1563 1958 an
1577 1923 1765 1968 fortunam
1786 1922 1964 1971 utrimque
1980 1920 2091 1971 populi
2111 1921 2288 1970 ignoratis.
2316 1920 2381 1958 (ΣΕ
2397 1934 2440 1960 1.-

1404 1981 1425 2007 1.
1439 1982 1463 2007 A
1477 1984 1499 2008 a
1518 1983 1613 2011 xus.
1642 1974 1683 2009 Et
1705 1972 1787 2009 sane
1808 1974 1854 2010 ita
1877 1973 2008 2010 Cicero
2031 1982 2182 2020 quoque
2204 1971 2275 2009 alio
2292 1972 2378 2009 loco
2400 1973 2438 2012 in

1403 2021 1472 2058 Or.
1497 2034 1563 2069 pro
1587 2022 1759 2060 Cluentio
1788 2034 1865 2072 cap.
1884 2023 2062 2062 XXXIV.
2088 2022 2198 2076 Quid
2215 2023 2233 2060 ‘2
2260 2024 2434 2068 conferam

1403 2072 1592 2110 Sullamne
1614 2087 1693 2111 cum
1721 2074 1834 2119 Junio
1853 2076 1873 2113 ?
1911 2086 1956 2111 an
1992 2074 2083 2110 hunc
2116 2072 2299 2111 tribunum
2332 2074 2439 2122 plebis

1403 2135 1480 2160 cum
1500 2124 1647 2172 {Quintio
1667 2126 1688 2163 ,Ρ
1714 2136 1757 2161 an
1781 2138 1862 2162 vero
1879 2134 2009 2174 tempus
2028 2137 2106 2161 cum
2126 2133 2300 2174 tempore?
2326 2125 2436 2163 Non-

1402 2173 1492 2210 dum
1515 2183 1638 2212 tamen
1665 2186 1955 2213 commovemur
1978 2204 1988 2220 ‚
2015 2184 2055 2213 ut
2074 2175 2231 2214 Cellario
2250 2203 2263 2219 ,
2298 2176 2433 2225 quique

1401 2224 1570 2263 eamdem
1590 2226 1799 2263 sententiam
1820 2234 1965 2263 tuentur
1988 2254 1997 2269 ,
2027 2225 2312 2274 Rittershufio&
2327 2226 2432 2264 Tho·

1403 2273 1541 2321 matio,
1566 2278 1628 2326 qui
1647 2286 1828 2325 praeterea
1838 2278 1887 2329 fit
1905 2278 1941 2315 in
1977 2290 2007 2314 ιε
2025 2277 2218 2322 mutabat,
2244 2276 2429 2315 subscriba-

1403 2337 1484 2363 mus
1501 2355 1510 2371 ‚
1540 2339 1625 2364 cum
1649 2336 1854 2376 repugnent
1875 2328 1975 2372 libri,
2002 2339 2123 2377 neque
2138 2337 2197 2373 ,ut
2216 2327 2262 2366 illi
2279 2333 2403 2375 putant
2416 2355 2428 2372 ‚

1403 2377 1547 2426 vulgata
1565 2378 1674 2416 lectio
1695 2378 1735 2416 fit
1757 2387 1881 2416 contra
1902 2379 2068 2417 indolem
2096 2379 2320 2416 Latinorum.
2347 2375 2430 2432 Flo-

1406 2439 1463 2465 rus
1492 2429 1572 2468 Lib.
1596 2431 1659 2467 111.
1687 2441 1765 2478 cap.
1789 2431 1868 2468 XII.
1894 2442 1928 2468 n.
1950 2430 1984 2467 6.
2021 2433 2078 2467 Ac
2097 2429 2222 2478 nefitio,
2256 2425 2426 2474 ansanus

1396 2480 1510 2526 fuerit
1530 2509 1540 2525 ‚
1574 2480 1690 2530 populo
1709 2487 1862 2518 Romano
1884 2509 1894 2524 ,
1932 2479 2046 2517 sicilia
2067 2493 2109 2520 <9⁴
2131 2478 2254 2525 Africa
2274 2486 2426 2516 contento

1405 2531 1523 2581 fuisse,
1552 2538 1612 2569 aut
1629 2532 1683 2569 his
1704 2533 1809 2570 etiam
1841 2532 1916 2583 ipfis
1937 2543 2057 2568 carere.
2084 2531 2218 2567 Seneca
2241 2526 2428 2568 Constant.

1406 2581 1559 2629 Sapient.
1585 2593 1663 2631 cap.
1682 2583 1730 2620 V.
1759 2582 1881 2631 Cogita
1894 2592 2061 2625 nunc,an
2079 2579 2158 2615 huic
2170 2578 2235 2633 fier
2249 2604 2260 2620 ,
2286 2585 2348 2614 aut
2369 2592 2426 2615 ca-

1403 2631 1595 2670 lumniator
1619 2661 1630 2677 ‚
1669 2642 1730 2670 aut
1755 2634 1888 2670 vicinus
1905 2641 2019 2681 potens
2039 2658 2050 2675 ,
2085 2635 2147 2665 aut
2173 2627 2272 2684 dtvef
2298 2627 2426 2684 qliquis

1400 2697 1542 2732 regnum
1564 2683 1663 2721 orbae
1684 2685 1866 2733 fenestratis
1893 2693 2046 2719 exercens
2066 2706 2077 2722 ,
2103 2679 2221 2724 facere
2254 2681 2422 2725 injuriam

1397 2734 1500 2784 poffit.
1527 2735 1584 2772 Sic
1606 2735 1738 2772 Cicero
1758 2745 1823 2781 pro
1844 2733 1948 2770 Rosc.
1966 2732 2087 2766 Amet.
2114 2739 2191 2775 cap.
2209 2728 2306 2767 XXI.
2337 2744 2423 2768 num

1402 2787 1507 2834 ponit
1528 2785 1697 2834 sequente
1718 2794 1782 2821 aut
1801 2799 1814 2819 .·
1852 2780 2004 2832 quaeltffe
2027 2789 2116 2816 num
2135 2779 2194 2816 ille
2212 2787 2271 2816 aut
2291 2779 2347 2818 ille
2368 2782 2427 2820 de-

1397 2838 1560 2885 fensurus
1577 2835 1662 2885 effet.
1695 2835 1783 2872 item
1810 2845 1851 2868 ne
1881 2831 2084 2868 encliticum
2109 2830 2310 2878 excipiente
2335 2844 2427 2872 aut.-

1406 2888 1484 2924 Lib.
1504 2886 1608 2924 XIV.
1643 2884 1753 2932 Epist.
1776 2881 1919 2919 XVIII.
1945 2892 1983 2917 n.
2007 2892 2040 2918 1.
2078 2886 2249 2919 Romaene
2268 2882 2347 2934 fitis
2366 2893 2426 2923 aut

1403 2950 1533 2974 mecum
1554 2937 1590 2974 in
1611 2935 1723 2983 aliquo
1745 2943 1818 2970 tuto
1840 2931 1917 2967 loco.
1938 2939 1977 2967 ut
1997 2930 2045 2968 est
2064 2931 2100 2968 in
2120 2932 2259 2970 Codice
2281 2933 2427 2973 Vatica-

1403 3000 1452 3024 no
1476 2993 1514 3028 ἃ
1535 2985 1596 3023 Ed.
1617 2983 1781 3022 Vitstorii.
1807 2982 1854 3019 Et
1871 2980 1957 3029 quid
1978 2981 2093 3018 aliena
2113 2982 2248 3020 arceffo
2289 2984 2427 3026 Sufficit

1403 3036 1463 3073 fibi
1488 3037 1627 3073 Plinius.
1652 3034 1786 3080 Baneg.
1815 3042 1891 3079 cap.
1913 3032 2122 3070 LXXXIV.
2149 3046 2183 3072 n.
2207 3046 2239 3072 1.
2265 3035 2426 3076 dubitare

1402 3097 1540 3135 cogatur
1561 3113 1571 3131 ‚
1609 3091 1729 3122 utrum
1758 3082 1807 3133 sit
1837 3083 2005 3134 efficacius
2024 3083 2071 3120 ad
2095 3087 2180 3125 recle
2201 3086 2399 3176 vivendtzm
2413 3117 2426 3134 ,

2372 3149 2429 3179 ene
