2616 3686
530 193 797 244 EORUM
831 192 1031 254 QUAE
1065 191 1147 242 IN
1185 184 1697 245 ADNOTATION.
1731 195 1925 248 EXPL.

160 271 394 316 Proconsules
417 286 550 314 uxores
566 277 644 315 suas
660 276 781 327 secum
805 276 842 315 in

210 327 402 375 provinciis
416 327 596 367 habebant
619 326 706 377 845.

157 374 331 416 Proculus
348 378 438 428 ⁶55·

158 425 355 465 Procurare
377 456 388 474 ,
406 472 410 474 ,
429 427 658 481 proturaeoris
696 428 842 478 officium

155 510 162 515 .
205 490 318 526 gerere
341 478 428 528 198.

152 524 369 568 Procurator
392 541 476 578 531.

154 576 371 619 Procurator
392 582 548 620 Caesaris
569 581 657 626 726.

155 626 367 670 Procurrere
386 631 431 669 ad
452 640 612 670 mortem
637 629 699 669 86.

119 683 122 685 ’
153 678 336 726 Prodere,
365 682 460 720 edere
479 688 563 730 285.

153 731 320 780 Prodigia
359 742 420 782 pro
460 731 653 770 hominibus
692 730 838 781 perditis

151 831 355 870 Producere
371 831 528 881 aliquem
549 832 587 870 in
603 830 728 870 forum
749 843 839 880 450.

148 881 315 920 Proferre
336 882 370 920 se
389 888 476 930 650·

147 932 315 970 Profert-e
335 933 448 971 studia
473 934 555 974 186.

148 981 318 1021 Proferre
337 985 448 1021 vitam
469 1012 480 1029 ,
500 984 682 1022 extendere
707 983 789 1022 116.

152 1032 316 1071 Profiteri
335 1034 506 1073 indicium
525 1046 614 1084 231.

152 1083 355 1123 Promereri
374 1085 506 1135 aliquid
525 1085 612 1124 812.

151 1135 366 1174 Promittere
382 1136 426 1174 ad
444 1148 601 1174 coenam
629 1134 689 1184 58.

148 1185 375 1225 Promovere
391 1187 436 1225 ad
460 1186 621 1225 officium
646 1184 731 1232 546.

151 1235 384 1275 Promovere
414 1246 546 1275 terram
570 1265 579 1281 ,
619 1236 800 1275 extendere
823 1263 833 1280 ,

201 1287 398 1336 ampliorem
417 1289 555 1326 reddere
577 1293 666 1336 613.

150 1342 339 1375 Pronomen
367 1339 577 1388 Accusatim'
601 1339 639 1375 in
672 1338 836 1375 Oratione

199 1387 337 1439 obliqua
350 1388 446 1439 saepe
459 1389 633 1427 omittitur
643 1388 729 1436 656.

150 1460 266 1470 ---
415 1439 725 1487 demonstrativum
753 1437 836 1486 defi·

202 1489 248 1526 cit
269 1501 353 1537 550.
383 1501 468 1540 553.
495 1490 583 1538 693.
724 1540 731 1547 ι
811 1539 818 1546 ·

150 1560 264 1573 -——-
401 1541 511 1590 juxta
543 1539 691 1578 verbum
718 1538 835 1586 rnfim-

200 1601 278 1679 egum
296 1591 382 1638 deest
400 1603 486 1638 227.
512 1603 599 1640 295.
626 1601 714 1640 429.
744 1591 834 1639 695.

149 1711 263 1724 —-

416 1705 482 1729 non
519 1690 692 1742 infinitivo
730 1689 833 1727 verbo

191 1742 259 1790 sed
287 1743 480 1787 indicanti,
509 1755 577 1779 non
587 1744 651 1791 suo
669 1740 833 1790 adjungi·

200 1802 260 1828 tur
282 1805 362 1832 111.
391 1796 478 1839 837.

147 1863 262 1885 ¹--—
401 1845 451 1881 ad
475 1843 655 1882 remotiora
684 1843 835 1890 refertm

149 1942 391 1983 Pronuntiare
414 1945 473 1984 16.

150 1992 393 2034 Pronunciare
418 1996 464 2033 de
495 1994 674 2033 calumnia
693 2020 703 2037 ‚
732 1994 834 2032 dam-

202 2056 286 2083 nare
311 2046 505 2083 calumniae
529 2044 642 2095 cauffa
668 2044 757 2090 468.

145 2093 387 2135 Prooemiatur
406 2097 552 2141 verbum
567 2108 699 2133 novum
722 2107 806 2134 102.

148 2142 381 2194 Propnigeon
409 2157 492 2196 157.

149 2193 368 2243 Promptum
383 2208 425 2237 ω·
446 2202 637 2246 prorutum
655 2203 834 2245 permuta·

200 2255 238 2282 ta
258 2247 346 2285 600.

147 2295 366 2334 Proscribere
392 2324 405 2341 ,
440 2298 488 2335 rei
516 2296 702 2336 vendibilis
732 2297 832 2346 judi-

202 2347 293 2384 cium
302 2347 475 2399 firiptura
486 2348 617 2398 publice
615 2349 735 2395 facere
747 2358 833 2396 502.

149 2408 345 2496 Prgsgili,
376 2448 510 2486 imitari
527 2448 614 2497 697.

148 2498 399 2546 Protopraxias
420 2498 506 2548 833.

149 2549 354 2587 Proventus
371 2557 564 2598 poetarum
584 2559 643 2594 ςῐ.

150 2598 383 2637 Providentia
410 2610 453 2638 εν
482 2599 670 2648 prudentia
693 2607 831 2648 permu-

208 2659 333 2686 tantur
354 2651 438 2698 652.

150 2699 343 2738 Proximae
362 2699 529 2738 calendae
552 2705 639 2748 569·

150 2750 342 2789 Prudentia
361 2751 498 2788 senibus
518 2751 659 2799 propria
676 2748 758 2797 184.

149 2799 259 2837 Prusa
279 2799 367 2838 802.

151 2849 355 2897 psephisma
378 2850 464 2899 76ς.

152 2898 332 2940 Publicani
354 2911 437 2949 507.

141 2949 320 2994 ¹Publice,
343 2951 471 2998 publico
484 2952 617 2988 nomine
637 2950 723 2996 807.
746 2950 832 2989 811.

154 2999 298 3038 Publice
308 3000 451 3040 scribere
464 3028 476 3046 ,
501 3001 546 3038 ad
563 3001 724 3040 senatum
738 3014 831 3039 rem-

207 3061 280 3100 que
300 3050 475 3098 publicam
492 3052 641 3090 scribere
663 3063 748 3100 259.

156 3100 280 3148 Pugna
313 3110 354 3140 er
378 3102 548 3148 praelium
579 3102 836 3154 conjunguntur

205 3161 291 3198 420.

892 272 1020 311 Pullati
1037 273 1080 310 de
1096 272 1190 324 plebe
1211 285 1300 324 513.

893 322 1065 361 Pulvinus
1091 335 1175 374 34²·

894 373 1103 412 Pumicatus
1134 401 1146 420 ,

1190 374 1321 425 pumice
1354 349 1549 424 laevigatus
1567 404 1580 422 ,

945 424 1058 463 mollis
1089 436 1172 475 133.

891 473 1023 513 Punite
1052 502 1065 521 ,
1109 477 1234 515 ultimo
1253 476 1414 528 fhpplicio
1439 475 1582 525 adficere

891 536 1099 614 Puii‘isinius
1133 575 1209 615 dies
1236 603 1249 622 ,
1307 575 1417 615 valde
1437 576 1581 626 serenus

944 636 1032 676 349·

1215 730 1272 778 Q.

1002 829 1150 879 Ua-qua
1171 828 1258 878 458.
1285 829 1374 879 633.
1402 839 1487 876 727.

1010 881 1249 929 Quadruplex
1265 881 1444 930 judicium
1467 878 1531 918 68.

1019 933 1208 980 Quaerere
1230 942 1311 980 ης.

891 981 1040 1030 Quaefii
1068 993 1111 1022 ω·
1141 981 1303 1032 quaesivi
1330 989 1577 1031 permutantur

893 1043 1079 1132 Qtia5eci>ior
1100 1082 1256 1122 Caesaris
1280 1094 1369 1131 509.

885 1133 1067 1182 Quaestor
1088 1132 1268 1184 quotuplex
1289 1145 1376 1179 242.

886 1185 1046 1232 Questor
1065 1185 1159 1223 sorte
1181 1186 1282 1223 datus
1298 1183 1388 1222 628.

886 1234 1012 1282 Quam
1037 1247 1115 1274 non
1133 1237 1218 1284 645.

887 1286 1014 1333 Quam
1036 1285 1077 1324 sit
1098 1297 1205 1324 curae
1223 1295 1309 1333 4¹2·

885 1335 1098 1383 Quamlibet
1120 1339 1235 1376 teneri
1259 1336 1348 1383 815.

816 1425 818 1427 ,
886 1388 1068 1434 Quamvis
1088 1401 1165 1425 curn
1186 1386 1378 1426 indicativo
1402 1396 1486 1436 103.

885 1438 1039 1485 Quanto
1061 1450 1172 1488 opere
1192 1438 1277 1488 380.

886 1489 1080 1537 Quantum
1101 1490 1306 1527 maximum
1326 1488 1413 1534 246.

885 1539 1078 1587 Quantum
1099 1549 1160 1589 pro
1179 1546 1321 1577 tantum
1341 1549 1432 1585 410.

886 1591 976 1638 Que
995 1602 1036 1630 co·
1056 1591 1159 1628 fimul
1173 1599 1348 1638 ponuntur
1368 1600 1452 1639 345.

884 1640 972 1687 Que
995 1652 1038 1681 εν·
1059 1653 1105 1680 ve
1123 1641 1262 1690 confusa
1287 1642 1368 1686 164.

884 1691 983 1739 Qui,
1010 1705 1086 1730 cum
1112 1693 1169 1738 is,
1195 1691 1285 1742 quod
1313 1691 1341 1728 is
1370 1699 1568 1738 501..522.

885 1744 1050 1841 (2ιῖἰέόᾶ
1066 1792 1167 1844 quod
1185 1791 1326 1841 confusa
1344 1790 1433 1840 796.

885 1845 989 1892 Quid
1012 1845 1103 1887 acti,
1132 1847 1250 1881 aequm
1274 1854 1359 1888 124.

885 1894 1048 1942 Quidem
1072 1895 1246 1933 omittitur
1264 1891 1332 1943 post
1353 1904 1400 1930 ne
1426 1901 1515 1938 774.

884 1944 1048 1995 Quidem
1068 1945 1240 1983 omittitur
1253 1944 1321 1993 posi
1338 1942 1399 1980 sed
1427 1943 1510 1989 189.

883 1996 998 2044 Quies
1017 1996 1195 2047 opponitur
1212 1993 1390 2032 ambitioni
1411 1992 1498 2039 718.

884 2047 1129 2097 Quinqueviri
1148 2052 1210 2096 98.

883 2098 1154 2145 Quiritiumjus
1179 2105 1264 2142 715.
1291 2094 1377 2143 831.

885 2148 1052 2198 Quisque
1068 2161 1145 2185 cum
1160 2146 1291 2197 plurali
1309 2157 1344 2182 2.
1369 2145 1456 2192 651.

885 2200 976 2247 Quo
990 2226 1000 2242 ‚
1022 2207 1157 2249 propter
1174 2197 1265 2248 quod
1288 2206 1377 2246 303.

884 2251 975 2298 Quo
996 2249 1096 2288 ruis?
1123 2254 1211 2297 654.

883 2299 999 2347 Quod
1019 2311 1062 2348 31
1074 2313 1106 2340 x.

882 2349 999 2398 Quod
1018 2361 1062 2390 eo·
1083 2348 1170 2402 quid
1181 2357 1382 2398 permutata
1400 2346 1489 2395 796.

883 2401 1071 2449 Quoque,
1096 2414 1139 2443 ey
1157 2412 1222 2451 quo
1239 2409 1327 2447 437-

882 2453 1071 2500 Quoisum
1108 2464 1152 2492 ες·
1183 2449 1332 2501 quorsus
1365 2455 1566 2499 permutata

936 2513 951 2540 1
962 2512 1020 2549 14.

1192 2552 1239 2592 R.

884 2653 961 2734 R
977 2653 1095 2701 Aptus
1114 2656 1156 2692 do
1173 2654 1252 2712 iilo,
1280 2653 1340 2704 qui
1362 2664 1445 2690 ame
1466 2650 1563 2699 sene-

970 2706 1095 2742 elatem
1114 2713 1268 2742 montur
1285 2715 1374 2753 409.
1403 2705 1488 2750 646.

880 2755 995 2792 Rarus
1017 2762 1137 2792 emtor
1155 2754 1241 2793 822.

881 2805 990 2842 Ratio
1009 2806 1145 2843 constat
1166 2817 1225 2844 21.
1260 2814 1342 2850 107.
1371 2814 1458 2853 730.

882 2855 1040 2893 Ratione
1056 2855 1245 2894 aedificare
1265 2855 1350 2899 640.

883 2905 1055 2943 Rationes
1066 2914 1234 2945 excutere
1245 2936 1256 2953 ,
1285 2905 1462 2953 negligere
1478 2904 1561 2955 546.

932 2957 1017 2993 662.

883 3005 1046 3043 Rationis
1062 3006 1110 3043 est
1133 3005 1221 3051 827.

885 3055 942 3093 Re
967 3056 1102 3104 saepius
1131 3057 1254 3095 coaluit
1280 3067 1454 3109 perperam
1485 3066 1561 3092 sum

936 3105 1016 3143 aliis
1033 3106 1168 3143 vocibus
1189 3119 1274 3156 213.
1303 3108 1390 3156 804.

887 3155 1077 3195 Recedens
1093 3164 1220 3196 venter
1240 3170 1326 3198 ια).

1634 276 1811 324 Recipere
1831 278 1964 320 litteras
1983 283 2068 333 368.
2093 285 2180 337 663.

1633 325 1809 374 Recipere
1827 329 1861 367 se
1885 332 1972 377 672.

1631 375 1815 423 Reetum,
1843 382 1933 428 quod
1963 383 2000 421 in

1672 427 1809 471 senum
1829 431 1915 476 677.

1631 475 1911 524 Recuperatoria
1921 481 2053 530 judicia
2069 497 2154 537 243.

1631 526 1809 566 Recusare
1828 528 1960 579 aliquid
1981 533 2065 581 664.

1631 576 1802 616 Reddere
1818 580 1976 629 aliquem
2000 594 2141 632 poenae
2162 597 2249 635 777.

1629 627 1801 667 Reddere
1841 631 1956 680 gestus
1991 659 2004 678 ‚
2067 637 2312 687 repraesentare

1682 689 1767 726 529.

1629 727 1799 769 Reddere
1817 739 1972 772 matrem
1998 747 2085 784 519.

1630 779 1819 819 Reducere
1840 786 2060 824 memoriam
2080 798 2168 837 219.

1629 829 1781 870 Referre
1810 833 1956 883 alicujus
1983 838 2148 885 vultum,
2175 849 2313 889 repraeg

1677 882 1813 921 semare
1834 895 1918 933 1¹7·
1946 885 2030 937 380.

1629 931 1794 972 Reficere
1816 945 1902 979 700.

1629 981 1840 1033 Refringere
1860 987 2001 1026 claustra
2025 997 2110 1029 ηιξ

1628 1032 1888 1083 Refringuntur
1910 1040 2021 1077 aculei
2043 1052 2131 1088 229.

1628 1083 1818 1132 Regnare,
1843 1088 1941 1126 libere
1960 1103 2054 1139 agere
2074 1090 2162 1138 480.
2178 1092 2185 1100 '

1626 1134 1770 1174 Relatio
1783 1165 1794 1183 ,
1819 1139 1988 1188 propositio
2005 1141 2150 1189 alicujus
2161 1142 2206 1181 rei
2217 1143 2310 1193 apud

1668 1185 1876 1234 fiuatumo
1884 1204 1901 1240 ς
1909 1201 1941 1238 3.

1625 1237 1801 1286 Relegare
1841 1267 1853 1285 ‚
1917 1242 2042 1291 censere
2089 1243 2309 1292 relegandum

1678 1299 1762 1335 591-

1623 1335 1844 1387 Relinquere
1871 1342 1907 1379 in
1938 1343 2064 1382 medio
2091 1354 2133 1383 ω·
2165 1345 2203 1382 in
2229 1356 2309 1391 mef

1675 1388 1775 1427 dium
1792 1390 1972 1442 promiscue¹
1993 1401 2081 1443 655.

1623 1439 1797 1489 Reliqua,
1824 1442 1936 1481 debita
1963 1455 2050 1494 239.
2083 1457 2170 1491 702.

1623 1488 1812 1539 Reliquiae
1831 1494 1874 1531 de
1893 1500 2035 1533 mortuis
2057 1496 2143 1544 789.

1623 1539 1864 1581 Remissiones
1885 1556 1970 1585 702.

1623 1589 1828 1649 Remittere
1858 1595 1902 1632 ad
1932 1595 2093 1634 senatum
2116 1624 2127 1640 ‚
2164 1597 2309 1646 senatus

1622 1643 2305 1781 Regias?‘zaizssfisszfarffim

1621 1759 1852 1836 Renimciare
1872 1799 2004 1848 aliquid
2026 1808 2110 1845 270.

1623 1849 1838 1895 Repetumur
1854 1862 1948 1887 voces
1970 1861 2058 1898 259.
2085 1848 2170 1885 268.
2194 1860 2282 1898 320.

1671 1909 1758 1946 419.
1787 1911 1871 1946 577.
1894 1900 1976 1947 624.
2005 1901 2088 1939 666.
2108 1900 2194 1947 690.
2218 1911 2305 1949 793.

1622 1953 1834 1997 Repetuntur
1852 1963 1949 1988 voces
1968 1960 2111 1988 mutata
2137 1961 2306 1987 termina-

1672 1999 1760 2037 tione
1781 2011 1868 2050 331.

1621 2049 1920 2097 Repetundarum
1937 2051 1995 2089 lex
2021 2063 2103 2101 ης.

1621 2099 1920 2147 Repetuudarum
1932 2103 1980 2140 rei
1991 2106 2098 2140 etiam
2110 2100 2185 2149 post
2202 2113 2300 2148 mor<

1671 2158 1748 2189 tem
1772 2153 2062 2191 condemnantur
2083 2163 2166 2200 209.

1621 2201 1824 2249 Reposcere
1845 2204 1963 2241 vicem
1993 2216 2075 2242 121.

1620 2251 1693 2289 Res
1716 2255 1855 2301 publica
1878 2255 1918 2292 de
1936 2254 2111 2304 municip&
2130 2263 2216 2301 739.

1620 2301 1845 2350 Rescribere,
1871 2307 2051 2342 emendare
2070 2312 2158 2353 496.

1619 2351 1854 2401 Respondete
1875 2357 2026 2404 omiffum
2051 2368 2135 2405 113.

1617 2402 1810 2444 Restitutus
1831 2406 2038 2455 (Claudius)
2063 2419 2146 2446 ιη.

1617 2454 1818 2495 Ηεῆῐίἆὶίυς
1833 2484 1842 2499 ,
1863 2458 2000 2506 parcius
2018 2457 2104 2496 668.

1618 2505 1827 2544 Retractare
1848 2535 1858 2551 ,
1895 2507 2077 2546 recensere
2103 2509 2140 2547 δε
2171 2521 2298 2550 emen-

1667 2555 1751 2594 dare
1769 2559 1855 2598 616.

1617 2606 1841 2651 Retraeiius‚
1870 2607 2012 2645 interius
2037 2611 2118 2655 1542

1616 2656 1790 2696 Revereri
1809 2661 1850 2696 de
1869 2659 2059 2696 recitatione
2079 2663 2169 2709 369.
2196 2681 2201 2683 <

1616 2707 1809 2747 Revocare
1829 2708 1873 2746 ad
1898 2710 2009 2747 vitam
2032 2722 2093 2757 49.

1616 2756 1807 2844 Regocare
1824 2760 2010 2808 pecunias,
2038 2769 2181 2810 repetere
2211 2767 2297 2804 2122

1616 2857 1742 2896 Rubor
1759 2860 1859 2898 faciei
1883 2860 1978 2909 apud
2005 2868 2142 2901 veteres
2159 2865 2196 2902 in
2214 2864 2291 2902 lau-

1666 2908 1720 2946 de.

1617 2959 1723 2996 Rude
1741 2970 1887 2999 carmen
1911 2964 1995 3010 560.

1615 3010 1727 3058 Rugis
1745 3011 1876 3062 aliquid
1892 3015 2071 3053 remittere
2095 3014 2178 3062 663.

2023 386 2085 432 suo
2108 400 2224 437 genere
2242 395 2315 439 per}
