2616 3686
304 178 499 327 3S-Y8Ham
536 296 549 320 ‚
609 259 878 331 Quintum
939 264 951 284 ¹
1005 263 1288 330 Catulum,

308 330 456 384 vium
516 332 842 402 Sulpitium,
887 341 906 365 ⁴
956 335 1308 402 Varronem,
1358 344 1370 371 ⁵
1424 337 1812 408 Torquatum,

306 533 506 570 mentarios
529 543 648 572 rerum
673 534 813 573 suarum
837 537 981 586 reliquit
1005 565 1015 581 ‚
1041 537 1121 586 post
1143 546 1264 587 captas
1288 539 1342 577 A-

307 581 437 620 thenas
468 584 611 622 allatam
636 586 861 634 Apelliconis
884 589 1141 625 bibliothecam
1165 590 1201 625 in
1215 591 1344 627 urbem

310 633 485 671 transtulit
508 664 516 678 ‚
565 637 601 672 in
635 646 707 684 qua
744 640 885 673 ruerant
921 636 1120 675 Aristotelis
1152 640 1191 675 ὅς
1214 638 1342 676 Theov

312 683 441 730 phi-niti
474 685 550 722 libri
576 714 585 730 ,
628 688 690 734 qui
726 685 894 733 publicati
914 687 1075 724 multum
1101 690 1281 726 Romanis
1303 689 1350 727 ad

310 735 578 782 plilosopliiam
613 736 858 772 contulerunt.
912 735 994 773 Fuit
1027 739 1127 775 enTm
1151 738 1249 786 sylla
1273 740 1350 777 lite-

312 786 357 819 ris
385 784 533 822 Graecis
555 787 593 823 δε
621 787 759 823 Latinis
781 788 909 834 pariter
933 787 1140 826 doetillime
1167 789 1351 836 cruli'tus,

310 833 489 871 facundus
512 847 552 872 ae
578 838 726 884 ingenio
749 837 969 884 incredibili,
999 848 1038 876 ut
1058 841 1094 878 in
1109 839 1260 878 nistoriis
1275 853 1353 879 me-

312 895 433 921 morat
458 886 634 924 Salustius.
665 888 821 924 Carnu.

364 946 378 971 1
411 936 463 982 Q
489 937 678 975 Catulum.
703 937 718 987 ]
750 940 798 985 32.
819 939 975 977 Catulus
1000 941 1187 979 Lanarius
1214 943 1352 982 Consul

313 992 400 1021 cum
438 989 556 1024 Mario
591 987 636 1026 de
660 989 818 1026 Cimbris
840 991 1093 1037 triumphavit.
1150 993 1351 1032 Censuram

313 1045 398 1071 cum
437 1037 564 1076 Crasso
598 1038 700 1088 geffit
725 1067 734 1083 ,
763 1041 926 1078 civilibus
949 1043 1126 1090 negotiis,
1154 1054 1266 1093 quam
1302 1049 1351 1084 rei

313 1085 458 1125 ruditati
481 1090 721 1128 commodior
737 1119 746 1133 ‚
771 1091 936 1138 syllanae
963 1092 1129 1131 factionis
1154 1096 1353 1144 aliquando

313 1138 482 1187 princeps
507 1168 517 1183 ‚
556 1141 592 1177 in
625 1140 773 1178 summo
797 1143 940 1180 honore
970 1143 1068 1191 apud
1089 1147 1286 1194 optimates
1315 1151 1353 1188 ὃς

315 1187 542 1229 multitudini
565 1202 642 1228 non
664 1192 819 1237 invisus,
848 1195 1022 1232 omnium
1047 1207 1136 1233 vero
1159 1197 1354 1237 Romano-

315 1247 401 1276 rum
416 1241 718 1280 mansuetissimus
733 1271 742 1288 ,
755 1244 994 1288 :metor-itatis,
1031 1247 1245 1295 integritatis
1257 1277 1266 1291 ,
1294 1261 1355 1288 ae—

315 1290 462 1337 quitatis
495 1294 632 1340 primus
658 1321 668 1337 ,
723 1295 801 1340 post
837 1295 1046 1334 dedicatum
1080 1309 1100 1334 a
1131 1298 1165 1336 se
1202 1300 1354 1350 Capito-

314 1338 434 1386 lium,
463 1345 526 1392 qui
557 1343 754 1383 somniavit
786 1347 923 1392 jovem
959 1347 995 1384 in
1029 1351 1213 1395 gremium
1249 1351 1352 1389 suum

316 1390 524 1439 Aug-‚ustum
560 1405 715 1441 puerum
755 1394 971 1444 reposuisse,
1000 1407 1110 1448 atque
1135 1401 1290 1451 Reipub.
1313 1403 1378 1440 fi-·

312 1451 430 1488 gnum
447 1472 456 1487 ‚
481 1444 583 1491 quod
608 1456 719 1482 manu
740 1447 889 1494 gestaret
905 1476 914 1488 .
941 1460 978 1486 in
1002 1447 1120 1488 finum
1144 1452 1219 1499 ejus
1243 1454 1358 1492 collo-

315 1492 417 1530 call'e.
472 1494 602 1532 Catitlo
638 1507 715 1533 non
749 1497 862 1535 solum
898 1510 965 1536 nos
990 1500 1136 1545 Latini,
1162 1502 1223 1540 sed
1246 1506 1356 1544 etiarn

316 1543 449 1581 Gmci
485 1544 549 1594 ipsi
583 1546 744 1594 (Cicero
778 1548 912 1598 refert>
950 1550 1066 1589 solent
1097 1552 1179 1590 suae
1211 1555 1357 1604 linguae

317 1593 548 1633 subtilitatem
583 1597 875 1648 elegantiamque
912 1602 1129 1640 concedere.
1168 1605 1360 1655 Epigram-

319 1654 419 1683 mata
444 1645 560 1684 lusisse
582 1649 720 1688 Gellius
743 1650 871 1687 auctor
893 1651 952 1689 est.
981 1653 1096 1691 lnam.

375 1707 392 1732 z
424 1699 475 1745 Q
493 1697 711 1736 scaevolam.
735 1699 750 1748 ]
789 1703 842 1748 Q
863 1705 1004 1741 Mutius
1029 1706 1194 1743 scaevola
1218 1736 1228 1753 ‚
1257 1709 1296 1746 P.
1319 1709 1360 1746 fi-

318 1744 410 1791 lius,
440 1751 478 1786 ὃς
513 1749 557 1785 L.
593 1749 703 1787 Crasti
724 1751 849 1794 socer,
879 1755 1045 1802 princeps
1069 1757 1214 1795 Romae
1238 1760 1274 1796 in
1299 1771 1361 1798 ae-

322 1795 458 1836 dilitate
480 1798 538 1836 sua
560 1799 712 1838 leonum
737 1799 842 1839 simul
867 1804 1024 1852 plurium
1049 1817 1209 1854 pugnam
1235 1809 1361 1856 dedit,

322 1848 463 1897 collega
496 1849 623 1888 Craffo
651 1854 787 1890 oratori
820 1855 857 1891 in
891 1855 1091 1893 Consulatu
1116 1885 1126 1901 ‚
1157 1860 1194 1895 &
1229 1862 1361 1899 iterum

324 1908 410 1935 cum
438 1900 670 1939 L.'Caecilio
694 1903 849 1941 Metello
877 1933 887 1949 ‚
918 1917 1001 1943 cum
1029 1915 1184 1956 uterque
1205 1909 1250 1948 de
1275 1912 1364 1949 Dal-

323 1951 430 1988 matis
464 1951 704 2000 triumphavit
728 1981 739 1996 ,
777 1955 946 2002 pontifex
972 1957 1076 1995 Max.
1100 1959 1362 2000 Romanorum
1398 1960 1400 1997 l
1438 1971 1599 2008 quorum
1632 1961 1691 1998 hic
1723 1961 1954 1998 mentionem
1992 1956 2113 1995 facere
2133 1985 2144 2002 ,
2186 1957 2342 2006 longum
2368 1959 2476 2001 foret.

323 2009 418 2038 unus
445 2003 484 2040 ὃς
506 2002 657 2051 ingenio
679 2005 899 2043 &industria
910 2007 1235 2055 praestantissimus.
1263 2013 1363 2051 Nam
1398 2010 1401 2054 l

326 2048 397 2089 fuit
417 2060 541 2090 orator
561 2065 603 2091 ac
626 2055 899 2100 Jurisconsultus
922 2057 1090 2107 insignis,
1119 2062 1182 2111 qui
1213 2063 1365 2102 Cicero-

320 2111 412 2139 nem
433 2103 470 2140 in
493 2104 572 2151 jure
595 2106 692 2144 civili
713 2106 872 2146 instituit.
901 2108 1015 2150 Unde
1039 2114 1173 2150 merito
1195 2115 1247 2161 Q
1266 2120 1366 2152 Scae-

321 2151 448 2191 volam
475 2154 554 2193 Lib.
579 2154 605 2192 1.
627 2155 672 2194 de
697 2157 859 2197 Oratore
883 2168 993 2197 vocat
1016 2163 1188 2200 omnium
1203 2164 1362 2204 doe‘tissi-

324 2213 433 2241 mum
456 2233 467 2249 ‚
516 2207 556 2244 &
589 2205 770 2256 disciplina
800 2209 894 2256 Juris
929 2211 1042 2250 civilis
1061 2213 1364 2263 eruditissimum,

323 2254 364 2292 &
388 2254 538 2303 ingenio
556 2257 824 2308 prudentiaque
838 2261 1082 2300 acutissimum
1098 2293 1108 2309 ,
1136 2266 1176 2303 &
1196 2267 1365 2307 oratione

324 2305 490 2344 maxime
521 2307 689 2346 limatum
715 2321 722 2345 :
761 2310 924 2350 subtilem
950 2341 960 2358 ,
999 2314 1037 2351 &
1067 2315 1364 2364 Jurisperitorum

325 2355 582 2405 eloquentium
595 2358 847 2409 jurisperitum
873 2363 1225 2412 eloquentissimum.
1261 2369 1367 2408 Plura

326 2406 409 2453 lege
440 2408 536 2457 apud
571 2409 732 2449 eundem
752 2412 790 2449 in
814 2412 904 2452 libro
927 2413 972 2453 de
997 2415 1108 2455 Claris
1135 2417 1365 2459 Oratoribus.

332 2457 489 2496 Cum.

380 2519 399 2557 3
429 2510 591 2548 Servium
623 2511 827 2557 Sulpitium.
856 2514 871 2564 ]
919 2516 1063 2555 Servius
1096 2519 1269 2568 sulpitius
1309 2534 1366 2561 vr

330 2560 520 2609 princeps,
548 2563 611 2610 qui
643 2565 801 2603 interrex
836 2567 1060 2616 Pompejum
1084 2572 1235 2610 unicum
1261 2573 1365 2611 Con-

331 2608 445 2647 sulem
468 2614 604 2650 creavit
627 2641 637 2656 ‚
667 2616 702 2652 in
726 2615 966 2656 adolescentia
987 2620 1104 2658 verbis
1128 2622 1366 2663 redundanti-

331 2659 397 2697 bus
412 2688 422 2705 ,
450 2662 489 2700 ὅς
513 2662 830 2705 effervescentibus
861 2681 868 2705 :
898 2668 976 2717 post
999 2670 1106 2708 Lucii
1128 2672 1242 2711 Cralli
1264 2675 1367 2714 audi-

329 2716 391 2746 tor
433 2713 680 2762 magnificum·
711 2717 797 2755 illud
841 2719 984 2758 dicendi
1027 2733 1140 2770 genus
1173 2727 1364 2773 expressit:

332 2767 470 2798 tantam
502 2764 711 2804 facultatem
745 2766 922 2808 assecutus
941 2801 952 2815 ,
991 2781 1029 2809 ut
1054 2784 1131 2810 non
1153 2776 1366 2824 aequalibus

335 2809 402 2846 suis
425 2811 539 2851 solum
561 2825 846 2866 anteponeretur
860 2849 870 2865 ,
897 2821 956 2860 sed
968 2834 1053 2861 cum
1068 2825 1266 2872 majoribus
1279 2838 1365 2867 natu

337 2867 616 2914 compararetur.
672 2869 799 2907 Nemo
832 2873 932 2909 enim
958 2885 1025 2912 nec
1046 2883 1153 2913 motu
1177 2880 1363 2927 corporis,

335 2918 405 2943 nec
442 2911 514 2956 ipso
541 2914 669 2967 'habitu
693 2945 704 2960 ‚
741 2929 850 2968 arque
883 2922 1001 2961 forma
1036 2924 1105 2964 fuit
1126 2929 1268 2976 aptior,
1297 2941 1366 2969 nec

337 2968 434 2994 voce
456 2959 593 3017 plenior
608 2992 617 3006 ,
645 2976 705 3002 aut
726 2967 867 3006 suavior
882 3000 891 3014 ,
919 2976 1021 3020 cuius
1044 2983 1142 3014 tanta
1167 2987 1243 3016 erat
1263 2981 1301 3017 in
1314 2981 1366 3019 di-

338 3007 458 3045 cendo
479 3020 631 3061 gravitas
647 3041 656 3055 ,
684 3023 782 3052 tanta
799 3019 1005 3064 jncunditas
1028 3052 1038 3067 ,
1064 3033 1161 3064 tanta
1187 3029 1365 3075 brevitas,

332 3064 377 3107 ut
398 3057 539 3108 ponet,
568 3064 626 3102 vel
648 3072 686 3101 ut
709 3066 905 3114 prudentes
928 3082 1111 3122 errarent,
1140 3080 1198 3117 vel
1217 3089 1255 3119 ut
1277 3081 1364 3121 boni

2306 0 2616 125 „ww

581 183 1098 236 C.PL1N11
1163 179 2259 244 CAECIL'II-SECUND1

2337 261 2464 328 Ser:

1876 339 2045 394 immo
2106 340 2461 414 Torquatos»

2111 412 2124 432 ¹
2164 413 2233 470 C.
2274 415 2463 471 Mem-

1416 541 1536 578 minus
1556 540 1652 579 bene
1673 539 1867 584 sentirent,
1897 535 2056 577 dicendo
2069 535 2266 587 perficere.
2294 539 2460 593 Reliquit

1431 263 1700 335 Quintum
1773 265 2084 322 Scaevolam
2140 304 2155 330 ,
2235 271 2251 298 ⁸

1415 601 1531 640 prope
1555 601 1704 630 centum
1730 594 1768 630 ἃς
1791 591 1979 638 o6toginta
2004 590 2113 646 libros
2138 617 2149 632 ,
2175 589 2326 628 au&ore
2345 593 2461 632 Pom-

1415 643 1555 689 ponio:
1585 645 1658 680 lioc
1679 642 1752 680 solo
1777 642 2047 680 exercitationis
2068 651 2206 688 g:nere
2231 639 2265 676 se
2290 651 2461 683 exercere

1418 689 1551 728 solebat
1575 694 1610 730 in
1636 692 1906 742 componendis
1927 692 2157 728 carminibus.
2188 689 2286 728 Nam
2305 690 2348 729 ’ὃς
2362 693 2464 732 subli—

1421 742 1490 778 mis
1510 741 1646 790 spiritus
1670 744 1834 781 attollere
1857 743 2064 780 orationem
2088 750 2230 789 poterat
2255 764 2265 783 ‚
2295 743 2333 779 ὃ(
2354 743 2465 782 verba

1422 793 1566 838 poetica
1587 794 1751 831 libertate
1773 793 1964 830 audaciora
1987 793 2222 840 praesumunt
2239 791 2397 831 eandem
2411 795 2466 834 di-

1424 839 1529 878 cendi
1555 842 1777 880 facultatem.
1831 845 1957 891 Quare
1983 843 2142 881 Ovidius
2181 843 2343 881 secundo
2379 845 2466 884 Tri-

1425 889 1529 928 stium
1564 892 1771 938 monstrat,
1814 894 1981 931 Servium
2015 894 2212 943 aliquando
2236 891 2395 933 versibus
2418 897 2469 935 la-

1428 940 1576 980 scivisse.
1607 943 1723 981 Ioum.

1477 1005 1500 1039 4
1529 999 1733 1031 Varronem.
1759 991 1775 1042 ]
1818 998 1960 1042 Marcus
1987 995 2167 1032 Terentius
2193 999 2304 1032 Varro
2335 996 2463 1035 secun-

1431 1040 1520 1080 dum
1545 1044 1738 1083 Sidonium
1761 1039 1848 1082 allus
1870 1044 1913 1080 ab
1937 1053 1984 1081 eo
1999 1071 2008 1088 ‚
2037 1047 2098 1091 qui
2121 1053 2224 1083 natus
2246 1047 2283 1083 in
2296 1048 2382 1085 vico
2398 1049 2468 1087 At·

1427 1100 1507 1132 tace
1531 1094 1783 1133 Narbonensis
1807 1095 2020 1144 provinciae
2046 1093 2162 1144 [ire]
2188 1096 2345 1134 XXXV.
2359 1109 2467 1147 agens

1429 1154 1567 1183 annum
1591 1147 1708 1185 literas
1733 1147 1892 1184 Graecas
1913 1145 2059 1182 summo
2083 1144 2200 1183 studio
2233 1145 2397 1187 edidicit:
2430 1153 2468 1190 in

1432 1195 1572 1235 Latinis
1603 1206 1883 1247 praeceptorem
1910 1196 2036 1232 habuit
2062 1196 2231 1234 Laelium
2257 1198 2375 1235 virum
2400 1200 2470 1239 do-

1431 1245 1531 1284 &tum
1551 1277 1561 1293 ,
1590 1250 1628 1286 ὃς
1658 1249 1824 1287 socerum
1863 1247 1905 1284 C.
1939 1245 2170 1284 Fundanium
2197 1275 2207 1291 ‚
2236 1247 2290 1284 vir
2321 1249 2471 1297 ingenio

1431 1294 1613 1349 omnique
1635 1298 1801 1337 doctrina
1825 1296 2014 1347 praestans.
2064 1297 2109 1335 L.
2132 1298 2283 1336 Aelium
2307 1301 2474 1350 equitem

1430 1347 1707 1388 erudit·ffimmn
1733 1379 1743 1395 ‚
1773 1351 1810 1388 &
1835 1349 1983 1385 Graecis
2006 1349 2116 1386 literis
2142 1350 2179 1386 ἃ
2201 1349 2343 1387 Latinis
2367 1379 2378 1395 ‚
2409 1363 2474 1390 an-

1428 1400 1679 1449 tiquitatisque
1712 1401 1852 1439 nostrae
1886 1399 2029 1447 penitus
2062 1399 2247 1437 literatum
2286 1401 2473 1442 imitatus:

1430 1460 1514 1488 eam
1534 1451 1718 1491 scientiam
1742 1463 1806 1502 per
1828 1449 1898 1489 sese
1921 1451 2033 1486 etiam
2066 1449 2213 1507 aust-am
2243 1451 2402 1506 pluribus
2433 1455 2474 1493 δε

1431 1500 1674 1541 illustrioribus
1692 1505 1803 1541 literis
1824 1501 2017 1549 explicuit:
2048 1512 2161 1548 quem
2175 1505 2313 1538 lenium
2330 1504 2475 1550 voluit.

1436 1554 1579 1600 optime
1614 1553 1811 1602 expressit:
1851 1551 2021 1588 omnium
2060 1551 2174 1588 Rom.
2197 1551 2475 1600 doffiffimum,

1431 1602 1576 1651 linguae
1609 1604 1766 1641 Latinae
1795 1601 2047 1649 peritissimum
2072 1629 2082 1646 ,
2097 1602 2150 1639 ἀ
2173 1604 2295 1640 omnis
2316 1608 2475 1656 antiqui-

1433 1656 1538 1700 tatis,
1566 1657 1604 1693 ὃς
1637 1666 1758 1692 rerum
1788 1655 2014 1691 Graecarum
2040 1679 2050 1695 ‚
2078 1650 2357 1703 nostrarumque
2383 1683 2393 1700 ,
2421 1666 2475 1696 te-

1433 1705 1567 1743 stantur
1591 1707 1728 1743 Seneca
1751 1707 1790 1744 ὃ(
1813 1704 1951 1741 Fabius.
1982 1703 2097 1740 IDEM.
2127 1704 2361 1754 Varronem]
2392 1707 2479 1746 Ma-

1437 1756 1579 1795 crobius
1594 1757 1694 1794 hunc
1716 1758 1752 1794 in
1777 1756 1949 1793 omnibus
1971 1754 2197 1792 imitatorem
2212 1755 2396 1801 Homeri,
2424 1759 2474 1798 A.

1437 1807 1576 1845 Gellius
1610 1819 1699 1846 vero
1734 1807 1984 1845 doetrinaruin
2015 1805 2302 1844 multiformium
2321 1835 2331 1851 ‚
2363 1810 2476 1848 varia-

1437 1867 1595 1908 rumque
1627 1860 1758 1896 artium
1785 1887 1796 1903 ‚
1834 1856 1965 1907 quibus
1998 1855 2204 1893 humanitas
2241 1858 2379 1896 erudita
2403 1859 2471 1907 est,

1437 1910 1585 1946 culmen
1615 1907 1778 1948 habuisse
1809 1909 1966 1946 tradunt.
2015 1906 2136 1944 Multa
2168 1907 2294 1956 scripta
2312 1909 2476 1958 reliquit,

1438 2009 1497 2047 Ex
1519 2011 1559 2048 iis
1576 2012 1728 2048 unicum
1753 2009 1924 2049 indicasse
1945 2007 2120 2053 sufficiat,
2148 2009 2251 2058 quod
2277 2009 2475 2059 Argonau-

1437 2062 1507 2099 tica
1530 2060 1776 2112 conscripserit
1796 2089 1808 2107 ,
1838 2069 1880 2099 ut
1901 2058 2022 2107 colligi
2040 2059 2128 2097 licet
2149 2071 2195 2097 ex
2211 2059 2266 2101 ΙΙ.
2299 2059 2476 2102 Tristium

1444 2112 1600 2152 Ovidii:

1493 2218 1528 2252 15
1550 2226 1681 2266 quoque
1706 2213 1894 2263 Phasiacas
1918 2217 2043 2262 Argon
2062 2213 2122 2264 qui
2143 2214 2251 2253 duxit
2275 2214 2312 2252 in
2334 2217 2476 2264 undas,

1542 2271 1627 2304 Non
1643 2266 1763 2317 potuit
1787 2266 1923 2304 Veneris
1939 2265 2050 2312 furta
2074 2277 2187 2304 tacere
2199 2267 2301 2316 suae.

1443 2366 1587 2414 Quibus
1617 2373 1666 2404 M.
1693 2367 1863 2405 Varronis
1884 2367 2134 2416 Argonautica
2161 2369 2200 2406 ὃ(
2223 2366 2473 2424 Epigramma-

1441 2425 1476 2454 ta
1490 2417 1700 2456 monstraffe
1716 2447 1726 2463 ‚
1749 2419 1863 2456 cuivis
1876 2419 1999 2467 liquet.
2027 2417 2321 2474 Triumviratum
2335 2418 2374 2454 &
2385 2416 2469 2453 Tri-

1442 2468 1621 2507 bunatum
1656 2469 1759 2518 gessit
1773 2498 1783 2513 ,
1824 2470 1862 2507 in
1885 2470 2014 2519 quibus
2036 2467 2142 2507 valde
2160 2470 2292 2506 claruit.
2343 2465 2465 2520 Quam

1442 2521 1478 2557 in
1512 2530 1589 2558 rem
1623 2521 1754 2559 confer
1783 2521 1869 2558 Aul.
1901 2520 2065 2559 Gellium
2087 2521 2126 2558 in
2149 2516 2260 2557 Noer.
2281 2514 2391 2551 Attic.
2413 2511 2465 2550 di-

1442 2569 1550 2609 versis
1572 2573 1608 2610 in
1632 2573 1730 2610 locis.
1758 2573 1917 2609 VEENH.
2085 2576 2091 2577 ’
2254 2613 2260 2619 ,

1493 2635 1511 2670 ς
1542 2627 1763 2672 Torquatum
1780 2651 1790 2667 ,
1817 2623 1926 2660 immo
1949 2627 2015 2658 Tor
2039 2615 2367 2670 uat05.]·P¹'1mum
2383 2616 2467 2648 Tor·

1442 2683 1550 2719 quaro
1579 2682 1876 2723 cognomentum
1900 2671 2011 2711 indidi
2042 2680 2062 2705 e
2082 2673 2284 2718 accepimus
2305 2672 2466 2719 ‘W‘ffl‘m

1442 2736 1487 2761 ex
1521 2735 1612 2761 auro
1643 2725 1751 2762 hostis
1784 2724 1876 2761 Galli
1903 2750 1914 2768 ‚
1941 2728 2050 2769 quern
2075 2713 2235 2760 fissgfflffl
2259 2720 2463 2751 certamine

1441 2784 1664 2823 provocatus
1685 2773 1890 2814 occiderat,
1917 2773 1956 2808 &
1975 2775 2130 2813 torquem
2150 2761 2356 2827 *dctfaflJ-Jm
2368 2764 2465 2801 c0110

1441 2827 1506 2863 suo
1530 2826 1751 2875 imposuerat
1771 2851 1781 2867 ,
1812 2821 1896 2859 inde
1917 2823 2124 2864 cognomen
2148 2824 2184 2850 in
2210 2816 2385 2870 samniam
2409 2826 2465 2852 re-

1442 2885 1602 2925 ceptum.
1631 2876 1742 2922 Igitur
1757 2878 1944 2918 Torquatos
1957 2866 2172 2910 eloquentes
2187 2862 2332 2902 adducit
2349 2878 2357 2901 ι
2374 2876 2468 2914 quo-

1442 2938 1522 2963 rum
1546 2928 1681 2974 primus
1704 2929 1740 2959 L.
1763 2926 1958 2967 Torquatus
1981 2942 1990 2958 ‚
2030 2913 2084 2949 M.
2109 2913 2238 2952 Tullio
2263 2915 2465 2960 referente,

1442 2977 1584 3022 elegans
1616 2976 1651 3011 in
1685 2968 1840 3008 dicendo
1864 2994 1875 3010 ,
1925 2967 1961 3003 in
1997 2963 2222 3002 aestimando
2264 2966 2469 3006 admodum

1443 3025 1599 3073 prudens
1630 3028 1752 3058 orator
1775 3047 1786 3063 ‚
1825 3027 1936 3064 quem
1972 3026 2046 3052 non
2070 3024 2144 3052 tam
2169 3018 2242 3054 cito
2264 3017 2468 3056 Rlietorem
2491 3034 2493 3036 ·

1445 3071 1607 3119 dixisses,
1634 3069 1698 3109 etsi
1719 3081 1798 3110 non
1816 3066 1938 3106 deerat
1960 3067 2077 3105 oratio
2091 3095 2102 3112 ‚
2124 3078 2236 3117 quam
2252 3096 2262 3114 ,
2286 3077 2324 3106 ut
2338 3069 2470 3161 {necti

2383 3131 2451 3159 cun

2578 131 2596 154 μ
