2616 3686
536 166 877 220 LIBER
945 148 1927 228 Iv.EPISTOLAXXX.
2210 204 2303 254 3¹7

255 244 510 318 crestebat
545 245 600 301 &⁸
634 239 956 310 decrescebat
985 262 999 301 ;
1054 241 1235 306 causas
1270 259 1389 312 ergo
1414 247 1560 296 tanti
1583 248 1828 302 miraculi
1863 254 2063 308 nititur
2089 256 2300 330 investi-

247 338 380 396 gare
410 357 427 382 ,
493 316 547 374 ὅ
580 315 695 387 post
737 314 933 368 multas
975 312 1210 367 rationes
1223 313 1437 384 judicio
1469 313 1639 370 Surae
1673 321 1844 390 plura
1877 326 2169 393 scrutanda
2216 349 2300 384 re.

251 390 465 463 linquit.
1413 393 1419 396 ’
1603 421 1605 431 ¹
2295 397 2302 402 ’

2305 485 2316 512 8

316 538 471 594 Ttuli
497 537 591 594 tibi
613 554 682 593 ex
703 535 868 607 patria
881 551 1002 591 mea·
1014 539 1448 608 promunusculo
1460 538 1827 612 quaestionem
1845 577 1862 606 ‚
1887 544 2153 602 'altiffima
2171 548 2311 606 eru-⁴

180 542 300 679 A
323 613 526 667 ditione
564 607 931 680 dignissimam.
980 610 997 629 ²
1034 609 1175 667 Fons
1207 615 1377 668 oritur
1413 615 1465 667 in
1492 627 1679 668 monte
1706 652 1721 678 ,
1764 632 1860 686 per
1883 616 1998 673 saxa
2026 618 2297 687 decurrit,

182 682 878 758 excipitur,coenatiuncula
916 700 1074 739 manu
1111 684 1259 740 fafla.
1308 684 1321 711 ³
1354 686 1428 740 lbi
1460 687 1674 757 paulum
1709 702 1953 744 retentus
1992 691 2044 745 in
2072 692 2296 750 Larium

181 761 350 815 lacum
384 755 600 811 decidit.
642 752 817 824 Hujus
843 756 972 810 mira
995 770 1194 814 natura.
1274 758 1392 814 Ter
1415 762 1469 813 in
1498 758 1587 812 die
1617 758 1789 814 *statis
1812 762 2049 818 aueiibus
2074 803 2088 827 ‚
2128 783 2188 820 ae
2215 766 2297 822 di-

183 828 559 888 minutionibus
584 827 802 887 crescit,
841 827 1228 902 decrescitque.
1267 831 1527 886 Cernitur
1551 831 1605 884 id
1632 833 1796 900 palam
1819 873 1834 899 ‚
1859 835 1912 889 &
1941 853 2065 892 cum
2093 837 2295 896 summa

180 905 449 974 voluptate
474 898 912 973 deprehenditur.
958 901 1120 972 Juxta
1155 903 1422 959 recumbis
1451 903 1506 956 δε
1533 904 1786 960 vesceris:
1828 911 2009 980 Atque
2037 912 2198 967 etiam
2227 930 2296 969 ex

175 976 287 1048 ipso
328 973 482 1032 ¹fonte
519 981 670 1038 (narn
711 971 819 1027 est⁵
850 972 1254 1046 frigidissimus)
1284 990 1461 1045 potas:
1495 977 1711 1030 interim
1735 979 1818 1032 ille
1840 982 1998 1036 certis
2023 982 2298 1040 dimenfis-

177 1066 284 1122 que
319 1048 605 1103 momentis
638 1046 723 1100 vel
759 1045 1080 1104 subtrahitur
1112 1050 1196 1103 vel
1223 1049 1456 1118 affui-git.
1532 1049 1845 1115 Annulum‚
1884 1052 1971 1107 seu
1997 1056 2126 1126 quid
2151 1059 2291 1114 aliud

172 1120 325 1194 ponis
348 1121 403 1174 in
428 1119 600 1184 ficeo‚
637 1119 850 1173 alluitur
872 1119 1496 1185 senfim,ac⁶noviffitne
1511 1123 1780 1192 operitur:
1808 1124 2296 1196 detegiturrursuS,

172 1194 535 1268 paulatimque
559 1192 832 1247 deseritur.
885 1195 938 1248 Si
964 1194 1165 1249 dIutius
1191 1194 1464 1260 observeS‚
1505 1208 1799 1266 utrumque
1825 1199 2018 1253 iterum
2047 1218 2105 1254 ac
2131 1204 2296 1258 tertio

173 1267 371 1324 videas·
407 1263 422 1292 ⁷
464 1266 760 1339 Spiritusne
796 1266 981 1339 aliquis
1015 1268 1280 1325 occultior
1319 1285 1378 1324 os
1416 1268 1577 1325 fontis
1615 1267 1669 1323 δε
1705 1269 1884 1327 fauces
1924 1272 2093 1328 modo
2128 1274 2298 1340 laxat,

2130 1348 2301 1405 modo

174 1481 214 1519 ὃ(
242 1480 360 1526 alibi,
397 1491 444 1518 an
481 1479 733 1529 significaverit
771 1480 1007 1532 Palphurium
1045 1487 1193 1521 surram

171 1532 313 1581 pulsum
335 1532 424 1569 olim
442 1541 462 1567 a
485 1532 618 1570 Senatu
642 1560 652 1576 ,
690 1534 727 1569 δε
749 1533 972 1569 Domitiano
994 1535 1195 1581 imperante

175 1583 219 1619 de
244 1584 445 1620 oratoribus
467 1593 686 1620 coronatum
712 1612 721 1628 ‚
748 1593 794 1618 an
820 1582 990 1619 Licinium
1014 1589 1162 1620 surram
1179 1594 1194 1622 ?

177 1632 328 1669 Omitto
352 1634 449 1670 enim
472 1633 655 1670 Manlium
671 1638 813 1668 5urram
826 1631 1069 1678 causidicum,
1096 1636 1197 1683 cujus

174 1685 346 1721 meminit
378 1683 515 1722 Fabius.
568 1684 739 1721 Maxima
771 1682 838 1720 fuit
860 1694 945 1720 cum
970 1684 1135 1731 Trajano
1159 1687 1197 1723 &

171 1733 297 1771 Licinio
324 1740 433 1771 Sarra
473 1735 630 1772 amicitia
654 1763 664 1780 ,
703 1733 804 1783 quod
824 1741 922 1783 patet
943 1734 980 1770 in
1004 1733 1199 1784 Panegyri-

176 1796 232 1821 co.
262 1786 328 1822 CA
344 1799 366 1822 r
383 1799 403 1821 A
418 1798 454 1823 N.
494 1786 655 1824 Riccard.
679 1784 825 1836 quidem
848 1786 886 1822 in
909 1783 1034 1822 Indice
1055 1785 1126 1829 ait,
1153 1788 1198 1825 ad

175 1835 344 1873 Licinium
368 1842 495 1873 Suram
530 1837 693 1886 scriptam
727 1833 795 1874 effe
824 1834 1034 1884 epistolam,
1059 1835 1096 1872 in
1121 1837 1197 1886 ipso

178 1894 354 1925 contextu
387 1899 476 1925 vero
501 1916 511 1932 ‚
548 1889 655 1936 plane
687 1886 944 1925 ut-Mediceus
967 1914 978 1931 ‚
1024 1884 1127 1924 von.
1157 1891 1196 1927 &

178 1934 343 1982 Bongars.
366 1946 508 1975 tantum
533 1941 698 1977 exhibet:
726 1943 767 1974 C.
785 1937 839 1973 Pl.
861 1943 975 1974 Surae
987 1942 1062 1974 Suo.
1101 1940 1195 1977 Nul-

178 1984 255 2028 lus,
283 1998 421 2034 praeter
455 1989 605 2026 Helmst.
635 1992 674 2028 &
708 1988 772 2025 Ed.
805 1988 890 2025 Vct.
913 1992 1040 2024 Sarrae
1059 1988 1193 2036 habet,

179 2036 218 2072 ἃ
251 2039 445 2084 reperimus
477 2039 636 2078 eiusdem
670 2040 900 2087 cognominis
942 2044 984 2076 P.
1025 2039 1192 2079 Clodium

176 2090 305 2123 Suram
321 2116 330 2132 ‚
359 2098 562 2128 curatorem
594 2094 678 2141 reip.
710 2088 953 2129 Comenfium
976 2089 1074 2140 apud
1098 2092 1193 2130 Gru-

176 2142 295 2174 terum
320 2151 398 2188 pag.
420 2152 500 2190 392.
522 2153 558 2179 n.
581 2155 609 2189 7.

229 2199 244 2225 1
278 2190 451 2238 Alriffima
475 2191 533 2230 ista
551 2195 749 2232 eruditione.
772 2192 787 2242 ]
818 2193 873 2231 Ita
895 2204 1026 2231 omnes
1048 2194 1194 2244 impres-

176 2236 201 2274 s1
227 2267 235 2281 ‚
275 2241 312 2277 δε
344 2242 456 2290 scripti
490 2247 716 2283 recentiores.
764 2245 817 2282 At
857 2244 1194 2293 praestantissimus:

172 2289 338 2337 altissima
370 2294 561 2331 eruditione
593 2296 820 2344 dignissimam
846 2323 856 2340 ,
895 2294 1032 2333 reiesto
1054 2297 1197 2335 Prono-

173 2343 273 2378 mjne
296 2342 357 2389 tsta
380 2373 389 2388 ‚
426 2345 527 2392 quod
549 2345 608 2383 hic
630 2348 733 2396 plane
755 2359 831 2383 non
850 2346 965 2383 habet
988 2374 998 2390 ‚
1037 2347 1140 2396 quod
1162 2360 1196 2385 a-

171 2400 242 2439 gat.
271 2394 503 2440 QuinCtilian.
530 2396 609 2433 Lib.
636 2398 662 2434 I.
682 2410 759 2446 cap.
785 2397 854 2434 IV.
875 2407 954 2445 pag.
990 2407 1048 2444 39.
1094 2399 1198 2444 Qae

171 2454 239 2478 non
262 2446 361 2482 modo
383 2458 503 2484 acuere
520 2448 658 2495 ingenia
676 2446 821 2498 puerilia
842 2475 852 2491 ‚
881 2448 945 2495 sed
965 2459 1117 2483 exercere
1146 2450 1194 2486 al-

169 2494 337 2531 tiffimam
360 2510 490 2546 quoque
513 2497 757 2537 eruditionem
786 2510 826 2533 ac
846 2498 1033 2547 scientiam
1060 2497 1162 2544 poffit.

217 2557 250 2581 2·
270 2546 398 2595 Fons.]
440 2549 499 2584 Ab
531 2550 658 2587 incolis
681 2552 911 2588 etiamnunc
933 2557 1188 2593 cognomento

168 2592 371 2642 Plinianus,
401 2598 475 2634 fere
508 2599 663 2637 eandem
699 2609 864 2637 naturam
897 2598 1058 2642 servans,
1088 2599 1188 2648 quod

171 2648 263 2692 prius
294 2652 543 2687 monumentis
577 2651 765 2689 mandarat
801 2651 934 2687 Plinius
966 2652 1188 2688 avunculus:

174 2699 214 2730 In
246 2699 402 2749 Comensi
423 2727 433 2743 ‚
473 2702 590 2750 inquit
613 2730 622 2744 ‚
662 2715 742 2747 abzro
766 2702 879 2749 juxta
904 2699 1047 2736 Larium
1072 2700 1188 2739 lacum
1217 2736 1218 2752 χ

169 2744 247 2788 sons
278 2748 394 2798 largus
421 2779 431 2795 ‚
468 2749 560 2789 horis
577 2750 722 2801 fingulis
739 2754 873 2803 semper
895 2750 1117 2799 intumescit,
1147 2765 1189 2790 ac
1217 2758 1218 2778 ³

179 2795 303 2842 '‘fidet-
331 2803 396 2842 CA
410 2816 432 2839 τ
448 2815 468 2838 A
484 2815 518 2839 N.

230 2849 321 2893 3‘1bi
340 2853 522 2900 paululum
545 2854 742 2903 retentus.]
770 2853 964 2892 Primarius
985 2867 994 2890 ε
1022 2852 1069 2890 ibi
1087 2855 1189 2903 paul·

180 2891 251 2931 lum
273 2910 416 2940 retentus
432 2932 441 2947 ‚
470 2905 507 2942 ὃ(
528 2904 574 2941 sic
596 2906 653 2943 illc
676 2905 750 2943 fere
763 2912 955 2954 perpetuo,
982 2904 1080 2960 Vide
1094 2906 1187 2943 infra
1216 2906 1221 2964 f*

944 2962 1010 2992 Hic
1032 2966 1154 2992 contra
1174 2985 1184 3001 ,
1220 2975 1221 2988 κ

182 2940 226 2979 ad
255 2946 328 2985 Lib.
356 2952 440 2991 Vll.
473 2955 578 3003 Epist.
611 2957 772 2995 XXVII.
797 2969 833 2993 n.
854 2969 888 3004 9.

182 3002 222 3030 ut
240 2998 388 3054 paullum
402 3005 610 3053 exspectaret
626 3035 636 3050 ,
664 3020 776 3044 manu
795 3005 982 3057 significas·

227 3054 251 3090 4
274 3050 386 3089 statu.
406 3051 423 3103 ]
458 3056 637 3096 Dimenfis
658 3084 671 3104 ,
710 3059 813 3116 certi}
830 3085 843 3105 ‚
885 3065 926 3112 Ul}
948 3057 1034 3111 ΠΨ
1055 3057 1148 3098 swa
1175 3087 1186 3105 ’

1265 1493 1359 1533 quae
1382 1490 1483 1522 certo
1507 1481 1566 1524 die
1593 1483 1697 1523 fiunt.
1724 1483 1825 1533 Ergo
1846 1496 1926 1524 non
1947 1487 2064 1536 placet
2084 1485 2205 1535 legere
2224 1486 2302 1536 sta}

1266 1536 1366 1571 tutis.
1405 1536 1559 1572 CATAN.
1598 1536 1715 1574 Recte
1750 1536 1965 1574 Catinaeus.
2004 1538 2190 1586 corrupte
2214 1541 2300 1578 Ric-

1265 1584 1359 1622 card.
1378 1583 1510 1631 statuis
1530 1587 1687 1625 auctibus
1710 1603 1721 1631 ;
1760 1587 1961 1625 Lindenbr.
1995 1589 2082 1626 tutis
2114 1589 2300 1632 auctibus:

1267 1635 1429 1673 Arnzen.
1451 1634 1546 1684 satis
1583 1637 1739 1676 auctibus
1765 1653 1774 1680 ;
1816 1638 1944 1675 Oxon.
1978 1638 2138 1686 statutis.
2199 1640 2299 1680 Dico

1267 1685 1358 1723 infra
1390 1686 1435 1723 ad
1470 1687 1551 1724 Lib.
1584 1688 1648 1725 IX.
1682 1688 1791 1737 Epist.
1819 1688 1998 1725 XXXIX.
2028 1702 2063 1726 n.
2100 1703 2130 1729 1.
2153 1704 2231 1729 cum
2249 1692 2298 1742 [ιέ

1265 1735 1422 1786 alioquin
1454 1735 1547 1774 stato
1580 1736 1638 1775 die
1661 1737 1952 1787 frequentiffima.
1992 1740 2205 1781 Mediceus:
2234 1757 2300 1781 au-

1267 1785 1377 1824 nibus
1391 1795 1452 1824 aut
1465 1787 1763 1826 diminutionibus
1779 1817 1788 1833 ‚
1800 1789 1898 1838 lapsu
1911 1801 2089 1841 perquam
2104 1792 2300 1842 frequenti.

1317 1850 1334 1886 ς
1366 1837 1628 1887 frigidissimus.
1655 1838 1671 1889 ]
1712 1840 1879 1891 Riccard.
1916 1841 2115 1880 Lindenbr.
2143 1845 2300 1884 Helmst.

1262 1887 1377 1926 Arnz.
1400 1891 1439 1928 δε
1463 1889 1533 1928 Ed.
1553 1889 1639 1928 Vct.
1652 1890 1824 1940 frigidus.
1847 1891 1932 1930 Post
1955 1894 2119 1932 Riccard.
2133 1894 2168 1944 fi
2184 1905 2298 1945 potas.

1262 1949 1444 1989 corrupte.

1314 1992 1338 2027 6
1366 1990 1594 2041 Noviffime.]
1623 1992 1666 2030 Id
1688 1993 1758 2040 est,
1787 1994 1951 2045 demum.
1992 1996 2133 2035 CA·rA
2151 2011 2187 2036 N.
2226 2001 2302 2038 Ναέ

1265 2041 1434 2092 viffime.]
1465 2043 1525 2081 Est
1554 2045 1592 2081 &
1620 2045 1680 2082 ubi
1710 2057 1782 2094 pro,
1805 2046 1854 2082 ad
1875 2057 2074 2083 extremum
2100 2049 2298 2100 usurpatur.

1266 2094 1351 2132 vide
1373 2094 1467 2132 Flor.
1492 2095 1575 2133 Lib.
1599 2095 1627 2132 I.
1649 2107 1725 2145 cap.
1749 2096 1795 2133 X.
1818 2108 1850 2133 2.
1875 2098 1912 2135 ὅ(
1936 2098 2028 2135 alibi.
2068 2101 2297 2151 Quanquam

1263 2155 1346 2182 eam
1371 2157 1528 2191 vocem,
1557 2152 1598 2184 ut
1620 2147 1778 2185 nimium
1801 2158 1946 2186 novum
1971 2150 2123 2187 verbum
2139 2179 2149 2196 ‚
2172 2152 2297 2192 vit-affe

1265 2195 1388 2234 scribat
1412 2197 1468 2234 M.
1490 2198 1611 2234 Varro
1631 2210 1675 2234 ex
1700 2198 1783 2235 Lib.
1807 2198 1852 2235 de
1874 2199 1995 2247 lingua
2021 2201 2103 2238 Lat.
2117 2201 2163 2238 ad
2178 2203 2296 2242 Cicer.

1263 2249 1369 2295 Qod
1391 2259 1591 2286 extremum
1615 2247 1793 2286 dicebatur
1809 2276 1819 2293 ,
1847 2249 1912 2286 dici
1926 2250 2146 2296 novtffimum
2160 2262 2295 2295 ceptum

1265 2298 1369 2347 vulgo
1384 2327 1394 2342 ‚
1424 2300 1515 2350 quod
1540 2311 1616 2336 mea
1637 2299 1806 2335 memoria
1822 2327 1832 2344 ‚
1860 2311 1899 2336 ut
1925 2299 2122 2348 Aeschilius
2144 2329 2154 2344 ,
2174 2301 2225 2350 fic
2237 2304 2295 2352 ft-

1261 2361 1318 2385 nes
1341 2348 1425 2394 alii,
1455 2349 1548 2397 quod
1570 2350 1720 2385 nimium
1751 2362 1886 2386 novum
1911 2350 2060 2386 verbum
2083 2357 2158 2400 effet
2182 2381 2191 2396 ‚
2233 2356 2294 2392 vi·-

1259 2399 1414 2443 tabant,
1441 2408 1512 2437 eye.
1548 2400 1587 2437 ὅ(
1617 2411 1657 2436 ca
1689 2410 1784 2435 voce
1808 2398 1960 2436 noluisse
1980 2402 2033 2437 uti
2056 2402 2112 2438 M.
2139 2403 2291 2442 Cicero-

1261 2460 1349 2485 nem
1382 2448 1509 2486 auctor
1543 2448 1591 2486 est
1615 2449 1660 2486 A.
1685 2449 1821 2486 Gellius
1844 2478 1854 2494 ,
1893 2450 1990 2487 Libr.
2015 2451 2060 2488 X.
2083 2465 2159 2501 cap.
2186 2452 2292 2494 XXI.

1261 2499 1358 2536 Eum
1380 2507 1506 2536 tamen
1531 2498 1656 2536 falsum
1679 2500 1936 2538 animadvertit
1960 2501 2118 2550 Magnus
2137 2505 2193 2543 ille
2217 2507 2294 2544 Cu-

1256 2550 1369 2598 jacius
1390 2578 1400 2594 ‚
1438 2549 1504 2586 ΙΙΙ.
1540 2549 1729 2587 Observat.
1764 2550 1942 2589 XXXVI.
1968 2553 2005 2590 &
2025 2553 2221 2595 Beroaldus
2248 2558 2294 2597 ad

1260 2601 1409 2638 Sueton.
1434 2599 1573 2637 Caesar.
1596 2600 1812 2638 LXXXIII.
1834 2615 1866 2651 3.
1894 2603 2050 2641 Vienna.

1311 2662 1327 2696 7
1359 2651 1551 2699 Spiritusne
1571 2651 1711 2701 aliquis.
1732 2651 1748 2701 ]
1779 2653 1891 2691 Nunc
1914 2655 2038 2702 incipit
2062 2655 2180 2693 causas
2205 2657 2294 2698 fat‘ii

1262 2702 1443 2751 inquirere
1457 2730 1467 2746 ,
1496 2712 1542 2738 an
1562 2702 1690 2740 scilicet
1711 2703 1828 2753 aliqua
1852 2705 1942 2742 lenis
1962 2716 2047 2742 aura
2072 2705 2227 2745 obstruit
2250 2719 2293 2748 os
2311 2729 2315 2733 -

1261 2752 1372 2789 fontis
1397 2781 1407 2797 ,
1445 2764 1516 2801 qua
1549 2751 1692 2790 remissa
1713 2783 1724 2798 ,
1751 2756 1954 2803 aperiatur,
1983 2766 2092 2805 prout
2114 2757 2204 2794 illata
2230 2770 2297 2796 oc-

1259 2805 1399 2846 currit,
1437 2813 1498 2842 aut
1532 2802 1665 2842 decidit
1696 2805 1850 2854 expulsa.
1890 2806 1965 2844 Hic
1984 2809 2145 2856 loquitur
2170 2806 2297 2848 secun-

1255 2853 1342 2892 dum
1374 2853 1608 2903 philosophos
1633 2884 1642 2900 ,
1683 2856 1722 2892 &
1755 2856 1959 2904 praesertim
1985 2858 2142 2895 Plinium
2180 2862 2317 2897 arun--

1262 2907 1384 2942 culum
1401 2934 1410 2948 ,
1439 2907 1502 2954 qui
1524 2905 1637 2944 credit
1660 2906 1788 2943 orbem
1812 2915 1989 2946 terrarum
2010 2911 2059 2946 ita
2081 2909 2212 2947 habere
2225 2911 2292 2959 spi-

1263 2958 1372 2993 ritum
1398 2958 1435 2994 &
1459 2956 1659 2994 anhelitum
1685 2986 1693 3001 ,
1723 2956 1825 2995 sicuti
1844 2957 2018 2997 homines
2042 2973 2050 2997 z
2080 2962 2118 2998 &
2142 2961 2295 3009 quando
2316 2984 2317 2987 =

1263 3007 1422 3055 spiritum
1459 3008 1593 3045 emittit
1615 3035 1626 3052 ,
1662 3015 1751 3045 tunc
1775 3009 1888 3047 marIa
1909 3010 2066 3053 crescere
2092 3038 2105 3057 ‚
2132 3023 2218 3050 cum
2239 3023 2319 3051 re·-

1264 3059 1372 3108 cipit,
1402 3057 1671 3148 decrescercRC
1687 3070 1707 3094 A
1724 3073 1745 3097 T
1761 3071 1783 3096 A
1798 3070 1835 3113 Ne

1658 3120 1675 3148 s
1703 3121 1722 3161 3

2193 3123 2213 3161 ,ε
2226 3108 2318 3161 ⁷1³}-

2343 659 2374 696 2

2344 1304 2375 1353 5
