2616 3686
354 200 457 267 ‘424

569 196 633 246 C.
699 189 1089 243 PLINII
1163 185 1672 240 CAECILII
1739 146 2258 244 SECUNDI

358 272 472 330 seni
499 309 515 334 ‚
563 298 577 321 ι
627 266 950 338 classemque
984 267 1213 338 imperio
1255 267 1497 339 praesens
1532 264 1769 336 regebat.
1846 269 2069 324 Nonum
2107 267 2336 325 Caiend.
2373 270 2506 347 Sep:

363 345 606 400 tembres
632 382 646 405 ‚
698 341 830 396 hora
869 342 981 395 fere
1021 339 1237 409 septima
1265 378 1280 402 ,

1320 344 1336 363 ²
1375 353 1544 394 mater
1589 357 1705 393 mea
1745 339 1950 395 indicat
1989 343 2080 405 ei,
2121 358 2373 414 apparere
2407 362 2507 400 nu-

292 447 321 498 5
364 418 489 476 bem
537 416 551 442 ³
598 414 841 473 inusitata
895 414 949 469 <Sc
1005 413 1377 484 magnitudine
1426 413 1479 467 &
1532 412 1723 486 specie.
1799 413 1818 438 ⁴
1876 411 2014 469 Usus
2064 415 2151 471 ille
2199 415 2510 478 sole,‚mox
2583 449 2587 452 ·

416 641 435 670 1
466 630 680 680 Claffemque
701 628 840 679 imperio
863 625 1026 678 praesens
1038 624 1217 674 regebat.]
1232 626 1401 665 Praeerat

360 682 461 720 clail'i
476 711 485 726 ,
499 693 593 731 quae
616 681 724 718 stabat
745 679 958 717 adtutelani
973 675 1198 714 niarisinferi
1213 705 1223 720 ,
1248 687 1325 713 non
1337 689 1401 725 per

367 733 532 781 legatum
559 760 569 775 ,
609 731 667 768 sed
695 740 831 767 coram.
862 729 1040 776 Legimus
1073 725 1171 774 apud
1195 726 1401 776 Tranquill.

366 785 403 822 8<
430 784 606 820 Tacitum
622 810 632 825 ‚
660 778 843 818 instituiffe
870 778 1079 828 Augustum
1094 806 1102 822 ‚
1127 776 1271 815 class'em
1287 789 1400 816 unam

366 834 499 872 Miseni
527 861 537 876 ‚
566 833 716 869 alteram
743 832 946 869 Ravennae
971 843 979 867 z
1008 831 1103 867 lianc
1126 827 1169 864 ad
1193 828 1334 876 superi,
1363 830 1403 867 il-

364 884 438 921 lam
461 883 507 920 ad
529 881 637 920 inferi
660 883 769 920 maris
788 883 956 920 tutelam.
1012 881 1113 917 Hinc
1135 879 1289 917 Tacitus
1323 892 1402 918 me-

364 942 488 972 morat
511 932 760 972 Misenensem
785 926 931 971 classem
955 944 974 969 a
998 931 1113 969 Galba
1134 930 1179 967 ad
1212 930 1402 979 Vespasia-

365 996 459 1023 num
478 983 660 1024 transiisse.
690 983 761 1023 Sed
783 984 917 1032 Veget.
943 983 1025 1032 Lib.
1044 982 1112 1018 lV.
1132 981 1229 1017 lianc
1248 992 1326 1018 rem
1347 983 1403 1020 lu-

364 1036 543 1076 culentius
565 1035 704 1074 traffitat.
736 1035 890 1074 CATAN.
926 1032 1296 1082 Ctaffemqneimperio
1310 1047 1402 1083 rege-

364 1088 455 1132 bat,
484 1086 585 1132 caefi
625 1085 739 1124 Haud
762 1087 862 1124 aliter
884 1084 1037 1135 quidem
1060 1084 1105 1120 ab
1129 1082 1230 1120 Aldo
1253 1084 1399 1132 excusi,

365 1138 426 1177 sed
451 1151 497 1177 eo
519 1133 743 1189 antiquiores
769 1166 779 1183 ,
807 1136 949 1186 regebat
972 1152 982 1172 .-
1017 1132 1192 1173 Novemb.
1216 1140 1288 1172 KL.
1311 1134 1399 1174 hora

365 1199 437 1230 wc.
471 1191 652 1229 Palatiiius
684 1200 776 1228 vero
800 1217 810 1234 ,
849 1186 989 1238 regebat
1021 1199 1152 1224 nonum
1194 1185 1274 1223 Kal.
1297 1185 1398 1226 hora.

364 1243 424 1281 cui
460 1245 581 1281 otium
613 1240 763 1291 aliquod
796 1239 844 1278 est
865 1268 875 1281 .
914 1240 1075 1277 excutiet
1107 1248 1238 1274 verum
1267 1266 1277 1282 ,
1307 1240 1399 1279 milii

362 1295 607 1342 properanti,
644 1295 706 1331 vix
736 1293 828 1330 haec
857 1291 943 1329 licet
972 1289 1210 1328 committere
1243 1300 1399 1339 papyro.

365 1345 557 1384 GRUTER.
579 1345 679 1382 Cum
702 1344 866 1381 Palatino
887 1340 1028 1379 faciunt
1053 1339 1207 1378 Helmst.
1233 1342 1400 1382 &A1·nz.

362 1394 510 1433 Verum
536 1396 735 1444 Optimus:
767 1401 911 1432 Nonum
940 1391 1021 1429 Kal.
1044 1390 1281 1441 Septembres,
1309 1391 1398 1430 hora

355 1446 434 1493 fere
457 1447 607 1495 septima
631 1474 641 1490 ,
679 1444 739 1483 sed
762 1457 830 1483 nec
852 1443 944 1481 ullus
962 1445 1119 1482 alius-ex
1145 1441 1254 1482 Mss.
1278 1455 1401 1495 neque

363 1496 458 1536 Edd.
482 1498 584 1536 Vett.
606 1497 698 1542 diei,
729 1495 833 1546 quod
856 1496 893 1534 in
915 1496 1069 1544 vulgatis
1091 1493 1238 1540 visitur,
1267 1494 1401 1535 admit-

364 1555 461 1586 tunt.
515 1549 558 1586 In
589 1549 786 1587 veterrima
819 1547 879 1586 ista
899 1546 1060 1586 lectione
1083 1546 1172 1585 nihil
1195 1546 1269 1586 vitii
1291 1547 1403 1594 latet,

369 1597 397 1635 si
437 1599 556 1638 modo
595 1599 779 1638 concisam
815 1599 960 1638 dicendi
999 1599 1183 1636 rationem
1220 1598 1405 1647 agnoscas.

367 1650 512 1688 Dicunt
533 1653 633 1690 enim
658 1657 758 1688 Nono
773 1680 783 1696 ,
812 1652 852 1690 &
876 1657 1022 1688 Nonum
1049 1649 1232 1688 Kalendas
1256 1656 1403 1699 Septem-

370 1700 447 1739 bres
462 1731 470 1747 ‚
501 1713 569 1750 pro
591 1714 676 1740 ante
696 1702 789 1740 diem
811 1713 954 1739 nonum
973 1701 1156 1739 Kalendas
1171 1700 1381 1750 Septembres
1396 1731 1405 1747 ,

370 1753 476 1802 quod
493 1753 574 1792 alibi
596 1752 893 1791 monstravimus.
921 1752 1021 1791 Vide
1042 1760 1170 1791 notam
1191 1752 1237 1790 ad
1265 1753 1402 1793 Sallust.

376 1804 458 1842 Cat.
481 1815 558 1854 cap.
581 1804 702 1844 XXX.
725 1816 761 1841 n.
788 1817 820 1842 1.
843 1806 882 1843 &
904 1803 974 1842 Ios.
992 1803 1285 1842 Castalion.Var.
1301 1805 1408 1844 Leet.

2287 488 2481 559 frigida
2497 527 2515 556 ,

1519 638 1542 674 4
1569 627 1654 675 Usus
1679 626 1738 665 ille
1752 626 1824 677 sole
1841 656 1850 672 ,
1879 640 1962 666 mox
1979 627 2124 676 frigida
2141 656 2151 672 ‚
2179 625 2284 675 efen]
2315 627 2372 670 Sic
2397 628 2524 673 malui>
2571 635 2584 638 “

1471 688 1557 714 cum
1577 679 1691 716 Palat.
1716 690 1826 728 quam
1854 689 1894 717 ut
1918 681 1955 717 in
1979 681 2130 727 vulgatis
2157 708 2166 724 ‚
2187 679 2371 728 frigidam
2394 679 2514 729 gusta-

1475 738 1580 766 verat
1607 729 1741 775 J'acens.
1793 730 1930 768 Plinius
1965 732 2063 769 enim
2091 731 2220 768 diserte
2243 731 2345 778 supra
2369 729 2414 767 de
2436 731 2513 780 ipso

1476 778 1558 815 Lib.
1579 778 1645 816 Ill.
1668 780 1736 827 Ep.
1757 780 1805 817 V.
1851 780 1928 826 Post
1945 782 2055 830 solem
2076 788 2279 831 plerumque
2294 781 2435 829 frigida
2458 782 2514 818 la-

1475 828 1659 874 vabatur,
1693 830 1774 866 dein
1792 831 1983 880 gustabat,
2007 832 2274 880 dormelaatque
2298 834 2367 870 &a
2399 832 2512 870 GRu-

1479 892 1570 916 TER.
1598 881 1684 928 Usus
1707 879 1765 918 ille
1789 882 1885 928 Sole,
1913 896 1985 922 σε.
2013 883 2029 933 ]
2063 885 2175 932 Supra
2201 884 2285 921 Lib.
2311 882 2380 920 III.
2402 883 2512 933 Epist.

1474 929 1525 986 V.
1557 929 1695 968 eodeni
1730 930 1859 986 ordine
1891 932 1935 971 de
1959 935 2127 972 eodem:
2162 932 2306 980 Aestate
2331 963 2341 979 ,
2373 933 2405 982 fi
2426 936 2515 984 quid

1476 982 1540 1019 otti
1554 1009 1565 1026 ,
1587 980 1734 1029 jacebat
1756 995 1795 1018 in
1815 981 1886 1020 Sole
1904 1011 1915 1027 ,
1931 994 2003 1022 σε.
2032 985 2189 1022 Veteres
2212 987 2304 1022 inter
2328 986 2512 1034 quotidia-

1474 1043 1519 1068 na
1542 1031 1717 1081 praesidia
1740 1033 1959 1071 valetudinis
1983 1046 2135 1084 quoque
2157 1035 2359 1081 habebant,
2388 1036 2511 1076 sedere

1473 1084 1510 1121 in
1544 1085 1616 1123 sole
1641 1112 1651 1128 ‚
1684 1085 1807 1133 jacere
1831 1097 1839 1122 :
1878 1093 1920 1122 ut
1942 1086 2001 1123 liic
2030 1086 2193 1128 Plinius;
2234 1095 2296 1124 aut
2325 1087 2511 1127 ambulare

1474 1134 1593 1173 nuios
1610 1164 1619 1180 ‚
1657 1145 1699 1174 ut
1725 1135 1904 1184 Spurinna
1930 1149 1938 1174 z
1976 1136 2022 1174 de
2045 1147 2122 1185 quo
2147 1134 2282 1173 Noster
2304 1137 2406 1186 supra
2433 1139 2513 1177 Lib.

1476 1185 1543 1225 III.
1569 1186 1675 1237 Epist.
1702 1200 1730 1226 1.
1761 1186 1850 1224 Hoc
1875 1187 1947 1232 est,
1968 1187 2072 1238 quod
2096 1186 2166 1224 sole
2189 1186 2268 1230 uti,
2297 1187 2363 1224 isto
2377 1190 2412 1226 in
2424 1190 2512 1228 loco

1472 1238 1606 1277 Plinius
1641 1246 1760 1276 vocat.
1815 1239 1965 1277 Graecis
2000 1240 2072 1277 hoc
2103 1238 2377 1276 exercitationis
2398 1250 2513 1287 genus

1474 1289 1616 1332 ἑλίωτις
1653 1292 1692 1329 ὃς
1726 1289 1900 1330 intonata
1930 1291 2140 1328 dicebatur:
2172 1289 2313 1328 Latinis
2338 1290 2512 1338 insolatio.

1474 1341 1575 1379 Nam
1597 1341 1748 1390 insolare
1763 1370 1773 1386 ‚
1800 1341 1898 1391 apud
1921 1342 2171 1380 Columellam
2197 1338 2245 1378 est
2261 1368 2271 1385 ,
2299 1342 2334 1379 in
2349 1341 2433 1383 Sole
2446 1354 2513 1391 po-

1475 1403 1563 1430 nere
1587 1407 1594 1431 :
1634 1393 1682 1431 Et
1714 1391 1879 1438 insolatio
1905 1422 1916 1438 ,
1954 1392 2101 1431 siccatio
2134 1393 2172 1429 iii
2195 1390 2281 1429 Sole
2301 1392 2400 1442 apud
2421 1393 2512 1434 Plin.

1477 1444 1557 1482 Lib.
1584 1444 1686 1482 XXI.
1727 1444 1814 1482 Nat.
1840 1444 1976 1483 Histor.
1998 1457 2028 1482 c.
2051 1444 2156 1482 XIV.
2197 1442 2255 1479 Ac
2278 1444 2337 1483 alii
2360 1443 2513 1494 quidem

1473 1495 1576 1533 uncfti
1598 1497 1792 1534 utebantur
1817 1496 1901 1534 Sole
1926 1525 1935 1542 ,
1959 1496 2022 1534 alii
2045 1495 2120 1535 fine
2150 1493 2338 1534 unfflone.
2393 1496 2516 1544 Quod

1475 1547 1585 1584 Solem
1608 1546 1720 1596 affnm
1743 1547 1878 1584 Cicero
1902 1575 1914 1592 ,
1951 1545 2043 1587 ἥλιον
2064 1545 2213 1594 κωθαςὶν
2233 1546 2361 1592 Plato,
2389 1547 2513 1596 appel-

1475 1599 1524 1636 lat
1548 1611 1558 1635 ⁴.
1599 1599 1755 1636 alterum
1788 1597 1900 1635 Solem
1935 1601 2083 1637 unbinm
2117 1599 2207 1637 dixit
2233 1625 2242 1640 ‚
2270 1607 2311 1636 ut
2333 1599 2514 1647 praeclare

1481 1649 1719 1688 Casaubonus
1742 1649 1788 1687 ad
1809 1648 1972 1688 Persium
1998 1651 2174 1689 observat.
2204 1649 2305 1687 Huic
2327 1660 2435 1688 curae
2458 1651 2514 1688 in-

1479 1702 1703 1746 servierunt,
1728 1703 1889 1750 opinor,
1903 1701 2040 1739 Solaria
2055 1703 2165 1740 etiam
2181 1728 2192 1744 ,
2219 1699 2294 1738 sive
2308 1700 2517 1740 Heliocami-

1447 1791 1449 1795 ,
1479 1753 1542 1798 ni,
1570 1759 1610 1789 ut
1635 1751 1768 1793 Noster
1794 1753 1873 1792 Lib.
1896 1753 1944 1794 11.
1968 1752 2078 1802 Epist.
2100 1751 2225 1792 XVII.
2247 1760 2358 1792 vocat
2384 1782 2394 1797 ‚
2422 1765 2516 1802 quos

1479 1805 1516 1843 in
1536 1803 1684 1843 aedibus
1707 1804 1888 1845 habebant
1913 1833 1922 1850 ,
1963 1816 2125 1855 quorum
2150 1803 2248 1853 apud
2270 1803 2491 1844 Suetonium
2508 1834 2518 1851 ,

374 1854 422 1893 ad
447 1855 538 1904 Leg.
563 1868 644 1905 131.
667 1871 711 1893 ar.
732 1855 777 1895 de
798 1855 914 1894 Verb.
934 1854 1032 1904 Sign.
1060 1856 1174 1904 Igitur
1195 1854 1410 1895 Mediceam
1480 1856 1655 1894 Plautum
1688 1856 1726 1894 δε
1747 1856 1954 1907 Ulpianum
1980 1857 2023 1893 L.
2045 1855 2173 1895 XVII.
2197 1855 2248 1892 D.
2272 1853 2317 1893 de
2340 1854 2519 1896 servituti-

376 1905 589 1956 scripturam
614 1906 903 1955 repraesentavi,
932 1918 1000 1956 pro
1023 1907 1191 1955 vulgata:
1222 1912 1322 1944 Nono
1342 1913 1414 1944 Ca-

1483 1907 1549 1945 bus
1570 1906 1796 1945 urbanorum
1823 1908 2059 1958 praediorum
2083 1909 2230 1945 mentio
2254 1904 2304 1943 fit.
2349 1906 2434 1945 Post
2455 1908 2520 1946 So-

374 1957 472 1996 lend.
503 1957 691 2007 septembr.
725 1956 813 1995 hora
844 1958 911 1996 diei
940 1959 1019 2004 fere
1030 1957 1198 2009 septima.
1245 1958 1416 1998 Similiter
1484 1959 1560 1998 lein
1583 1958 1691 2007 igitur
1713 1959 1749 1996 in
1774 1960 1904 1997 cellam
1929 1958 2152 2007 frigidariam
2166 1956 2350 1998 descendit
2361 1958 2513 2004 Plinius,

379 2009 473 2047 infra
508 2009 592 2047 Lib.
619 2009 729 2046 VIII.
752 2008 863 2058 Epist.
886 2009 955 2046 VI.
980 2022 1013 2048 n.
1043 2021 1098 2059 13.
1128 2014 1182 2046 Ea
1207 2021 1298 2058 quae
1326 2016 1418 2049 IIII.

380 2059 531 2097 calend.
585 2059 793 2099 Februarias
840 2060 990 2111 optimus
1034 2061 1190 2112 princeps
1237 2061 1418 2112 recitaffit.

385 2111 611 2200 CZ‘Riviater
633 2161 752 2212 mea]
785 2163 898 2200 Soror
919 2164 1036 2202 Plinii.
1065 2164 1098 2200 C
1112 2176 1133 2199 A
1149 2177 1173 2202 τ
1190 2176 1209 2200 Α
1225 2176 1263 2201 Ν.

490 2212 660 2251 Inusitata
674 2224 718 2252 <9⁵
738 2215 989 2264 magnitudine
1007 2213 1206 2264 &specie.]
1235 2214 1423 2255 Praestan-

385 2226 561 2310 tissimus,
587 2263 795 2302 inusitatam
818 2275 862 2304 ω’
884 2266 1135 2315 magnitudine
1157 2277 1200 2305 cy
1215 2266 1332 2315 specie.
1362 2259 1421 2305 U-

386 2322 515 2366 traque
537 2317 629 2353 ratio
654 2315 776 2354 multis
798 2315 1008 2355 confirmari
1032 2316 1160 2365 potest.
1193 2317 1303 2355 Hanc
1314 2329 1423 2357 nem-

387 2379 435 2417 pe
458 2375 609 2406 tuentur
631 2364 727 2405 dieta
751 2366 797 2405 ad
822 2367 966 2407 Lucan.
987 2368 1069 2406 Lib.
1094 2367 1161 2407 III.
1184 2369 1343 2420 vs.;289.

436 2490 510 2502 --
561 2491 633 2502 ——
685 2489 757 2501 —
809 2471 913 2510 coiere
936 2484 996 2511 nec
1018 2485 1193 2524 umquam

441 2527 530 2560 Tam
556 2525 676 2562 variae
699 2522 799 2560 cultu
815 2533 945 2573 gentes.

388 2622 494 2663 lnam
517 2652 529 2670 ,
559 2636 653 2675 quae
679 2623 894 2674 collegimus
913 2625 959 2664 ad
982 2625 1038 2665 Ei.
1067 2627 1148 2665 Lib.
1172 2626 1240 2665 III.
1264 2638 1313 2665 vs.
1343 2626 1425 2677 362.

443 2733 573 2766 Ventus
595 2739 636 2766 ut
660 2729 800 2768 amittit
826 2729 919 2768 vires
934 2757 945 2775 ,
973 2727 1041 2774 nisi
1061 2728 1197 2768 robore
1220 2727 1333 2770 denso

445 2784 648 2818 Occurrunt
672 2779 791 2820 silvae.
1256 2799 1267 2809 ·

1488 2011 1527 2051 ὃς
1561 2008 1690 2058 frigida
1722 2009 1769 2050 ibi
1790 2010 1952 2059 perfusus
1977 2010 2035 2050 est.
2090 2010 2271 2059 Spurinna
2295 2008 2374 2059 post
2396 2010 2534 2050 Solem.

1489 2061 1723 2101 exercebatur
1748 2061 1817 2110 pila
1833 2089 1843 2106 ,
1872 2060 2005 2100 deinde
2025 2061 2223 2099 lavabatur.
2262 2060 2385 2099 Etiam
2412 2061 2520 2102 Sene-

1490 2125 1532 2151 ca
1565 2114 1608 2151 ab
1647 2114 1909 2151 exercitatione
1939 2114 1978 2150 in
2003 2111 2170 2160 frigidam
2196 2111 2454 2158 descendebat,
2481 2118 2520 2151 ut

1492 2164 1566 2214 ipse
1589 2163 1700 2202 refert
1724 2163 1873 2212 Epistol.
1897 2163 2078 2202 LXXIII.
2128 2164 2245 2212 Quod
2270 2163 2347 2211 plus
2368 2161 2520 2202 ostenta-

1490 2217 1626 2259 tionis,
1654 2225 1768 2265 quam
1791 2215 1952 2254 utilitatis
1978 2215 2114 2254 habere
2140 2244 2149 2260 ‚
2175 2214 2388 2253 Plutarchus
2410 2211 2519 2253 docet

1493 2265 1538 2304 de
1559 2267 1706 2305 sanitate
1729 2266 1877 2304 tuenda.
1931 2266 2117 2316 Augustus
2137 2265 2341 2314 ungebatur
2362 2263 2522 2304 sudabat-

1491 2329 1565 2368 que
1577 2317 1623 2356 ad
1637 2318 1826 2356 flammam
1848 2331 1858 2355 ε
1887 2316 2019 2356 deinde
2032 2317 2317 2368 perfundebatur
2328 2325 2420 2365 aqua
2441 2324 2524 2363 ege-

1491 2369 1589 2414 lida,
1617 2369 1677 2407 vel
1710 2369 1794 2408 Sole
1828 2369 1950 2406 multo
1981 2368 2176 2414 calefacta,
2205 2367 2308 2425 quod
2330 2365 2522 2421 Suetonius

1495 2420 1540 2459 de
1588 2433 1635 2459 eo
1673 2421 1807 2471 prodit.
1853 2419 1987 2473 Noster
2026 2421 2072 2460 de
2109 2419 2144 2457 se
2185 2418 2263 2457 Lib.
2299 2415 2360 2452 IX.
2407 2412 2517 2458 EPJst·

1493 2472 1677 2510 XXXVI.
1712 2470 1873 2511 Ambitio
1901 2501 1911 2518 ‚
1939 2486 2072 2521 ungor,
2100 2479 2274 2510 exerceor,
2301 2464 2415 2500 1⁴⁹0*
2450 2460 2515 2516 ,εὖ

1493 2524 1616 2572 quitur
1638 2524 1684 2563 de
1706 2524 1920 2573 gustatione.
1968 2524 2144 2561 Ceterum
2162 2515 2296 2567 gustare
2319 2510 2366 2551 est
2387 2510 2515 2548 leviter

1498 2574 1612 2621 vesci,
1642 2584 1682 2613 ut
1704 2587 1799 2625 pane
1824 2575 1941 2620 sicco,
1969 2582 2079 2622 atque
2101 2577 2161 2608 aut
2173 2564 2326 2605 e0s010‚
2354 2568 2514 2600 autcuni

1493 2626 1660 2675 palmulis
1693 2635 1755 2665 aut
1788 2628 1898 2666 acinis
1919 2635 2013 2663 uvae
2036 2621 2158 2669 pallae.
2209 2609 2389 2668 Augustus
2414 2611 2457 2648 de
2482 2612 2516 2670 se

1493 2678 1530 2716 in
1555 2677 1722 2728 Epistolis
1744 2677 1842 2727 apud
1867 2673 2082 2716 Suetonium
2106 2681 2114 2705 :
2153 2669 2222 2701 Nos
2248 2675 2285 2699 17²
2308 2662 2435 2709 effen-'70
2451 2672 2515 2711 Μ’.

1493 2741 1573 2767 nem
1604 2740 1649 2770 (y
1676 2727 1857 2780 palmulaS
1883 2721 2113 2774 gustavimu5.
2149 2714 2197 2751 Et
2236 2713 2372 2750 rursus:
2415 2717 2514 2751 Dum

1492 2779 1611 2818 l‘fflca
1634 2793 1676 2818 ex
1699 2779 1794 2828 regia
1817 2777 1961 2815 domum
1981 2769 2075 2808 redeo
2105 2793 2115 2808 ,
2141 2764 2243 2821 panis
2265 2765 2407 2800 unciam
2433 2777 2513 2821 tum

1486 2833 1609 2879 paucis
1629 2832 1738 2870 afim,
1759 2840 1853 2865 uvae
1874 2821 2059 2862 duracinae
2078 2816 2219 2853 comedi.
2248 2815 2335 2852 Huc
2358 2824 2515 2864 pertinet

394 2877 470 2914 L'bi
493 2879 613 2917 Codd.
634 2882 758 2919 robora
782 2884 930 2933 densae,
958 2890 1019 2921 aut
1040 2883 1158 2922 robore
1183 2884 1321 2935 densae.
1350 2885 1425 2924 Hic
1494 2881 1597 2930 quod
1617 2881 1718 2931 supra
1738 2878 1871 2917 Plinius
1892 2872 1936 2910 de
1962 2867 2146 2907 avunculo
2178 2864 2299 2916 prodit
2337 2866 2416 2905 Lib.
2446 2866 2513 2908 ΙΙΙ.

396 2939 440 2962 cx
476 2931 622 2981 optimis
656 2934 875 2972 membranis
909 2936 1064 2973 minime
1098 2935 1303 2976 dubitarem
1324 2935 1426 2975 adsu-

395 2988 498 3014 iiiere
519 2977 730 3024 mufitatam
755 3011 764 3025 ‚
799 2984 861 3020 nisi
897 2996 1018 3021 mores
1041 2987 1268 3025 librariorum
1291 2988 1427 3026 retine-

395 3036 475 3064 rent
498 3055 507 3069 ,
547 3027 591 3064 de
624 3031 752 3082 quibus
784 3032 828 3067 ad
862 3034 944 3070 Lib.
981 3034 1027 3070 11.
1048 3036 1155 3084 Epist.
1179 3037 1285 3076 XIII.
1308 3051 1344 3075 n.
1370 3049 1427 3075 11.

397 3077 481 3130 Lib.
513 3075 580 3114 111.
611 3077 718 3135 Iapist.
754 3080 841 3120 XV.
870 3094 906 3121 n.
928 3095 959 3120 2.
991 3084 1072 3132 Lib.
1094 3087 1142 3124 V.
1165 3086 1274 3137 Epist.
1298 3086 1424 3128 xvll.

395 3137 434 3180 ι),
455 3128 492 3168 6.
513 3129 550 3170 ὃ(
572 3127 661 3168 alibi.

1495 2931 1655 2971 Interdiu
1670 2958 1680 2973 ,
1707 2927 1847 2977 inquit,
1874 2922 1987 2960 cibum
2011 2917 2123 2956 levem
2144 2928 2187 2957 ω’
2191 2917 2336 2965 facilem
2349 2928 2513 2957 veterum

1491 2995 1586 3020 more
1598 2978 1774 3028 sumebat.
1806 2972 1963 3010 Interdiu
1986 2969 2033 3008 eil
2057 2978 2140 3007 ante
2154 2980 2323 3008 coenam.
2354 2974 2511 3010 Veterum

1491 3043 1619 3068 morem
1644 3034 1777 3068 vocat,
1806 3021 1907 3072 quod
1928 3023 2083 3070 jciitarct
2099 3027 2241 3058 tantum
2258 3048 2267 3064 ‚
2299 3018 2513 3070 autsipran-

1491 3080 1592 3118 deret
1616 3105 1628 3123 ,
1663 3076 1700 3115 id
1732 3086 1836 3125 parce
1859 3084 1899 3109 ac
1920 3074 2077 3112 tenuiter
2101 3073 2235 3109 faceret
2261 3085 2268 3111 :
2307 3078 2449 3111 tantum
2475 3080 2513 3114 ut

1489 3128 1650 3170 reficeret
1683 3125 1948 3178 aliquantulum
1983 3121 2115 3175 co'rpus
2139 3151 2150 3170 ‚
2177 3134 2255 3162 non
2279 3130 2320 3163 ut
2343 3122 2512 3212 explerier.
