2616 3686
580 190 922 242 LIBER
989 185 1665 238 1.EPISTOLA
1736 191 1877 242 VII.
2216 222 2277 273 ²3

251 278 446 349 saltem
470 272 534 326 ab
557 272 895 326 advocatione
921 268 1328 343 Baeticorzimse
1355 263 1688 350 destiturum,
1724 292 1849 343 quos
1877 277 2036 329 etiam
2063 285 2272 348 cumfito

243 348 486 422 pericula
498 348 657 418 saepe
663 346 895 417 juviſjet
910 364 929 396 .·
969 341 1310 412 infinepetzt
1330 337 1559 412 fibtfiert
1573 345 1766 415 copiam
1779 349 2068 402 carminum
2083 387 2098 412 ,
2140 369 2274 424 quae

263 422 530 475 Offt‘avius
553 419 886 498 comppnebat.

329 557 450 621 Ide,
487 558 541 612 in
587 573 698 628 quo
737 573 825 611 me
859 554 1068 626 fastigio
1103 554 1380 610 collocaris
1404 591 1420 617 ‚
1470 570 1594 608 cum
1622 553 1751 610 mihi
1779 556 1925 612 idem
1959 559 2269 629 potestatis,

324 632 577 701 idemque
601 636 753 699 regni
784 628 1027 688 dederis,
1067 628 1215 700 quod
1244 626 1416 684 Hom.
1442 626 1559 698 Jovi
1588 627 1718 710 Opt.
1747 629 1898 685 Max
1939 640 1950 659 ¹
1981 640 2049 698 Τῷ
2074 630 2112 684 δ’
2135 630 2268 709 {regua

189 706 267 778 μὲν
286 703 615 780 ἔὸκωκεπατῆρ,
652 702 785 780 ἕτερον
811 700 1092 781 &edievam-e.x
1111 704 1243 756 Nam
1271 720 1376 772 ego
1400 718 1620 783 quoq-ue
1647 703 1796 756 hmlli
1825 716 1959 757 nutu
1985 722 2044 758 ac
2072 710 2088 728 2
2110 722 2269 760 1-enu..

189 792 274 842 tu,
313 775 632 847 respondere
671 791 801 831 voto
839 791 932 830 tuo
965 773 1191 847 possum.
1269 774 1485 828 Etenim
1523 779 1654 828 11cut
1697 777 1771 828 fas
1810 775 1884 829 est
1922 776 2081 838 mihi,
2119 793 2268 847 prae-

185 851 358 905 sertim
386 862 438 903 te
465 849 715 919 exigente
733 887 750 914 ,
786 849 1037 904 excusare
1063 847 1076 872 ³
1102 846 1330 902 Baeticis
1359 858 1579 900 4contra
1604 863 1770 901 unum
1799 847 2077 902 hominem
2103 851 2270 905 advo-

183 921 476 977 cationem:
513 921 583 974 ita
609 938 710 976 nec
735 922 864 977 fidei
890 919 1129 981 nostrae,
1169 937 1270 974 nec
1300 919 1657 982 constantiae,
1696 936 1858 989 quam
1885 921 2093 991 diligis,
2133 941 2268 977 con-

179 993 326 1048 venit
353 993 528 1048 adeffe
552 993 774 1049 contra⁵
812 992 1172 1066 provinciam,
1213 1009 1372 1063 quam
1397 999 1414 1022 ⁶
1457 1004 1539 1046 tot
1577 989 1806 1053 officiis,
1848 1006 1930 1046 tot
1967 992 2266 1058 laboribu8‚

179 1078 261 1120 tot
302 1069 462 1121 etiam
511 1068 759 1137 periculis
801 1069 933 1122 meis
970 1065 1259 1137 aliquando
1311 1064 1664 1119 devinxerim.
1741 1064 1978 1119 Tenebo
2004 1083 2136 1137 ergo
2161 1069 2266 1122 hoc

180 1150 698 1210 temperamentum,
736 1153 795 1197 ut
822 1158 891 1195 ex
915 1138 1156 1201 duobus,
1194 1155 1427 1208 quorum
1463 1140 1479 1166 ⁷
1518 1137 1833 1192 alterutrum
1867 1139 2269 1222 petia-eligam

178 1209 237 1264 id
273 1211 452 1282 potius
473 1253 490 1280 ‚
542 1213 594 1266 in
634 1230 746 1286 quo
781 1230 890 1267 non
917 1212 1086 1266 solum
1117 1210 1293 1265 studio
1322 1224 1449 1276 tu0,
1487 1227 1674 1263 verum
1706 1211 1867 1263 etiam
1890 1211 2100 1278 judicio
2126 1215 2270 1267 satis«-

177 1281 388 1339 faciam.
464 1284 660 1358 Neque
683 1289 828 1342 enim
861 1279 1046 1340 ⁸tanto
1086 1299 1250 1353 opere
1296 1284 1430 1339 mihi
1478 1281 1930 1338 considerandum
1967 1283 2042 1337 est
2079 1322 2094 1348 ‚
2131 1286 2267 1369 quid

2189 1376 2271 1413 vir

232 1454 250 1484 ι
280 1444 347 1492 Τῷ
368 1443 400 1481 δ’
419 1443 575 1497 ficuum]
627 1446 731 1485 Huic
758 1454 882 1486 autem
913 1446 1068 1486 alterum
1109 1449 1187 1498 qui.
1246 1444 1327 1484 MS.
1358 1444 1536 1502 Bongars.
1563 1445 1616 1482 ita
1646 1459 1706 1504 nfc
1741 1446 1840 1485 fideii
1871 1446 2003 1492 nostrae
2038 1445 2269 1494 constantiae,

178 1492 266 1532 dem
283 1503 385 1544 pater
405 1496 506 1535 dedit
527 1526 538 1542 ,
574 1497 728 1536 aiterum
760 1510 850 1535 vero
879 1499 1014 1536 renuit·
1042 1509 1187 1535 carmen
1243 1509 1351 1546 quam
1372 1496 1512 1552 dmg-152
1536 1507 1706 1533 convemt·
1816 1546 1823 1553 ·

179 1555 225 1582 ex
241 1546 496 1585 sextodecimo
519 1548 651 1586 Iliados
677 1559 725 1586 vs·
747 1560 831 1595 250.
855 1549 916 1584 ubi
939 1548 1100 1584 Achilles
1111 1559 1186 1593 pre-
1298 1559 1315 1591 ς
1347 1551 1581 1601 Provmczqm.
1641 1548 1695 1583 Sc.
1722 1546 1921 1583 Baeticam.
1951 1547 2106 1586 CATAN.

178 1603 281 1632 catur
299 1598 456 1639 Iovem,
474 1606 515 1633 ut
549 1598 734 1634 Patroclus
754 1606 977 1643 pugnaturus
1000 1596 1020 1633 a
1043 1598 1193 1634 navibus
1225 1598 1228 1603 '
1298 1596 1321 1630 6
1350 1599 1411 1631 Tot
1447 1594 1567 1642 offictis¹
1645 1594 1733 1633 Non
1768 1596 1878 1634 semel
1899 1599 1997 1636 enim
2021 1611 2087 1647 pro
2114 1601 2270 1640 Baeticis

177 1652 338 1691 pugnam
359 1654 592 1690 removeret,
624 1647 662 1682 ὅ(
685 1645 729 1681 ad
752 1644 786 1682 se
815 1646 1011 1683 incolumis
1041 1647 1194 1684 rediret:
1249 1644 1347 1688 egit,
1373 1653 1414 1682 ut
1435 1647 1623 1683 adversum
1646 1646 1850 1683 Caecilium
1875 1647 2070 1685 Classicum
2093 1663 2101 1687 ι
2133 1654 2170 1690 in
2193 1662 2268 1699 qua

177 1694 236 1730 cui
270 1695 364 1742 prius
381 1694 517 1741 Iupiter
535 1696 730 1737 conceffit,
759 1702 799 1731 ut
820 1696 952 1733 rediret
973 1697 1195 1741 incolum-is,
1248 1693 1353 1731 causa
1378 1705 1530 1740 magnos
1547 1695 1686 1732 labores
1707 1695 1913 1751 paffusest,
1942 1698 2182 1739 utadversum
2198 1702 2267 1739 Be-

177 1753 253 1780 non
268 1745 377 1783 dedit.
408 1745 491 1789 Sic,
518 1746 635 1794 inquit
651 1743 863 1788 Secundus,
892 1754 1191 1794 ego,tamquam
1248 1743 1347 1780 bium
1371 1743 1550 1788 Mastam,
1580 1746 1639 1782 ubi
1662 1747 1738 1783 fere
1758 1748 1976 1794 periclitatus
2004 1749 2063 1787 est·
2107 1753 2228 1790 IDEM,

176 1793 403 1833 Homericus
424 1796 578 1844 Iupiter,
607 1795 784 1840 aiterum,
811 1795 914 1843 quod
934 1797 1048 1844 petis,
1077 1804 1117 1834 ut
1128 1796 1187 1835 de·
1247 1794 1362 1832 Simili
1384 1795 1527 1832 ratione
1549 1796 1684 1834 Cicero
1709 1796 1829 1834 adeste
1851 1798 2016 1836 Caecilio
2041 1811 2170 1841 contra
2203 1803 2268 1842 Sa-

175 1842 290 1884 fistam
319 1849 362 1884 ab
391 1846 641 1885 advocatione
674 1858 740 1895 pro
771 1846 942 1890 Baeticis,
970 1846 1033 1884 tibi
1053 1857 1188 1886 conce·
1245 1853 1368 1894 tyrum
1387 1845 1527 1890 noluit,
1558 1847 1640 1885 Vid.
1664 1847 1722 1888 lib.
1745 1847 1772 1887 I.
1793 1847 1838 1885 ad
1861 1851 1971 1888 Attic·
1993 1862 2050 1897 ep.
2071 1853 2266 1893 1430an-

179 1894 286 1933 dam:
315 1897 416 1945 quod
437 1908 525 1934 vero
538 1898 648 1946 exigis
664 1926 674 1941 ‚
706 1906 743 1935 ut
755 1895 1005 1942 Galloadfim,
1030 1909 1182 1936 renuam
1291 1906 1311 1941 7
1341 1896 1608 1947 Alterutrum]
1655 1898 1824 1936 Alterum
1849 1900 1937 1949 legit
1984 1901 2266 1942 Boxuoamus·

177 1943 267 1982 Hoc
288 1957 436 1984 carmen
461 1949 620 1986 imitatus
640 1949 678 1985 &
694 1959 739 1985 ex
759 1956 860 1995 parte
871 1948 1126 1997 interpretatus
1138 1949 1187 1988 est
1244 1945 1338 1985 Item
1352 1948 1431 1985 MS·
1446 1949 1609 1987 Riccard.
1627 1960 1645 1986 a
1661 1951 1774 1997 prima
1788 1962 1899 1989 manu
1911 1982 1919 1996 ‚
1934 1953 2122 1992 Heiinstad
2138 1957 2174 1993 ὃ(
2192 1957 2266 1994 aiii·

178 1992 350 2044 ,Virgilius
365 1995 423 2035 lib·
444 1999 509 2036 XI.
535 2009 586 2036 vs·
610 2009 691 2045 794·
1292 1997 1313 2035 8
1342 1998 1559 2048 Tantopere
1571 2001 1950 2051 mihiconstderandum
1962 2003 2043 2053 elk]
2057 2006 2265 2045 Certissima

1239 2047 1368 2087 fiducia
1382 2050 1524 2100 reposui
1537 2062 1736 2102 tantoepere
1751 2081 1760 2096 ‚
1789 2053 1874 2091 licet
1888 2053 1996 2092 Codd
2022 2056 2266 2096 hocmeloco

226 2122 237 2131 ,
325 2127 345 2134 ,,
509 2129 516 2137 ,
1238 2098 1425 2146 deserant,
1453 2104 1514 2151 qui
1544 2111 1669 2140 tamen
1700 2103 1804 2148 alibi,
1826 2113 1867 2142 ut
1896 2104 2104 2144 videbimus
2129 2136 2138 2152 ‚
2166 2107 2263 2146 hanc

165 2178 183 2187 ι,
227 2127 420 2170 Audin&
440 2139 516 2166 νοτε
534 2128 688 2169 Phoebus
704 2129 880 2177 suceedere
893 2140 1030 2181 partem
1238 2150 1439 2190 leetionem
1476 2153 1592 2191 Plinio
1622 2155 1699 2192 satis
1728 2154 1934 2194 constanter
1964 2157 2140 2195 tribuunt·
2168 2160 2264 2197 Vni-

228 2197 346 2231 Mmte
366 2194 482 2234 dedit:
504 2206 643 2247 partem
664 2198 815 2237 volucres
837 2197 986 2250 dispersit
1012 2199 1051 2238 in
1070 2211 1189 2237 auras·
1238 2212 1302 2239 cus
1325 2203 1527 2244 Helmstad.
1556 2205 1688 2242 habet:
1718 2205 1848 2244 Tanto
1876 2215 2047 2254 tempore
2075 2207 2165 2244 mihi
2184 2222 2265 2246 con·

1227 2252 1455 2301 fiderandum
1481 2255 1544 2300 est,
1573 2256 1676 2304 quod
1702 2256 1832 2295 sufficit
1858 2257 2080 2295 correetioni
2110 2258 2267 2297 nostrae.

175 2291 223 2331 Et
245 2293 463 2335 Stratonicus
489 2299 717 2339 citharoedus
733 2301 770 2339 in
791 2312 868 2342 rem
892 2300 991 2341 suam
1019 2301 1119 2339 aliter
1141 2303 1190 2350 τῷ
1240 2307 1290 2341 At
1320 2304 1410 2343 infra
1445 2305 1525 2344 Lib.
1559 2307 1602 2344 11.
1644 2307 1751 2354 Epist.
1781 2307 1903 2347 XV11.
1934 2308 2045 2355 princ.
2083 2309 2263 2355 praestan·

172 2342 203 2377 δ’
227 2343 336 2388 ἕτερον
364 2349 428 2392 μὲν
468 2349 575 2386 ἔδωκε
608 2355 726 2395 merim
750 2380 760 2394 ‚
800 2353 918 2392 ἕτὲοεν
947 2351 978 2387 δ’
1001 2351 1186 2396 ἀνένευσε,
1237 2354 1391 2394 tiffimus
1421 2356 1633 2395 Mediceus:
1665 2358 1815 2394 Miraris
1834 2385 1844 2401 ‚
1890 2370 1951 2393 cur
1984 2370 2038 2393 me
2077 2361 2263 2399 Laurenti-

170 2394 244 2432 hoc
265 2396 334 2440 est,
365 2400 459 2437 male
483 2401 633 2448 quidem
657 2402 924 2449 pulsarededit‚
950 2403 1046 2440 bene
1058 2411 1182 2440 autem
1241 2418 1327 2441 num
1358 2437 1362 2443 .
1391 2437 1402 2446 .
1429 2437 1438 2448 ,
1460 2420 1574 2443 meum
1595 2416 1699 2445 tanto
1729 2419 1841 2455 opere
1876 2407 2024 2444 detenet.
2078 2408 2262 2460 Idemque

171 2455 318 2484 cantare
346 2452 476 2487 renuit·
518 2451 729 2489 Athenaeus
761 2452 900 2495 au‘ftor,
934 2453 1093 2489 Canu.
1244 2454 1325 2491 Lib.
1355 2455 1423 2491 IV.
1454 2456 1565 2503 Epist·
1592 2457 1734 2493 XVIII·
1765 2469 1799 2495 n.
1828 2470 1852 2495 1.
1883 2459 2039 2504 Quanto
2060 2470 2174 2507 opere
2195 2463 2264 2499 mi-

220 2508 240 2533 2
272 2498 442 2548 Renum]
488 2500 725 2540 Vocabulum
772 2503 914 2552 prorsus
960 2502 1185 2550 infrequens.
1242 2517 1297 2540 rer
1330 2505 1583 2552 epigrammata
1619 2517 1682 2542 tua
1718 2511 1860 2544 Graeca.
1916 2508 2029 2546 Unde
2043 2518 2166 2557 patet,
2196 2512 2263 2549 Se·

164 2546 387 2589 Semnan,
1243 2555 1406 2591 cundum
1444 2567 1520 2592 non
1559 2557 1660 2594 aliter
1696 2557 1846 2595 scribere
1889 2558 2050 2596 voluiffe-
2106 2561 2260 2602 Secutus

1241 2604 1289 2642 est
1319 2604 1485 2642 Tullium
1513 2604 1642 2649 suum,
1670 2607 1733 2656 qui
1761 2608 1896 2646 eodem
1933 2609 2052 2648 modo
2088 2613 2125 2649 in
2161 2612 2261 2651 libris

1241 2655 1561 2694 emendatioribus.
1615 2658 1698 2696 Nec
1722 2657 1934 2698 dissentiunt
1962 2662 2071 2699 ceteri
2102 2673 2146 2699 ex
2184 2664 2258 2701 La-

1239 2706 1322 2743 tinis
1349 2734 1359 2750 ‚
1387 2719 1546 2755 quorum
1573 2720 1710 2758 paucos
1738 2709 2012 2749 advocabimus·
2072 2713 2146 2751 Ser,
2177 2713 2259 2752 Sul-

222 2609 241 2646 3
275 2599 452 2648 Baetica]
484 2599 651 2649 Hispanis
672 2601 692 2640 *a
712 2601 865 2640 flumine
894 2601 996 2640 Baeti
1018 2601 1183 2640 defluen-

164 2654 202 2685 te
229 2648 246 2686 ὲ
280 2659 408 2688 monte
438 2651 639 2689 Castaone:
669 2653 731 2701 qui
751 2662 918 2690 naturam
939 2654 1072 2690 oceani
1097 2664 1180 2701 erga

166 2697 302 2737 fluxum
328 2700 584 2752 refluxumque
607 2703 780 2745 imitatur.
838 2705 938 2752 Lege
961 2704 1060 2751 plura
1085 2704 1182 2751 apud

164 2746 428 2791 Philostratum.
460 2753 602 2791 Baetica
621 2754 668 2791 est
690 2765 767 2802 pars
790 2754 995 2802 Hispaniae.
1025 2754 1180 2793 Cum.
1239 2757 1352 2805 picius
1380 2758 1474 2795 inter
1499 2758 1576 2796 Cic.
1619 2762 1718 2798 Fam.
1751 2761 1830 2798 Lib·
1863 2761 1926 2801 IV.
1957 2762 2066 2810 Epist.
2090 2763 2135 2800 V.
2161 2776 2195 2801 n·
2220 2776 2253 2814 3,

214 2813 241 2850 4
268 2811 400 2842 Contra
411 2818 519 2843 unum
532 2805 737 2854 hominem]
751 2803 1182 2853 Quem?quemcumque
1239 2808 1338 2855 (Qa'd
1364 2810 1426 2852 cll.
1462 2810 1552 2859 quod
1578 2819 1681 2849 tarto
1709 2822 1822 2859 opere
1850 2822 1884 2848 te
1917 2823 2135 2850 commoveat
2173 2827 2256 2854 tuus

167 2853 321 2894 nationis
335 2855 510 2897 Baeticae.
543 2858 653 2902 Hoc,
681 2859 824 2906 inquit,
854 2856 994 2905 possem
1015 2855 1181 2895 excusare
1209 2855 1211 2886 ἒ
1239 2858 1331 2895 dolor
1371 2859 1549 2905 intestinus
1572 2872 1587 2900 ?
1633 2861 1689 2899 ubi
1729 2871 1856 2900 notam
1896 2863 2055 2901 nostram
2093 2865 2174 2914 lege
2198 2866 2254 2905 fis.

172 2903 292 2943 ceteris
313 2906 487 2954 Baeticis,
517 2908 538 2945 fi
563 2917 688 2946 contra
709 2910 858 2946 unicum
882 2917 1024 2945 tanturn
1046 2918 1106 2944 me
1120 2920 1180 2955 pa·
1237 2908 1356 2948 Varro
1384 2910 1430 2947 de
1458 2911 1530 2947 vita
1559 2925 1644 2961 pop.
1675 2914 1787 2950 Rom.
1818 2912 1899 2951 Lib·
1931 2914 1996 2952 IV·
2028 2917 2133 2963 Qod
2157 2918 2260 2965 arci,

171 2954 260 2988 terei·
279 2955 350 2995 fieri
375 2961 609 2998 advocatum.
650 2961 760 2997 Nunc
788 2971 870 2997 cuzn
893 2966 1022 2996 contra
1046 2969 1179 2997 omnes
1236 2974 1317 3011 quos
1343 2960 1492 2999 summo
1519 2974 1632 3010 opere
1650 2966 1805 3011 fecerat,
1826 2963 1904 3012 jeffi
1926 2967 2068 3009 pondere
2093 2966 2154 3004 diu
2172 2966 2257 3014 fac-

172 2995 330 3043 Raetico<
358 3017 551 3058 totamque
580 3011 808 3057 provinciam
838 3009 912 3048 fieri
945 3009 1086 3054 debeo,
1115 3022 1178 3047 ne·
1235 3012 1287 3055 ti,
1315 3012 1462 3048 celeriter
1504 3016 1710 3062 corruiffent.
1765 3014 1822 3053 Sic
1858 3018 2077 3054 veterrimae
2113 3018 2258 3056 nostrae

171 3057 268 3097 queo
284 3055 320 3095 id
338 3058 452 3102 facere
472 3063 564 3103 salva
592 3061 664 3101 fide
686 3072 782 3102 mea.
820 3062 1040 3102 SCHEFFER·
1078 3061 1176 3101 Mox
1234 3063 1472 3104 membranae
1500 3063 1622 3105 Nonii
1647 3078 1722 3115 cap.
1755 3065 1801 3105 II·
1830 3078 1865 3105 n·
1897 3078 1953 3115 71.
1983 3068 2130 3117 Vulgo:
2158 3069 2250 3114 fum-

2178 3129 2252 3155 mo-
