2616 3686
252 219 281 257 vt
291 215 354 270 50

442 339 654 398 XV-lrl.
729 341 799 398 C.
872 343 1307 399 PntNIUS

510 197 1021 265 C„PL1N11
1089 193 1588 247 'CAECILII
1655 194 2167 251 SECUNDI

1384 356 1397 375 ¹
1469 336 1819 392 GALLO
1896 337 2074 396 Suo
2149 341 2202 398 S.

275 478 571 552 Respondet
595 479 754 535 Gallo
781 478 1077 533 admiranti
1101 495 1196 531 cur
1221 487 1493 548 tantopere
1518 473 1848 528 Laurentino
1874 490 2006 545 agro
2027 472 2376 546 detineretur,

342 553 544 625 locique
586 553 1027 625 opportunitatem
1064 549 1119 606 6²9⁴
1155 549 1326 602 villae
1341 548 1670 620 structuram
1709 548 1846 600 mire
1878 544 2170 613 describens
2204 549 2380 609 horta-

346 636 472 692 tur,
509 638 570 680 ιιι
594 626 787 680 villam
808 637 888 679 tot
911 625 1068 678 rebus
1091 632 1331 675 ornatam
1356 619 1684 675 contubernio
1702 621 1793 689 sico
1822 621 1992 690 magis
2016 623 2349 680 commendet.

443 762 619 824 Iraris,
659 779 757 816 cur
783 775 869 814 me
901 759 1295 815 Laurentinum
1313 795 1329 821 ‚
1369 756 1455 810 vel
1480 757 1501 825 (
1518 755 1549 810 fi
1574 759 1644 811 ita
1673 757 1871 824 mavis)
1897 753 1913 771 ²
1940 755 2180 812 Laurens
2204 775 2387 817 meum

443 848 590 889 tanto
604 851 769 907 opere
781 832 1032 887 deletiet?
1046 831 1246 887 desines
1262 829 1469 891 mirari,
1483 843 1608 882 eum
1622 832 1942 899 cognoveris
1969 831 2190 899 gratiam
2214 832 2365 888 villae
2380 874 2395 899 ‚

202 933 231 968 2
279 908 746 981 opportunitatem
787 907 891 960 loci
917 944 932 969 ‚
991 915 1003 939 Ξ
1042 903 1209 957 litoris
1245 901 1484 973 spatium.
1558 918 1575 941 ⁴
1617 900 1821 954 Decem
1863 902 1915 954 &
1941 901 2139 972 septem
2165 904 2393 961 millibus

277 980 517 1054 passuum
545 979 609 1033 ab
634 979 767 1034 urbe
794 975 1025 1032 seceffit:
1068 989 1124 1030 ut
1150 972 1404 1047 peraffis,
1443 988 1579 1044 quae
1604 970 1813 1043 agenda
1832 970 2057 1036 fuerint,
2096 976 2107 1002 ⁵
2138 975 2393 1047 salvojam

277 1055 333 1110 δε
384 1053 688 1124 composito
732 1051 821 1106 die
858 1047 1018 1121 possis
1058 1049 1134 1103 ibi
1170 1063 1402 1103 manere.
1478 1044 1681 1099 Aditur
1740 1061 1851 1099 non
1893 1061 1994 1100 una
2026 1047 2141 1099 via:
2193 1065 2314 1103 nam
2342 1051 2398 1106 ἃς

267 1272 380 1315 *parte
400 1263 613 1302 hereditatis
631 1263 795 1312 legatum
817 1256 956 1299 soluere
980 1274 988 1298 ε
1018 1260 1105 1310 quia
1127 1268 1302 1314 vero'co-

279 1315 388 1354 dicilli
408 1313 628 1352 testamento
650 1313 858 1351 confirmati
880 1323 957 1349 non
980 1318 1083 1350 erant
1105 1339 1115 1355 ,
1157 1308 1304 1346 ordina—

2103 1134 2116 1154 ¹
2153 1119 2398 1178 Lauren-

1427 1268 1448 1293 2
1479 1260 1648 1294 Laurens.
1675 1254 1692 1306 ]
1732 1256 1802 1295 Per
1836 1253 2117 1294 coi-rettionem.
2171 1259 2399 1310 Quanquam

1375 1307 1459 1348 alibi
1481 1306 1621 1358 semper
1645 1307 1904 1345 Laurentinum
1929 1306 2024 1346 dicat
2049 1336 2059 1352 ‚
2097 1319 2174 1345 non
2208 1308 2284 1349 fine
2319 1322 2405 1349 ana-

280 1368 338 1405 rio
369 1367 446 1403 iure
470 1377 514 1402 cx
535 1366 576 1402 iis
597 1365 684 1402 nihil
706 1363 905 1402 debebatur
928 1391 938 1407 ,
967 1363 1185 1411 &legatum
1211 1358 1308 1408 apud
1372 1359 1470 1408 logia
1484 1386 1494 1402 ‚
1522 1366 1652 1407 utpote
1666 1370 1687 1395 a
1701 1364 1876 1396 Laurento
1890 1357 2029 1407 oppido
2043 1357 2244 1397 deduetum
2270 1374 2278 1398 ε
2307 1370 2404 1399 tain-

279 1414 458 1455 heredem
480 1413 706 1459 subsidebat,
732 1416 755 1452 i.
780 1413 1003 1451 remanebat.
1061 1413 1160 1450 Cum
1180 1418 1308 1448 tamen

278 1468 388 1505 liceat
418 1465 544 1503 heredi
570 1494 580 1510 ‚
608 1465 712 1515 quod
734 1463 950 1509 subsederit,
978 1463 1037 1502 vel
1058 1463 1220 1506 donare,
1245 1473 1309 1500 ne-

278 1530 355 1568 que
371 1518 467 1554 hanc
490 1515 734 1554 donationem
747 1516 844 1564 leges
856 1513 1059 1564 impediant
1071 1531 1082 1559 ;
1110 1515 1184 1552 hoc
1197 1514 1309 1551 ctiam

277 1570 388 1608 titulo
409 1565 594 1606 Secundus
616 1567 812 1617 pecuniam
836 1565 882 1602 ad
901 1567 1117 1615 legatarium
1139 1563 1311 1603 transfer-

275 1629 320 1657 re
339 1619 372 1658 se
396 1615 496 1668 poffe
516 1619 690 1667 putabat,
717 1625 758 1655 ut
779 1617 962 1655 voluntati
982 1616 1147 1655 defundi
1171 1645 1182 1660 ‚
1227 1616 1312 1656 licet

280 1670 368 1708 iuris
386 1668 685 1707 sollemnitatibus
707 1667 894 1706 destitutae
917 1696 927 1713 ,
955 1666 1061 1705 simul
1079 1667 1310 1707 satisfaceret.

336 1721 358 1758 8
385 1719 491 1769 Quod
519 1719 557 1756 in
591 1718 787 1758 hereditate
816 1717 1008 1768 subsedit.]
1050 1719 1094 1755 In
1117 1726 1312 1767 computa-

283 1771 388 1809 tione
412 1770 491 1808 affis
514 1771 682 1810 relietum
705 1769 752 1808 est
767 1797 777 1814 ‚
806 1767 989 1807 remansit.
1017 1769 1171 1807 Cum.
1200 1769 1312 1818 subfi-

282 1822 364 1859 dere
385 1821 554 1859 dicuntur
575 1850 586 1867 ,
625 1833 720 1871 quae
742 1818 900 1858 tendunt
927 1817 1098 1858 deorsum
1120 1822 1158 1859 ὃς
1181 1818 1226 1856 ad
1257 1822 1312 1858 in-

281 1870 430 1910 feriora.
485 1872 542 1909 Sic
576 1870 747 1921 subfidere
775 1872 811 1908 in
842 1870 1034 1908 hereditate
1057 1900 1068 1915 ,
1118 1882 1214 1920 quac
1247 1883 1311 1920 per

287 1922 476 1961 codicillos
507 1923 665 1961 tendunt
698 1921 743 1960 ad
775 1921 863 1959 alios
892 1950 902 1967 ‚
941 1920 1035 1959 infra
1055 1921 1311 1960 conditionem

283 1972 466 2012 heredum
507 1973 722 2011 constitutos
746 2001 756 2018 ,
793 1985 916 2023 neque
948 1980 1101 2010 manent
1137 1972 1202 2010 suo
1224 1973 1312 2011 loco

285 2023 386 2072 apud
408 2025 501 2073 ipsos
520 2023 683 2062 heredes.
713 2025 735 2062 S
747 2035 766 2060 c
778 2035 800 2060 u
813 2036 833 2062 E
848 2036 865 2060 r
883 2036 900 2060 r
917 2036 938 2062 E
953 2037 992 2072 R..
1018 2023 1157 2060 Iterum
1183 2022 1314 2062 fallitur

285 2073 518 2119 Schefferus,
546 2076 585 2113 &
612 2074 710 2113 reete
739 2075 947 2112 Cat-cinaeus
978 2073 1140 2111 retinam
1164 2073 1232 2121 est,
1261 2089 1314 2113 re-

284 2124 423 2175 mansit
451 2125 563 2164 veluti
600 2126 658 2163 alii
691 2124 856 2163 debitum
881 2154 891 2170 ‚
938 2124 999 2162 sed
1029 2135 1107 2162 non
1140 2124 1313 2173 pei-fede.

287 2172 392 2212 Infra
414 2176 495 2214 Lib.
520 2176 588 2213 IV.
611 2175 719 2224 Epist.
743 2175 828 2213 XII.
851 2187 886 2212 n.
906 2188 940 2212 2.
993 2180 1087 2212 Cum
1109 2176 1146 2213 in
1169 2177 1316 2224 provin-

287 2225 381 2262 ciam
402 2226 556 2276 quaestor
578 2225 689 2274 exisset
717 2254 727 2270 ‚
747 2226 974 2276 scribamque
998 2254 1008 2270 ‚
1047 2226 1100 2263 cui
1116 2226 1207 2275 sorti
1229 2227 1317 2264 obti-

285 2288 391 2326 gerat
413 2306 423 2322 ,
461 2288 544 2315 ante
570 2277 765 2327 legitimum
788 2277 918 2326 salarii
959 2286 1092 2325 tempus
1132 2277 1316 2327 amisisset,

291 2328 385 2377 quod
407 2339 582 2376 acceperat
607 2328 746 2378 scribae
770 2329 922 2365 daturus
947 2356 957 2372 ,
984 2325 1162 2365 intellexit
1185 2339 1228 2366 εγ
1241 2328 1318 2375 sta-

298 2379 369 2416 tuit
404 2378 581 2418 subsidere
612 2381 706 2429 apud
721 2379 758 2428 se
780 2392 850 2415 non
871 2388 1031 2429 oportere.
1088 2379 1177 2426 ch.
1203 2379 1259 2424 76.
1286 2380 1318 2421 §.

296 2439 328 2466 1.
351 2445 390 2466 π.
415 2430 461 2468 ad.
486 2431 578 2479 Leg.
601 2429 734 2468 Falcid.
762 2436 889 2478 Legata
917 2459 927 2473 ,
955 2443 1042 2479 quae
1067 2428 1229 2478 legatarii
1251 2443 1320 2467 non

293 2480 440 2528 capiunt
457 2510 466 2525 ‚
497 2495 574 2518 cum
597 2482 692 2531 apud
713 2481 849 2518 heredes
874 2480 1117 2525 subsederint,
1145 2479 1320 2518 heredita-

295 2530 347 2567 rio
366 2531 439 2569 iure
462 2534 557 2578 apud
580 2546 631 2569 eos
655 2545 834 2570 remanere
858 2530 1017 2579 intelligi.

350 2594 365 2618 Ι
408 2582 521 2620 Gallo.

296 2630 424 2670 Gallus
450 2662 460 2678 ,
489 2633 534 2671 de
565 2646 642 2683 quo
663 2634 766 2683 supra
789 2661 798 2677 ‚
840 2645 885 2670 an
910 2633 967 2671 ille
993 2633 1118 2670 Gallus
1143 2635 1245 2681 cujus
1271 2633 1322 2670 fa-

297 2692 390 2721 vore
409 2683 592 2722 Adrianus
616 2684 783 2734 Trajano
811 2682 876 2722 fuit
901 2692 1080 2733 acceptus.
1110 2684 1324 2723 GalliPrae-

303 2732 386 2770 festi
411 2735 507 2773 urbis
528 2734 567 2772 fit
590 2737 733 2774 mentio
757 2734 852 2784 apul
876 2736 1041 2781 Juvenal.
1067 2737 1184 2782 Satyr.
1217 2735 1323 2774 XVI.

300 2783 476 2822 Rubrium
499 2785 647 2823 Gallum
670 2799 754 2824 cuin
777 2787 906 2824 Caelio
938 2786 1066 2825 Pisone
1100 2785 1299 2825 Consulem
1315 2818 1324 2833 ‚

304 2842 367 2878 per
390 2847 481 2882 quos
502 2835 721 2875 subventum
745 2837 966 2877 libertatibus
999 2838 1047 2875 cst
1087 2838 1326 2877 Senatuscon-

298 2880 418 2938 sulio,
450 2885 601 2938 testatur
639 2888 816 2936 Ulpianus
855 2888 955 2927 fuiss‘e
987 2889 1216 2938 temporibus
1252 2889 1326 2929 divi

302 2929 467 2976 Traiani.
506 2935 696 2973 Possumus
731 2941 839 2975 ctiam
873 2940 1068 2986 intelligsre
1105 2941 1324 2978 Numatt'um

301 2982 451 3018 Gallum
469 3012 478 3027 ,
506 2996 617 3032 quem
644 2987 799 3023 Marna&
827 2988 907 3025 Lib.
930 2989 974 3025 X.
996 2989 1112 3027 scribit
1129 2990 1228 3028 suiss'c
1242 2990 1325 3028 stin-

304 3033 461 3081 plicitate
485 3034 593 3083 prisca
618 3063 629 3081 ‚
657 3037 694 3074 ὃς
721 3035 883 3075 bonitate
909 3039 1046 3077 soci-ati
1068 3052 1206 3088 parem.
1235 3042 1267 3081 C
1284 3054 1325 3079 A·

309 3096 333 3122 T
349 3095 371 3121 Α
385 3095 421 3123 u.

1378 1409 1442 1449 etsi
1472 1410 1517 1447 ab
1551 1421 1598 1446 eo
1635 1417 1823 1447 Laurentes
1858 1420 2050 1447 vocemus.
2104 1409 2167 1447 An
2210 1412 2296 1460 quia
2325 1413 2406 1452 usus

1379 1458 1500 1501 fuerat
1521 1459 1748 1499 diminutivo
1772 1489 1782 1504 ,
1820 1472 1867 1498 ne
1885 1469 1963 1498 tam
1987 1461 2177 1508 egregium
2210 1473 2304 1510 opus
2336 1466 2405 1501 mi-

1378 1510 1551 1550 nueretur
1565 1539 1575 1554 ,
1600 1510 1784 1559 grandiori
1806 1510 1992 1549 vocabulo
2014 1511 2154 1550 dietum
2178 1514 2406 1552 correxerit?

1383 1563 1501 1601 IDEM.
1528 1562 1699 1611 Utraque
1723 1562 1935 1599 extremitas
1960 1567 2116 1600 Laurens
2145 1563 2184 1600 ὃς
2215 1567 2406 1602 Laurenti-

1382 1612 1469 1652 num
1490 1614 1528 1651 in
1552 1611 1701 1657 usucst,
1729 1619 1770 1650 ut
1784 1612 1902 1650 Picens
1916 1639 1926 1654 ,
1957 1612 2202 1656 Picentinum;
2233 1617 2381 1653 Camers
2395 1644 2407 1661 ,

1383 1665 1634 1703 Camertinum
1668 1664 1706 1701 &
1737 1663 1816 1702 alia.
1870 1662 1969 1700 Vide
2001 1663 2047 1701 ad
2072 1663 2205 1702 Sallust.
2228 1664 2310 1702 Cat.
2331 1677 2408 1716 cap.

1381 1715 1545 1755 XXVII.
1563 1727 1598 1752 n.
1625 1728 1654 1753 1.
1679 1715 1718 1752 ὃς
1743 1714 1958 1763 Interpretes
1981 1713 2078 1754 Flori
2102 1714 2148 1753 ad
2173 1714 2255 1752 Lib.
2280 1716 2307 1753 Ι.
2331 1728 2410 1766 cap.

1383 1766 1483 1804 XIX.
1515 1766 1626 1815 princ.
1678 1765 1870 1804 Praeterea
1903 1765 2128 1803 Mediceus:
2167 1773 2273 1803 tanto
2297 1779 2410 1817 opere

1381 1817 1544 1862 delcetat,
1574 1815 1679 1866 quod
1700 1816 1871 1854 Secundo
1885 1815 2113 1854 reddendum
2130 1815 2208 1855 fuit.
2235 1817 2410 1858 Diximus

1383 1868 1430 1906 ad
1454 1867 1538 1906 Lib.
1562 1867 1589 1904 Ι.
1614 1866 1721 1916 Epist.
1746 1868 1834 1904 VII.
1858 1879 1893 1904 n.
1917 1880 1949 1917 3.

1433 1931 1452 1968 3
1484 1919 1609 1956 Litoris
1634 1916 1837 1968 spatium]
1875 1919 1966 1956 Vox
1990 1918 2120 1957 Litoris
2145 1946 2156 1964 ‚
2195 1918 2241 1956 de
2263 1918 2340 1968 ipso
2361 1920 2412 1958 se-

1385 1969 1481 2009 ceffu
1502 1970 1607 2008 villae
1629 1970 1668 2007 in
1689 1968 1794 2006 litore
1817 1968 1956 2017 positae
1980 1970 2158 2018 capienda
2182 1968 2232 2006 est
2253 1982 2261 2006 :
2302 1972 2413 2019 spatii

1385 2031 1478 2059 vero
1502 2020 1548 2058 de
1572 2018 1736 2057 distantia
1760 2021 1836 2068 ejus
1861 2020 1905 2056 ab
1925 2020 2015 2057 urbe
2042 2021 2167 2057 Roma
2191 2030 2306 2070 quam
2321 2033 2411 2059 mox

1386 2070 1572 2111 describit:
1603 2071 1648 2108 ab
1668 2070 1800 2109 ultimo
1824 2081 1955 2108 eorum
1982 2099 1993 2116 ‚
2032 2081 2128 2120 quae
2151 2070 2412 2120 proposuerat,

1385 2122 1592 2171 incipiens:
1630 2121 1733 2172 quod
1765 2120 1868 2171 saepe
1900 2120 2015 2159 solent
2049 2120 2216 2160 austores
2241 2149 2251 2165 ,
2293 2123 2413 2162 Litora

1387 2184 1455 2221 pro
1473 2172 1641 2221 seceffibus
1670 2172 1799 2221 (quod
1820 2174 1857 2210 lii
1880 2172 2098 2223 plerumque
2117 2173 2166 2211 ibi
2187 2175 2411 2212 amoenitate

1389 2234 1520 2260 eorum
1553 2225 1798 2272 peterentur)
1833 2225 1871 2261 ὅ(
1905 2223 2058 2262 Tacitus
2093 2223 2183 2262 dixit
2218 2224 2309 2262 Hist.
2343 2224 2409 2262 III.

1389 2285 1467 2323 cap.
1492 2274 1632 2312 LXIII.
1689 2280 1731 2310 In
1769 2275 1916 2312 eundem
1955 2276 2101 2312 modum
2139 2285 2183 2313 ω’
2221 2275 2409 2312 Mucianus

1386 2325 1570 2375 composuit
1598 2323 1765 2375 Epistolas
1781 2342 1791 2361 .·
1823 2325 1947 2376 quibus
1960 2324 2165 2375 plerumque
2176 2325 2286 2374 fidere
2309 2322 2410 2360 Vitel-

1388 2374 1453 2414 lius
1479 2404 1489 2421 ,
1517 2390 1558 2413 ac
1594 2379 1635 2415 de
1668 2389 1809 2414 numero
1834 2377 2025 2426 fiirvorum
2047 2404 2058 2421 ‚
2095 2375 2251 2414 electione
2269 2375 2408 2412 litorum

1389 2425 1491 2477 loqui.
1519 2429 1635 2466 Paulo
1649 2437 1734 2465 ante
1736 2428 1873 2477 secreta
1887 2428 2104 2479 Campaniae
2115 2426 2271 2465 dixerat:
2293 2433 2380 2476 mox
2395 2449 2405 2465 ,

1390 2477 1512 2516 beatus
1543 2479 1762 2531 Campaniae
1786 2477 1886 2528 sinus
1905 2506 1915 2522 ,
1955 2479 2119 2528 appellat.
2171 2475 2306 2523 Qui&
2326 2471 2405 2509 abbi

1392 2541 1540 2568 amoena
1574 2530 1721 2568 litorum
1757 2559 1767 2575 ,
1816 2542 1884 2580 pro
1918 2526 2187 2568 amoenioribus
2225 2520 2408 2560 scceffibus

539 2582 554 2632 ]
606 2584 689 2621 Sive
723 2585 750 2620 is
785 2582 892 2620 fucrit
932 2582 1051 2619 Didius
1087 2582 1146 2620 vel
1177 2584 1321 2622 AunIus
1395 2581 1545 2619 litorum
1571 2581 1669 2621 dixit.
1697 2580 1905 2619 Rucuma.

1442 2644 1465 2678 4
1492 2638 1617 2670 Decem
1639 2645 1682 2673 ω’
1698 2633 1828 2681 septem
1847 2646 1893 2670 m.
1909 2641 1943 2680 p.
1965 2642 1998 2665 a.
2018 2641 2052 2665 u.
2083 2621 2250 2670 seceffit.]
2280 2624 2312 2678 .i·
2349 2624 2409 2662 Se-

1397 2691 1543 2721 inotum
1570 2684 1618 2721 est
1642 2713 1651 2729 ,
1703 2683 1812 2722 distat.
1851 2683 1999 2719 ΒΑΜἩ.
2037 2675 2091 2713 Ita
2115 2673 2347 2722 &seducitur
2367 2678 2411 2730 ’ἃ

1397 2732 1523 2772 simili-a
1546 2736 1658 2773 verba
1678 2735 1846 2782 usurpare
1877 2731 1998 2768 solent.
2027 2722 2217 2762 Mediceus
2240 2737 2247 2760 :
2285 2730 2409 2763 Derim

1388 2784 1513 2834 septim
1536 2786 1680 2823 milibus
1697 2783 1855 2835 pastuum
1873 2793 1906 2816 a.
1929 2791 1963 2815 u.
1987 2793 2032 2831 s..
2227 2828 2232 2833 ¹
2345 2830 2349 2834 ,

1451 2850 1467 2884 ς
1498 2837 1604 2873 salvo
1615 2837 1697 2885 jam
1730 2844 1772 2871 co*
1801 2826 1975 2880 composito
1997 2823 2086 2872 dm]
2129 2826 2293 2864 Nascitur
2317 2827 2415 2873 dies,

1399 2898 1509 2924 mane
1532 2902 1543 2930 ;
1574 2887 1728 2923 moritur
1753 2912 1763 2927 ‚
1791 2879 1924 2928 vesperi
1947 2890 1954 2912 ι
1993 2877 2085 2914 inter
2110 2877 2201 2914 haec
2224 2877 2299 2914 duo
2321 2887 2417 2916 tem-

1397 2949 1487 2985 pora
1523 2934 1690 2972 adolescit
1719 2929 1818 2981 quasi
1853 2938 1962 2976 atquc
2010 2936 2178 2965 maturat.
2234 2929 2331 2966 Nam
2380 2932 2419 2968 ὃς

1397 2986 1568 3032 Virgilius
1607 2994 1794 3022 maturam
1834 2980 1945 3019 lucem
1991 2977 2035 3016 dc
2082 2978 2203 3018 adulta
2239 2991 2280 3017 ac
2313 2980 2417 3030 plena

1399 3035 1515 3073 dixit:

2265 3151 2337 3166 ιιι-
2364 3136 2420 3170 In-
