2616 3686
2401 0 2412 15 D
2509 0 2515 13 Γ
2537 18 2543 22 ·

2425 31 2438 40 *
2535 0 2616 93 a*

2562 81 2570 91 a
2579 83 2600 105 ,ῃ
2607 67 2616 79 ἶ

2547 117 2569 140 ,¹3
2613 108 2616 126 i

321 194 420 246 422
608 135 2274 246 c.t>L1N1tcAEc1L11siscuN121

331 253 456 310 bula
479 256 711 326 excepit.
764 258 777 281 ¹
805 253 1075 308 Passienus
1103 253 1295 309 Paulus
1322 250 1631 323 splendidus
1658 269 1823 326 eques
1862 253 2176 330 Romanus,
2217 257 2272 313 &
2300 262 2483 335 impri-

341 327 442 382 mis
467 326 740 390 eruditus,
777 327 955 382 scribit
985 329 1181 398 elegos,
1204 344 1221 363 ²
1247 326 1570 397 gentilitium
1597 325 1719 382 boc·
1739 328 1826 382 illi.
1880 327 1972 383 Est
1998 332 2142 384 enim
2168 332 2182 360 ³
2209 336 2485 409 municeps

270 427 302 462 2
345 400 663 473 Propertii,
714 413 876 473 atque
911 403 1074 456 etiam
1110 402 1250 455 inter
1293 399 1517 471 majores
1569 398 1686 454 suos
1727 399 2072 470 Propertium
2105 419 2368 462 numerat.
2441 404 2487 465 Is
2563 462 2566 463 s

345 491 469 528 cum
497 476 782 538 recitaret,
821 477 894 530 ita
921 475 1098 547 coepit
1125 473 1326 530 dicere.
1402 491 1420 516 ⁴
1453 473 1644 541 Prisce
1669 474 1856 534 jubes?
1895 477 1982 530 Ad
2015 475 2118 531 boc
2154 473 2166 500 ⁵
2203 477 2488 548 Javolenus

271 565 294 616 3
347 546 582 611 Priscus,
622 547 838 620 (aderat
877 550 1021 602 enirn
1059 560 1115 602 ut
1158 548 1327 601 Paulo
1354 546 1729 613 amiciflitnus)
1766 547 1876 621 Ego
1902 567 2030 602 vero
2055 549 2339 624 nonjubeO.
2375 556 2490 611 Co·

345 622 483 692 gita,
520 622 613 691 qui
637 622 765 676 risus
793 621 1106 681 hominum,
1147 622 1164 644 ⁶
1190 622 1285 690 qui
1305 620 1431 688 joci.
1507 619 1597 675 1⁴3st
1622 622 1846 675 omnino
1878 621 2080 679 Priscus
2132 625 2326 682 dubiae
2362 627 2491 687 sani-

346 695 498 748 tatis:
540 693 758 748 interest
785 697 965 746 tamen
995 691 1224 752 officiis,
1266 692 1558 748 adhibetur
1573 693 1826 758 consiliiS,
1859 710 2018 768 atque
2045 700 2205 753 etiarn
2233 699 2308 764 ius
2335 704 2491 759 civile

342 765 562 837 publice
585 764 875 836 respondet
903 782 915 817 :
958 781 1068 835 quo
1096 766 1289 834 magis,
1314 765 1463 836 quod
1492 771 1618 819 tunc
1648 768 1775 821 fecit
1804 808 1820 832 ,
1863 769 1913 823 &
1946 770 2235 826 ridiculum
2263 774 2318 828 &
2346 770 2498 831 no'ta-

270 859 306 909 4
357 839 462 894 bile
492 837 610 892 fuit.
686 839 907 893 Interim
949 837 1116 893 Paulo
1154 835 1170 862 ⁷
1206 838 1373 892 aliena
1400 836 1645 892 deliratio
1669 843 1685 868 ⁸
1709 840 2033 914 aliquantum
2060 843 2275 918 frigoris
2303 850 2496 907 attulit.

359 1043 455 1091 rim,
484 1042 623 1084 recenti
644 1047 773 1081 tamen
798 1041 943 1081 fabulae
965 1042 1109 1081 adveni.
1149 1041 1267 1081 inesse
1291 1042 1391 1081 enirn

356 1098 476 1136 verbis
509 1107 530 1132 a
562 1093 673 1143 Capio
707 1093 921 1144 compositis
957 1094 1091 1142 aliquid
1115 1096 1392 1143 Reciprocum,

351 1148 496 1198 pridem
521 1145 630 1184 Valla
655 1144 871 1183 observavit.
902 1146 958 1183 Sic
982 1146 1095 1183 Treb.
1117 1147 1236 1185 Pollio
1262 1145 1394 1183 Claud.

352 1211 430 1248 cap.
453 1197 580 1234 XVII.
611 1195 713 1234 Nihil
739 1209 801 1235 me
820 1197 972 1246 gravius
985 1198 1150 1246 accepit,
1178 1210 1288 1248 quam
1302 1197 1394 1247 quod

353 1250 493 1288 notoria
526 1259 590 1286 tua
623 1247 811 1295 intimasti.
867 1249 923 1287 Sic
945 1248 1097 1299 excipere
1119 1249 1288 1293 laudem,
1312 1247 1394 1297 pla-

346 1315 413 1352 gas
436 1331 446 1346 ,
490 1299 639 1338 verbera
662 1328 672 1344 ,
703 1302 742 1338 &
765 1300 844 1337 laus
866 1300 992 1349 excipit
1017 1329 1027 1345 ‚
1055 1300 1260 1339 verberibus
1282 1300 1391 1350 excipi

354 1355 395 1391 &
417 1363 512 1403 quae
532 1351 613 1390 sunt
633 1351 712 1390 alia.
752 1351 851 1390 Vide
872 1352 1062 1390 Pricaeum
1087 1353 1133 1390 ad
1155 1352 1300 1402 Apulei.
1327 1351 1392 1390 IX.

354 1404 515 1443 Metam.
538 1415 571 1453 p.
593 1403 678 1452 435.
708 1403 881 1442 Lucanus
907 1403 991 1441 Lib.
1014 1404 1122 1443 VIII.
1145 1416 1196 1443 vs.
1221 1403 1305 1452 781.

405 1507 531 1555 §Luam
564 1505 694 1543 metuis
725 1506 866 1544 demens
889 1505 948 1553 isto
966 1515 1027 1557 pro
1053 1508 1200 1546 crimine
1218 1518 1367 1558 poenam
1383 1540 1394 1557 ,

404 1560 486 1608 Qo
514 1567 552 1596 te
581 1556 681 1595 fama
711 1556 843 1608 loquax
871 1571 990 1597 omnes
1016 1562 1157 1609 accepit
1183 1560 1222 1598 in
1250 1572 1393 1610 annos,2

413 1671 429 1698 1
466 1660 637 1709 pullianus
674 1661 858 1712 Paulus.]
903 1663 974 1700 Vir
1009 1665 1173 1725 optimus
1206 1667 1245 1705 ὃς
1275 1666 1396 1705 hone-

354 1710 545 1757 stissimus,
588 1712 652 1760 qui
684 1721 826 1750 veteres
859 1716 898 1752 in
918 1715 1030 1753 literis
1051 1717 1317 1756 aemulabatur.
1344 1719 1397 1756 E-

354 1764 459 1812 lcgos
493 1761 627 1812 scripsit
664 1762 710 1802 ad
748 1764 1000 1803 imitationem
1035 1768 1216 1815 Propertii
1244 1798 1254 1815 ,
1294 1770 1394 1809 unde

359 1825 475 1864 genus
506 1814 671 1852 trahebat
697 1828 705 1852 z
746 1813 901 1853 demum
924 1815 969 1853 ad
992 1817 1104 1866 lyrica
1128 1819 1161 1857 se
1186 1823 1396 1869 convertit,

358 1869 397 1905 in
430 1866 561 1916 quibus
594 1866 727 1904 Horat.
752 1866 902 1906 effinxit.
956 1868 1103 1908 Patrem
1125 1871 1252 1910 habuit
1276 1872 1398 1921 Paffie-

358 1930 446 1954 num
478 1917 644 1955 nobilem
675 1917 989 1957 declamatorem:
1020 1921 1122 1970 cujus
1154 1923 1330 1962 Eusebius
1358 1927 1396 1963 in

360 1968 543 2007 chronicis
564 1970 602 2007 ὃς
626 1967 840 2018 frequenter
865 1971 992 2009 Senec.
1006 1975 1225 2013 meminere.
1257 1977 1396 2016 Gellius

360 2025 403 2058 L.
436 2019 594 2057 Paulum
627 2029 780 2069 poetam
819 2023 1003 2060 memoria
1041 2024 1099 2062 sua
1139 2025 1393 2067 doe‘tiffimuin

359 2072 558 2113 nominat,
587 2073 625 2109 ὃς
647 2072 727 2110 alibi
747 2072 897 2118 Jalium
922 2074 1077 2112 Paulum
1097 2085 1247 2125 poetam
1270 2081 1392 2118 virum

361 2122 507 2160 bonum
538 2122 802 2173 literarumque
840 2136 882 2161 ac
926 2134 1094 2164 veterum
1128 2129 1292 2177 impense
1328 2131 1398 2170 do-

364 2173 484 2211 Etum.
535 2173 757 2220 Jabolenum
799 2183 924 2213 autem
961 2176 1065 2215 fuisse
1110 2179 1217 2217 Pauli
1247 2192 1398 2229 praece-

362 2232 512 2275 ptorem
534 2224 571 2262 st.
595 2224 677 2262 XL.
702 2224 979 2267 demanumiss'.
1001 2228 1160 2267 testatur.
1200 2230 1267 2269 CA
1285 2246 1307 2270 T
1323 2247 1344 2270 Α
1359 2247 1396 2271 Ν.

418 2288 438 2313 2
468 2274 706 2325 Gentilium]
733 2277 849 2315 Aliter
873 2278 1013 2316 Gentile
1028 2308 1037 2323 ‚
1058 2280 1117 2318 sed
1141 2284 1255 2329 magis
1277 2286 1397 2333 probo

361 2327 549 2378 gentilium
573 2357 583 2373 ,
622 2327 727 2376 quod
760 2328 921 2367 vidimus
955 2331 988 2367 in
1012 2333 1167 2379 antiquo
1190 2334 1285 2372 Cod.
1309 2348 1396 2375 nain

359 2379 487 2430 gentile
511 2378 583 2423 est,
611 2379 715 2428 quod
735 2392 778 2417 ex
793 2379 922 2419 cadem
938 2381 1070 2419 familia
1085 2383 1156 2428 cst,
1175 2386 1397 2434 gentilitium

366 2430 471 2479 quod
503 2432 660 2480 pertinet
691 2429 736 2469 ad
774 2432 827 2474 ius
865 2432 1059 2471 familiae:
1108 2435 1198 2474 ficut
1237 2437 1396 2478 familiae

363 2483 626 2531 Propertianae
663 2483 854 2531 proprium
892 2493 967 2522 erat
1006 2485 1130 2534 elegos
1167 2487 1329 2528 scribere.
1359 2493 1398 2530 &

363 2533 542 2583 gentilitia
565 2533 764 2572 sacerdotia
785 2546 805 2572 a
828 2535 945 2584 priscis
971 2538 1149 2585 appellata
1165 2568 1175 2580 ,
1215 2540 1316 2588 quod
1339 2554 1399 2580 ac-
1421 2528 1429 2537 ⁸

368 2583 421 2622 dis
450 2593 511 2622 aut
545 2583 659 2623 sacelli
689 2586 777 2633 jutis
813 2585 926 2624 client
958 2601 977 2625 a
1006 2597 1106 2637 patre
1141 2590 1293 2630 familias
1317 2621 1327 2637 ,
1357 2606 1398 2632 ca

368 2636 512 2673 ratione
546 2636 656 2674 ereeti
681 2636 913 2686 dedicatione
929 2666 938 2681 ,
961 2647 1002 2676 ut
1027 2641 1064 2678 ὅς
1088 2641 1272 2681 sacrorum
1291 2655 1376 2682 cura
1392 2675 1401 2690 ,

2204 964 2241 1012 ὁ
2348 920 2495 979 Tam

1521 1060 1591 1071 --
1619 1039 1817 1092 Umbroque
1838 1042 2048 1094 Propertius
2069 1056 2189 1085 antro.

1468 1145 1625 1184 CATAN.
1653 1144 1848 1196 Mediceus
1873 1149 1910 1186 &
1931 1147 2085 1185 Helmst.
2115 1150 2287 1201 municeps
2310 1156 2472 1202 Properti.

1466 1246 1482 1285 I
1513 1209 1537 1244 4
1579 1198 1695 1247 Prisce
1717 1195 1871 1248 juka]
1918 1200 2144 1249 Principium
2181 1203 2298 1250 operis
2334 1205 2511 1246 Paffientr

1498 1260 1522 1285 D
1539 1263 1560 1287 E
1578 1262 1617 1287 M.

1520 1313 1538 1349 ς
1569 1301 1769 1346 Jaboienus
1801 1301 1993 1352 Priscus.]
2043 1303 2089 1342 In
2122 1302 2159 1341 ff.
2182 1303 2319 1353 ubique
2340 1304 2499 1346 scribitur

1465 1351 1661 1394 Jabolenus
1688 1365 1767 1391 non
1792 1353 1998 1399 Javolenus
2023 1384 2032 1400 ‚
2070 1356 2202 1403 pariter
2224 1355 2321 1404 apud
2347 1357 2499 1406 Capito-

1461 1403 1592 1443 linum.
1647 1405 1731 1442 Fuit
1763 1407 1863 1444 enim
1898 1406 2089 1453 Juriscons.
2128 1418 2206 1456 quo
2238 1406 2319 1444 usus
2343 1407 2393 1445 est
2412 1420 2499 1450 cum

1463 1457 1586 1495 multis
1611 1457 1685 1496 aliis
1715 1457 1929 1497 Antoninus
1962 1459 2045 1496 Pius
2068 1487 2079 1504 ,
2119 1459 2158 1497 ὃς
2195 1458 2428 1508 Pomponius
2455 1462 2502 1502 de

1464 1509 1605 1556 origine
1628 1510 1711 1556 juris
1734 1537 1745 1553 ‚
1774 1509 1912 1557 Priscus
1930 1539 1940 1555 ,
1968 1510 2112 1558 inquit,
2141 1508 2337 1554 Jobolenus
2371 1512 2499 1552 Sabino

1459 1559 1606 1608 succeffit
1637 1561 1677 1598 in
1701 1560 1854 1610 scientia
1878 1562 1985 1611 juris.
2015 1562 2081 1600 CA
2099 1576 2121 1599 T
2138 1574 2158 1598 Α
2176 1574 2211 1599 Ν.
2250 1562 2302 1599 At
2325 1562 2434 1602 MSS.
2458 1576 2500 1603 0-

1463 1622 1569 1649 mnes
1601 1611 1706 1650 Plinii
1739 1614 1777 1650 &
1799 1612 1893 1651 Edd.
1913 1613 2016 1652 Vett.
2047 1612 2259 1658 Iavolenus,
2290 1614 2394 1664 quod
2415 1627 2500 1664 pro-
2547 1634 2550 1637 ’

1463 1671 1602 1712 pugnat
1621 1665 1733 1702 etiam
1758 1664 1952 1703 Mediceus
1967 1694 1977 1710 ‚
2004 1666 2042 1703 in
2065 1676 2142 1714 quo
2163 1666 2296 1713 legitur
2327 1678 2335 1702 :
2362 1666 2413 1703 ad
2436 1666 2497 1705 hoc

1467 1714 1625 1752 Velenus.
1655 1716 1769 1755 Simili
1792 1716 1911 1754 modo
1935 1717 2037 1767 supra
2060 1716 2168 1765 Epist.
2188 1717 2238 1753 V.
2260 1729 2295 1754 n.
2310 1729 2344 1763 4.
2373 1717 2497 1756 Iuben-

1464 1766 1554 1804 tium
1570 1796 1580 1811 ,
1609 1779 1677 1815 pro
1702 1767 1862 1807 Iuventio
1886 1768 2116 1817 scripserant,
2143 1768 2204 1806 ubi
2229 1768 2401 1807 diximus.
2432 1771 2503 1810 Su·

1465 1829 1528 1867 pra
1551 1819 1633 1856 MS.
1657 1819 1761 1857 Vols.
1791 1819 1918 1857 Paulle
1937 1820 2056 1858 iubes?
2084 1830 2152 1868 pro
2179 1819 2302 1869 Prisce.

1518 1869 1542 1905 6
1570 1871 1643 1918 Qui
1661 1871 1767 1921 joci.]
1798 1872 1928 1910 Exorti
1952 1871 2019 1910 fint
2041 1873 2136 1910 inter
2156 1871 2369 1920 praesentes.
2410 1875 2502 1916 Scri-

1466 1920 1518 1960 bit
1541 1922 1748 1972 Tranquill.
1787 1924 1986 1961 C'audium
2012 1924 2106 1973 Imp.
2131 1934 2216 1960 cuin
2242 1924 2348 1962 initio
2373 1929 2498 1965 recita-

1465 1974 1576 2012 tionis
1598 1974 1768 2013 historiac
1790 1975 1873 2012 suae
1897 1975 2069 2015 defra<ftis
2101 1975 2351 2022 compluribus
2374 1977 2500 2018 subsel-

1465 2024 1520 2063 liis
1543 2025 1718 2064 obesitate
1743 2027 1929 2075 cujusdam
1955 2028 2041 2065 risus
2061 2034 2210 2064 exortus
2234 2025 2320 2065 esset
2341 2057 2351 2073 ,
2379 2041 2428 2068 ne
2448 2030 2498 2069 se-

1467 2076 1553 2115 dato
1590 2077 1743 2127 quidem
1776 2079 1940 2117 tumultu
1972 2087 2179 2127 temperare
2203 2078 2382 2126 potuiffe,
2412 2082 2497 2132 quin

1466 2140 1511 2165 ex
1550 2129 1745 2167 intervallis
1777 2129 1926 2168 subinde
1958 2128 2044 2168 fadi
2077 2129 2400 2178 reminisceretur,
2439 2144 2495 2170 ca-

1467 2180 1696 2230 cliinnosquc
1730 2192 1932 2220 revocaret.
1978 2181 2009 2217 C
2026 2195 2047 2218 Α
2064 2194 2086 2218 τ
2104 2194 2125 2217 Α
2141 2193 2177 2218 Ν.
2220 2181 2260 2218 In
2285 2183 2436 2222 Helmst.
2456 2185 2494 2222 ὃ(

1466 2230 1535 2268 Ed.
1558 2232 1645 2269 Vet.
1668 2233 1727 2280 qui
1747 2232 1807 2270 ioci
1830 2241 2046 2282 corruptum
2078 2231 2127 2270 est
2160 2233 2235 2271 hoc
2269 2235 2407 2273 modo:
2434 2235 2494 2285 qui

1465 2282 1555 2329 risus
1585 2281 1771 2322 hominum
1805 2286 1976 2334 quotiens
2009 2283 2149 2321 omniuo
2187 2289 2245 2320 Pr.
2282 2284 2382 2325 Vols.
2403 2287 2494 2338 quod

1467 2332 1510 2380 est
1531 2334 1673 2372 omnino
1697 2336 1837 2383 Priscus
1853 2364 1862 2380 ,
1889 2336 2001 2385 idque
2026 2336 2198 2384 Gryphio
2218 2336 2360 2383 plauit.

1519 2397 1537 2432 7
1571 2385 1704 2425 Aliena
1737 2387 1953 2436 deliratio.]
1992 2387 2160 2433 Jabolcni
2191 2387 2334 2425 insania.
2372 2386 2492 2424 lirare

1467 2444 1592 2475 autem
1614 2466 1622 2481 ‚
1662 2438 1814 2477 auum-e
1847 2439 2019 2477 Varrone
2044 2467 2054 2482 ‚
2083 2437 2130 2476 cst
2156 2449 2239 2475 cum
2262 2437 2368 2474 tertio
2390 2444 2488 2472 arant

1469 2488 1568 2533 jacio
1600 2489 1738 2529 lemine
1768 2491 1884 2528 boves
1908 2520 1918 2536 ‚
1957 2490 1994 2529 id
2025 2488 2073 2527 est
2096 2501 2179 2526 cum
2203 2487 2334 2525 tabellis
2348 2482 2396 2540 'ad
2416 2493 2486 2540 W?-

1468 2551 1611 2578 merem
1646 2539 1753 2579 fimul
1788 2544 1826 2580 &
1859 2543 1974 2580 satum
2009 2543 2236 2592 frumentum
2257 2539 2421 2590 opeflunt
2448 2545 2486 2590 m

1468 2593 1586 2637 porcis
1608 2622 1618 2638 ,
1658 2594 1696 2631 ὃ(
1718 2594 1854 2631 sulcant
1877 2593 1984 2631 fossas
2007 2620 2016 2636 ,
2043 2601 2113 2644 qua
2141 2584 2297 2639 pluvffilffl
2318 2593 2409 2631 aqua
2434 2583 2488 2622 dl-

1467 2641 1615 2682 labatur.
1658 2645 1866 2684 Columella
1897 2636 2015 2692 inquit
2038 2668 2048 2684 ,
2076 2639 2230 2676 l1rantur
2248 2642 2374 2681 lugera
2397 2646 2483 2673 cum

368 2688 407 2724 ὃς
440 2685 627 2724 ᾗύἑῒιιιιιῑι
662 2687 768 2736 ipsius
801 2688 988 2729 sacerdotii
1010 2694 1198 2741 perceptio
1221 2694 1266 2731 ad
1289 2695 1402 2735 solam
1471 2693 1506 2730 in
1540 2694 1683 2733 subacta
1716 2698 1788 2743 jam
1823 2704 1914 2734 terra
1946 2693 2086 2730 latiores
2118 2695 2247 2735 porcae
2285 2683 2486 2724 finit-intur:

370 2745 521 2785 gentem
554 2737 806 2788 familiamque
839 2740 936 2778 suam
971 2746 1154 2792 perpetuis
1177 2745 1407 2787 succeffioni-

370 2789 435 2825 bus
459 2789 734 2828 devolveretur.
764 2790 879 2829 Imm.
908 2792 1037 2842 Inepte
1063 2796 1250 2844 Gryphius
1274 2800 1406 2849 &qui-

375 2838 460 2875 dam
485 2841 704 2879 recentiores
722 2843 935 2892 gentilium;
967 2846 1122 2884 Helmst.
1147 2849 1407 2897 &ArnLgen-

1470 2743 1541 2781 lira
1573 2758 1664 2785 vero
1697 2741 1746 2785 est
1773 2747 1892 2784 similis
1913 2745 1943 2782 ei
1967 2748 2118 2790 porcae,
2147 2745 2258 2783 quam
2282 2734 2318 2771 5¹¹
2343 2735 2487 2777 stiloni-

1471 2795 1536 2834 bus
1560 2798 1816 2847 campestribus
1835 2794 1958 2848 rustici·
1973 2790 2117 2845 faciunt:
2147 2786 2300 2842 QATAN-
2443 2841 2448 2847 ι

1521 2847 1541 2885 8
1570 2849 1816 2899 Aliquantum
1830 2846 1982 2893 frigorts.
1996 2839 2012 2887 ]
2027 2836 2339 2895 ‚Oflctiliunculac
2352 2848 2393 2874 ac
2406 2840 2489 2880 alie-

381 2887 539 2932 tilicum·,
569 2892 636 2930 lstd.
659 2893 746 2931 Vtt.
765 2895 902 2943 gentile.
939 2897 1170 2938 Veterrimus
1192 2912 1279 2939 cum
1304 2902 1406 2942 Aldo
1466 2900 1623 2938 nationis
1643 2901 1863 2936 animorum.
1903 2894 1954 2930 Ita
1977 2900 2073 2928 enim
2089 2888 2235 2935 frlssoffl
2270 2889 2342 2926 ΓΗΘ
2367 2891 2489 2939 frigu-

383 2939 608 2991 (qentiliiium
624 2970 634 2984 ,
663 2945 765 2991 quod
790 2948 1012 2986 vocabulum
1037 2961 1081 2988 ex
1104 2951 1312 3000 Cicerone,
1342 2954 1407 2994 Li-

379 2996 444 3023 vio
469 2990 505 3023 &
527 2991 597 3027 aliis
619 3002 751 3029 notum
776 2994 846 3032 esse
872 2998 991 3036 debet.

1469 3000 1513 3037 ad
1534 2998 1738 3046 Augustum
1766 2995 1928 3033 Suetonii
1952 3004 2029 3040 cap.
2058 2991 2197 3029 LXVI.
2221 2994 2257 3029 ἃ
2298 2994 2486 3033 Lex-inum

431 3048 448 3084 3
483 3041 656 3087 Municeps
689 3046 868 3089 Propertii.
895 3047 909 3093 Ἰ
962 3051 1018 3086 Ex
1053 3052 1231 3093 Mevania
1264 3057 1404 3105 oppido
1471 3049 1715 3085 'soi-rentium
1737 3047 1869 3084 ibidem
1900 3074 1909 3086 ,
1938 3045 2025 3082 item
2049 3042 2092 3080 :td
2118 3043 2259 3082 Claudii
2283 3056 2357 3094 cap.
2384 3043 2492 3089 XLI.

377 3081 579 3136 Umbriae,
608 3092 718 3140 patria
741 3093 928 3145 Propertii.
955 3099 1125 3148 Papinius
1146 3106 1184 3143 iu
1208 3107 1325 3157 Sylvis

1469 3098 1496 3136 B
1512 3111 1535 3135 υ
1551 3109 1572 3136 c
1588 3109 1612 3136 H
1627 3109 1650 3135 Ν
1664 3110 1684 3136 ε
1700 3109 1737 3135 rt.
1766 3095 1863 3137 Vide
1889 3095 2013 3135 Celeb.
2034 3096 2232 3135 Burmann.
2253 3095 2296 3135 :td
2310 3097 2486 3187 Quinfilg.

2445 3160 2453 3186 1
2478 3174 2487 3186 .

1459 2950 1552 2998 sculi
1586 2962 1661 2986 vox
1694 2946 1887 2996 aliquando
1910 2942 2069 2980 sumitur.
2109 2940 2204 2978 Vide
2230 2941 2504 2990 Cxtlhtibonutn,
2559 2977 2561 2981 .
