2616 3686
251 237 354 291 75²-

494 208 1012 265 C.-PL1N11
1081 195 1594 251 CAECILII
1651 170 2192 250 ‘SECUNDI

265 297 622 372 dastrt'bnamus
649 292 757 347 illos
777 293 828 342 in
851 284 1201 358 ecmm‘msterz'a
1217 320 1232 344 ‚
1274 294 1398 351 quae
1423 291 1518 328 non
1549 271 1687 348 longe
1711 292 1740 326 a
1761 290 1913 348 poena
1920 274 2046 344 stm,
2091 281 2262 334 Solent
2283 282 2412 333 enim

273 372 513 450 qjuimodt
548 376 564 402 ¹
604 369 671 423 ad
697 365 944 420 balineum
969 405 983 426 ,
1025 360 1090 414 ad
1106 359 1432 432 purgationes
1467 349 1748 404 cloacarum
1775 390 1791 416 ,
1842 354 1962 406 item
1983 359 2279 412 munitiones
2298 374 2415 408 vm.

273 468 420 514 rum,
463 447 517 506 {5
544 449 775 500 vicorum
806 438 939 494 dari.

535 594 709 650 XLII.

789 586 1066 646 XXXIV.
1143 581 1596 637 PLINIUS
1670 576 2176 647 TRAJANO,

345 749 427 805 Ob
449 743 728 802 incendium
754 737 1083 813 vastiffimum
1105 727 1431 787 Nicomediae
1436 725 1648 801 fabrum
1675 739 1837 783 monet
1860 728 2250 801 constituendum
2272 733 2359 806 effe

1069 807 1323 880 collegium
1331 801 1631 878 fabrorum.

443 970 498 1026 U
515 991 559 1026 M
600 966 862 1024 diversam
875 975 1084 1038 partem
1101 956 1410 1031 provinciae
1437 953 1785 1008 circumirem
1799 958 1844 1016 ‚²
1869 953 2227 1011 Nicomediae
2251 957 2425 1014 vastis-

250 1104 260 1111 ,
288 978 426 1120 C
445 1046 635 1101 simum
662 1041 974 1100 incendium
1000 1036 1190 1092 multas
1211 1034 1549 1106 privatorum
1584 1028 1810 1091 domos,
1837 1027 1890 1080 &
1921 1027 2032 1082 duo
2056 1030 2272 1099 publica
2296 1050 2424 1105 ope·

245 1146 374 1198 2ra,
414 1138 720 1198 quanquam
744 1119 828 1174 via
841 1113 1220 1185 interjacente,
1265 1103 1598 1161 Gerusian&
1623 1109 1638 1137 ⁸
1661 1101 1798 1159 lffon
1815 1101 2118 1177 absumpsit.
2159 1105 2229 1161 Et
2243 1121 2422 1163 autern

2273 1182 2431 1240 latius

286 1315 419 1355 sterum
437 1314 545 1352 licere
564 1312 661 1351 bene
680 1311 819 1361 sperare
844 1337 855 1355 ,
896 1303 1131 1358 quantumvis
1150 1307 1235 1339 ante
1256 1297 1326 1337 dis·
1390 1295 1521 1342 fuerit,
1549 1308 1628 1336 non
1649 1307 1766 1346 aeque
1785 1295 1884 1334 dieu
1906 1294 2008 1334 facile
2028 1294 2078 1333 est
2100 1322 2111 1340 ,
2145 1295 2209 1335 nisi
2233 1305 2406 1346 putemus

268 1368 402 1409 xsolute
429 1376 470 1402 ac
497 1365 666 1414 nequiter
695 1366 733 1400 ὅς
762 1361 953 1400 criminose
988 1353 1153 1394 vivendo
1182 1361 1326 1402 poenae
1391 1348 1516 1385 locum
1538 1347 1724 1398 quendam
1748 1359 1768 1384 a
1802 1347 2033 1385 similitudine
2062 1347 2108 1384 ita
2143 1356 2318 1387 vocaturn
2346 1329 2434 1400 por’.

289 1418 395 1456 alicui
413 1416 446 1453 se
467 1415 673 1453 obnoxium
697 1412 836 1452 fecerit.
858 1412 887 1447 R
901 1424 915 1447 1
937 1424 946 1446 ι
967 1420 1064 1445 TER
1081 1416 1095 1443 s
1109 1417 1132 1442 Η
1147 1417 1169 1441 υ
1185 1415 1211 1441 s,

345 1480 379 1506 1.
405 1467 469 1503 Ad
504 1465 678 1503 balineum
703 1492 713 1508 ,
750 1463 800 1499 ad
835 1461 1053 1512 purgationes
1088 1452 1321 1503 cloacarum]

290 1518 443 1556 Horum
471 1528 647 1565 generum
681 1513 873 1552 ministerIa
898 1511 1000 1560 operis
1025 1507 1152 1558 publici
1171 1505 1325 1544 nomine

292 1570 433 1608 Paullus
453 1567 614 1606 adducsto
635 1565 756 1616 paullo
780 1572 864 1602 ante
893 1565 978 1601 loco
995 1559 1172 1607 intelligit.
1226 1556 1327 1594 Nam

294 1621 387 1659 inter
408 1620 577 1658 minimas
609 1628 743 1667 poenas
771 1625 849 1666 opus
870 1613 1048 1664 publicum
1079 1606 1261 1650 recenset;
1291 1607 1328 1643 ὅ(

296 1673 432 1710 Noster
450 1670 640 1709 ministeria
662 1668 722 1706 ista
742 1678 820 1705 non
836 1668 979 1714 longea
1001 1672 1120 1710 poena
1139 1655 1256 1697 abeffe
1278 1657 1331 1695 di·

299 1725 357 1762 cit.
413 1723 469 1759 Eo
504 1719 715 1759 referendae
750 1728 902 1767 quoque
945 1711 1144 1751 munitiones
1183 1710 1328 1747 viarum

297 1773 397 1812 sunt:
426 1782 652 1823 quamquam
676 1769 869 1807 Suetonius
886 1767 977 1804 inter
996 1763 1176 1812 graviores
1197 1760 1333 1799 referre

299 1824 463 1864 videatur
483 1822 642 1871 Caligula
665 1831 741 1868 cap.
760 1818 923 1858 XXVII.
950 1817 975 1852 Β
988 1827 1010 1851 u
1025 1826 1047 1852 c
1062 1825 1083 1850 Η
1100 1826 1124 1850 u
1141 1824 1160 1849 ε,
1173 1824 1212 1850 rt.

351 1888 387 1914 2.
418 1872 670 1921 Nicomediae]
701 1871 807 1908 Urbis
829 1867 1027 1918 praeclarae
1047 1865 1085 1903 in
1105 1862 1238 1902 intimo
1256 1860 1334 1899 sinu

302 1925 505 1976 Bithyniae.
534 1924 663 1961 CATA
677 1936 712 1960 N.
1099 1942 1101 1944 -

359 1990 392 2029 3.
421 1975 542 2026 Iffimst
568 1973 667 2012 Vide
687 1985 731 2010 an
749 1969 946 2021 tegendum
967 1996 977 2013 ,
1019 1967 1151 2017 Isaeum
1167 1993 1177 2008 ‚
1202 1961 1239 2001 id
1263 1961 1336 2006 est,

304 2027 512 2076 Templum
536 2024 633 2064 Isidis
656 2037 665 2063 ε
694 2023 781 2062 sicut
802 2029 1006 2070 Serapaeum
1030 2047 1040 2062 ,
1074 2015 1254 2064 templum
1274 2014 1338 2051 Se-

306 2079 434 2130 rapIdis
448 2106 459 2123 ‚
485 2089 578 2127 quae
603 2077 703 2114 Dion
723 2075 760 2112 in
780 2075 852 2112 vita
873 2073 953 2110 Titi
978 2068 1148 2107 meminit
1168 2064 1339 2104 incendio

307 2131 504 2178 absumpta.
531 2127 677 2177 quidam
701 2125 786 2175 1ff0⁷2
806 2131 934 2173 putant
961 2119 1166 2159 aedificium
1190 2114 1340 2164 quadra.-

309 2191 390 2221 tum
423 2180 557 2218 habens
588 2178 681 2227 paria
713 2177 823 2214 latera
847 2202 858 2218 ‚
894 2173 951 2212 atii
977 2171 1082 2210 instar
1110 2167 1192 2205 circi
1213 2165 1343 2214 pariter

312 2233 497 2280 utrimque
524 2229 661 2268 distans.
684 2227 763 2265 sunt
783 2226 845 2275 qui
873 2225 995 2273 legant
1025 2218 1180 2270 Hyffim,
1214 2217 1341 2255 locum

311 2284 442 2323 scilicet
474 2279 676 2318 certaminis
700 2306 710 2322 ‚
758 2278 840 2326 quia

315 2334 404 2373 loz
419 2346 460 2371 M.
493 2330 672 2376 Geruliam
700 2340 743 2368 er
772 2327 878 2378 Jffum
895 2321 1104 2375 absumsit.]
1144 2320 1234 2357 Duo
1254 2319 1346 2358 haec

318 2396 430 2434 opera
458 2383 594 2432 publica
618 2409 627 2424 ‚
666 2391 759 2429 quae
790 2377 1031 2417 Nicomediae
1061 2372 1231 2410 fortuitus
1250 2369 1347 2406 casus

317 2435 473 2475 incendii
495 2430 713 2480 consumpfit
735 2459 746 2472 ‚
773 2440 954 2479 quaenam
981 2426 1116 2464 fuerint
1134 2450 1146 2467 ‚
1180 2419 1347 2458 confide-

318 2488 458 2526 ratione
479 2484 629 2533 dignum
654 2482 715 2520 est,
741 2479 883 2528 Gerusia
904 2479 972 2516 fuit
989 2473 1282 2525 γεροντοκομιῖον,
1309 2478 1349 2508 ut

318 2538 530 2586 justinianus
549 2541 655 2572 vocat
675 2534 711 2571 in
735 2533 824 2581 Leg.
844 2531 940 2567 XIX.
964 2527 1057 2565 llud.
1090 2522 1350 2572 Legxxxu.

318 2590 509 2628 sancimus.
535 2586 578 2623 C.
599 2586 644 2623 de
667 2583 788 2621 sacros.
819 2582 948 2620 Eccles.
966 2620 969 2621 ⁷
987 2579 1026 2616 Id
1049 2577 1099 2617 est
1118 2576 1220 2614 locus
1240 2602 1250 2618 ,
1287 2573 1348 2611 ubi

320 2640 491 2678 homines
510 2637 609 2675 senio
631 2634 792 2674 eonfeffi
815 2635 853 2671 δε
875 2631 1029 2680 egestate
1051 2627 1155 2677 prem
1176 2653 1186 2670 ,
1212 2625 1275 2675 qui
1297 2625 1350 2661 vi-

871 2276 971 2315 ὑπὶς
997 2272 1132 2310 hastam
1159 2265 1347 2316 fignificet.

1394 1407 1450 1456 tus
1476 1400 1567 1438 circa
1590 1400 1887 1447 Trapezuntem,
1917 1398 1981 1447 qui
2000 1398 2157 1437 Ptolem.
2197 1399 2338 1438 Arriani
2364 1407 2433 1439 t’e-

1394 1449 1486 1499 npto
1509 1451 1610 1493 idn-04
1631 1451 1690 1488 vel
1713 1450 1836 1498 Hyffut
1856 1457 2018 1485 vocatur.
2045 1447 2115 1485 Sed
2135 1450 2193 1487 cui
2216 1451 2316 1496 usui,
2346 1451 2369 1489 fi
2392 1453 2433 1491 fit

1396 1512 1492 1558 opus
1515 1502 1699 1551 publicum
1715 1500 1784 1538 ?ld
1810 1510 1900 1536 vero
1922 1499 2040 1537 dicere
2061 1510 2136 1536 non
2157 1499 2287 1539 habeo.
2315 1504 2432 1550 Quod

1395 1554 1420 1588 11
1443 1551 1582 1600 publica
1604 1552 1713 1604 fuerit
1737 1551 1871 1589 domus
1893 1549 2134 1588 Nicomediae
2160 1550 2206 1588 ad
2227 1552 2332 1591 aliam
2352 1566 2438 1603 per-

1393 1604 1513 1660 tinens
1532 1603 1716 1642 civitatem
1731 1630 1742 1647 ‚
1783 1611 1877 1651 quae
1897 1601 2122 1638 Ptolomaeo
2142 1602 2191 1639 est
2204 1601 2317 1647 ''reo-04
2349 1605 2435 1655 Jffus

1394 1665 1433 1692 in
1454 1653 1576 1693 Cilicia
1589 1682 1598 1698 ,
1613 1652 1710 1691 unde
1735 1651 1830 1690 linus
1851 1653 1962 1703 Jfficus
1982 1664 2002 1689 a
2021 1652 2135 1690 Plinio
2158 1652 2297 1692 dicitur.
2322 1656 2434 1695 Tales

1395 1712 1521 1762 autern
1562 1705 1699 1743 domos
1729 1704 1879 1743 aliarum
1914 1704 2105 1741 nationum
2135 1704 2173 1740 &
2199 1705 2341 1744 urbium
2367 1733 2378 1750 ,
2413 1719 2434 1746 a

1397 1757 1526 1814 quibus
1544 1757 1761 1806 plerumque
1779 1753 2060 1804 appellationem
2081 1754 2278 1803 recipiunt,
2298 1759 2334 1796 in
2354 1768 2434 1795 ma-

1395 1818 1472 1855 gnis
1493 1807 1634 1864 urbibus
1656 1806 1804 1857 reperiri
1824 1805 1949 1844 nostro
1972 1805 2081 1843 etiam
2102 1814 2271 1854 tempore
2293 1835 2304 1851 ,
2341 1808 2436 1848 testis

1397 1859 1620 1908 experientia
1642 1858 1702 1896 est.
1729 1857 1784 1895 Sic
1808 1856 1970 1895 Veneriis
1994 1858 2115 1894 domus
2135 1858 2343 1895 Germanica
2363 1859 2435 1898 est:

1400 1909 1447 1946 fic
1467 1909 1549 1966 alibi
1569 1909 1669 1947 aliae.
1723 1909 1805 1946 Nec
1829 1908 1876 1946 est
1903 1907 2006 1957 quod
2027 1915 2198 1956 putemus
2219 1937 2230 1953 ,
2269 1909 2344 1948 heri
2372 1920 2436 1949 aut

1400 1960 1530 2017 nudius
1546 1961 1670 1998 tertius
1691 1987 1701 2002 ‚
1729 1959 1830 2008 quod
1853 1959 1980 1997 dicitur
2000 1987 2011 2003 ,
2037 1959 2109 1996 hoc
2128 1959 2329 1999 institutum
2349 1972 2439 1999 coe·

1400 2009 1488 2069 pisse
1513 2039 1524 2054 ,
1562 2011 1664 2061 quod
1693 2009 1741 2047 fic
1756 2012 1835 2059 jam
1857 2011 1944 2048 olim
1967 2010 2035 2047 fuit
2052 2019 2258 2059 receptum,
2310 2012 2438 2061 Atque

1402 2062 1485 2099 hinc
1509 2060 1570 2106 fit,
1594 2070 1633 2100 ut
1656 2070 1779 2111 putem
1796 2089 1806 2104 ,
1837 2071 1905 2098 nec
1927 2061 2022 2099 illam
2044 2061 2196 2111 quidem
2208 2062 2408 2101 lefflionem
2425 2091 2438 2108 ,

1402 2111 1546 2170 Jffaeunp
1559 2141 1568 2157 ,
1599 2124 1693 2162 quae
1713 2114 1749 2150 in
1771 2112 1931 2160 margine
1952 2110 2000 2148 est
2021 2120 2194 2151 annotata
2214 2140 2226 2157 ,
2250 2114 2433 2164 rejiculam

1402 2162 1473 2201 esse
1492 2176 1500 2202 ε
1530 2175 1609 2219 imo
1635 2172 1671 2202 ut
1696 2164 1804 2201 etiam
1826 2161 2201 2201 accommodatissima
2221 2164 2334 2203 videri
2357 2163 2436 2214 pos-

1402 2212 1475 2253 fit:
1515 2213 1657 2271 Jffaeum
1693 2213 1776 2252 dico
1806 2213 1851 2250 ab
1878 2212 1948 2251 lffo
1980 2213 2026 2251 ita
2056 2214 2261 2253 formatum
2280 2215 2369 2254 ficut
2391 2214 2434 2251 ab

1403 2265 1557 2303 Athenis
1589 2263 1815 2303 Athenaeum
1835 2292 1845 2308 ‚
1882 2265 1920 2302 δε
1950 2263 1995 2301 ab
2025 2266 2098 2303 aliis
2115 2265 2252 2305 fimilia.
2302 2266 2430 2303 Parum

1402 2323 1527 2354 autem
1551 2317 1693 2355 interest
1716 2343 1727 2358 .
1756 2323 1877 2353 utrum
1901 2315 1945 2352 ab
1972 2313 2035 2365 Isso
2055 2317 2124 2365 ipsa
2147 2345 2158 2362 ,
2195 2328 2242 2355 an
2261 2318 2296 2354 in
2313 2316 2435 2353 hono-

1400 2376 1482 2405 rem
1502 2366 1609 2415 ipfius
1636 2368 1822 2406 civiumve
1855 2365 2020 2417 ejusdem
2054 2378 2074 2405 a
2103 2365 2435 2407 Nicomediensibus

1406 2417 1611 2476 eiitruefium
1635 2418 1739 2456 fuerit
1761 2418 1835 2457 hoc
1853 2415 2058 2456 aedificium
2076 2419 2258 2467 publicum
2279 2414 2325 2453 ad
2346 2417 2434 2454 reci-

1405 2469 1556 2528 piendos
1581 2468 1697 2518 Iffaeos
1717 2469 1896 2518 hospites,
1915 2479 2094 2506 eorumve
2114 2466 2348 2506 mercimonia
2367 2468 2435 2504 ini-

1402 2519 1436 2559 bi
1466 2520 1685 2560 collocanda.
1737 2521 1865 2569 Atque
1893 2519 1982 2557 haec
2013 2518 2209 2557 observatio
2230 2545 2240 2561 ,
2274 2528 2322 2555 ne
2346 2517 2434 2566 quid

1379 2603 1381 2607 .
1404 2571 1562 2611 alienum
1585 2572 1623 2610 in
1642 2583 1785 2609 armum
1808 2571 1946 2618 legam.
1961 2568 2108 2607 debetur
2125 2568 2345 2606 ornatiffimo
2367 2567 2434 2606 do·

1407 2621 1520 2660 {trina
1541 2623 1578 2660 &
1602 2622 1732 2660 virtute
1751 2622 1877 2671 juveni
1896 2619 2044 2658 Tobiae
2065 2617 2219 2656 Adami:
2247 2618 2349 2667 quod
2371 2619 2435 2657 illi·

324 2692 424 2730 &um
447 2688 506 2728 fibi
524 2700 587 2737 per
607 2694 762 2725 aetatem
791 2685 941 2732 amplius
970 2690 1143 2732 quaerere
1170 2688 1247 2714 non
1269 2674 1354 2725 pos·
1405 2673 1524 2712 berale
1547 2671 1667 2712 fuisset
1693 2673 1921 2712 dissimulare.
1971 2669 2041 2708 Sed
2065 2669 2154 2706 haec
2177 2668 2236 2705 ubi
2262 2680 2435 2708 commu·

321 2743 400 2782 sent
422 2770 432 2786 ,
457 2741 598 2788 reliquo
624 2740 718 2777 vitae
738 2744 906 2785 tempore
927 2735 1116 2772 alerentur.
1166 2726 1354 2766 Vitruvius
1381 2758 1384 2767 ,
1407 2724 1581 2763 nicaflem
1598 2725 1778 2772 'Collegae
1799 2719 2016 2761 honorando
2039 2717 2144 2757 Mich.
2165 2719 2335 2769 Virdungo
2357 2721 2435 2769 (cu.

326 2794 362 2831 id
382 2793 484 2831 nobis
504 2790 636 2829 indicat
656 2818 667 2833 ‚
703 2789 803 2839 cujus
838 2786 946 2825 verba
976 2785 1065 2823 haec
1091 2781 1172 2820 sunt
1201 2779 1283 2817 Lib.
1306 2777 1354 2815 II.
1381 2772 1385 2820 1
1404 2776 1465 2825 jus
1484 2787 1594 2825 quam
1616 2775 1657 2813 fit
1676 2773 1772 2824 apud
1795 2784 1856 2811 me
1876 2770 2075 2808 aestimatio
2095 2798 2104 2810 .
2143 2769 2180 2807 in
2210 2772 2435 2818 praefatione

328 2855 405 2891 cap.
424 2845 528 2882 Vm.
555 2840 667 2888 Croess
686 2841 946 2890 domus‚quam
965 2833 1131 2873 Sardiani
1149 2830 1283 2869 civibus
1303 2829 1353 2865 ad
1385 2831 1389 2879 Ἀ
1411 2838 1495 2865 mea
1516 2826 1560 2864 ad
1583 2826 1704 2862 fratres
1725 2823 1822 2861 Nob.
1846 2819 2129 2865 Burg¹‹sdorffios
2146 2819 2255 2870 dixi.)
2282 2827 2338 2859 De
2358 2823 2436 2862 Ge.

329 2894 598 2943 nquiescmdum
617 2892 744 2930 aetatis
765 2891 830 2929 otr'o
850 2919 862 2935 ,
889 2888 1065 2939 seniorum
1087 2883 1219 2932 collegio
1236 2881 1357 2919 Geru-
1387 2880 1390 2902 ³
1413 2879 1502 2916 rusla
1521 2877 1679 2926 quidem,
1708 2874 1824 2922 inquit
1845 2899 1855 2916 ,
1881 2870 2039 2920 assentior
2059 2870 2234 2918 dofflffimo
2254 2874 2409 2913 Adamio
2430 2902 2440 2910 .

332 2943 416 2982 stam
444 2944 704 2981 dedicaverunt,
755 2942 851 2980 Alias
871 2943 1025 2987 γιξδφίιι
1044 2936 1143 2975 idem
1164 2940 1239 2972 erat
1260 2930 1357 2981 apud
1416 2933 1472 2967 De
1488 2928 1559 2966 Iffo
1579 2927 1636 2963 vel
1658 2921 1777 2969 Hvffo
1797 2935 1882 2973 quae
1901 2922 2039 2966 adfert,
2066 2923 2180 2959 minus
2193 2922 2339 2972 placent.
2373 2913 2437 2965 Sass

330 2994 526 3052 Spartanos·
546 3021 557 3037 ‚
583 2994 684 3042 quod
708 2994 854 3030 Romae
882 2997 1026 3028 Senatus
1045 3015 1055 3032 .
1092 2998 1111 3024 a
1134 2983 1281 3023 Senibus
1309 2981 1357 3019 sic
1415 2981 1483 3018 tius
1504 2988 1592 3016 certe
1609 2973 1816 3029 existimem,
1844 2983 1884 3010 ut
1904 2971 2021 3009 Iseum
2045 2972 2215 3022 legamus,
2242 2975 2441 3025 interprete-

332 3045 438 3084 dieta.
465 3044 642 3081 Aristotel.
682 3043 820 3082 Lib.11.
855 3042 959 3079 Potit.
978 3052 1057 3088 cap.
1078 3036 1166 3073 VII.
1195 3033 1270 3084 Jffin
1290 3044 1354 3069 au·
1413 3042 1557 3078 murque
1576 3026 1701 3063 fanum
1725 3023 1960 3073 Isidis,quam
1981 3034 2019 3060 ut
2043 3026 2072 3058 ἐι
2095 3026 2209 3061 σκότει
2230 3027 2442 3077 ρἐμβόμεῃη,

331 3104 407 3136 tem
422 3123 433 3142 .
460 3094 519 3133 vel
538 3120 548 3136 ‚
578 3101 616 3132 ut
639 3094 693 3133 alii
711 3093 863 3132 scribunt
880 3091 1022 3130 codices
1042 3117 1054 3136 ,
1081 3085 1199 3136 Hyffiis
1217 3111 1229 3132 ,
1264 3081 1352 3134 quid
1412 3081 1543 3119 incerta
1564 3074 1870 3132 cymminismmurg
1914 3073 1974 3114 De
2006 3075 2072 3124 Iseo
2092 3074 2129 3115 ὃ(
2154 3082 2291 3127 Serapeo
2315 3089 2334 3114 a
2358 3078 2440 3117 Do.

2284 3137 2436 3173 mmano
