2616 3686
321 203 1640 281 72'C.PL1N11CAECI·L11
1703 204 2237 261 SECUNDI.

325 289 586 352 ostentat,
622 305 691 343 ex
714 303 727 323 ¹
757 288 966 351 nostris,
1007 300 1024 318 ²
1048 285 1429 344 Gracchorum
1455 290 1469 316 ³
1495 282 1858 354 Catonisque,
1893 300 2126 356 quorum
2151 286 2271 341 sane
2295 289 2415 358 plu-J

330 368 495 417 rimae
523 361 638 416 sunt
664 360 1009 416 circumcisae
1034 361 1085 414 &
1115 360 1321 414 breves,

1399 357 1520 426 Ego
1544 354 1733 425 Lysiae
1755 372 1772 398 ⁴
1800 357 2225 424 Demosthenen,
2264 363 2276 390 ⁵
2306 366 2415 415 Ae-

327 435 544 488 schinen
567 475 583 500 ‚
618 448 636 471 ⁶
667 433 1016 504 Hyperiden,
1044 431 1343 502 multosque
1378 442 1650 499 praeterea
1678 444 1690 480 :
1729 426 1993 483 Gracchis
2020 465 2037 491 ,
2098 429 2150 482 &
2188 432 2415 495 Catoni,

326 506 344 532 ⁷
369 506 702 571 Pollionem,
739 521 756 547 ⁸
784 506 1095 569 Caesarem,
1132 509 1150 533 ⁹
1177 502 1424 557 Caelium
1454 540 1471 566 ,
1516 499 1775 571 imprimis
1811 498 1844 526 ¹⁰
1881 499 2137 556 Marcum
2171 501 2414 561 Tullium

2250 590 2420 648 oppo-

331 722 362 758 ti
385 730 496 770 quarn
521 729 659 766 magno
682 716 825 756 flumini
857 719 1019 767 propior.
1072 714 1199 753 Habet
1230 721 1355 754 autem
1395 710 1790 769 sthene‚&Aeschine
1801 711 1886 750 vide
1899 712 2041 751 Aelian.
2071 711 2428 769 Lib.VIII.VariatL

333 777 479 809 textum
514 780 664 807 tenuem
699 777 811 817 atque
843 779 975 806 talum.
999 767 1161 806 maxima
1182 766 1220 803 in
1243 779 1290 805 eo
1314 766 1362 804 est
1399 761 1521 800 histor.
1543 773 1620 811 cap.
1647 776 1700 801 12.

332 823 442 870 gratia
476 819 642 869 simplicis
676 818 1016 868 atqueinaffed‘tati
1050 816 1182 855 coloris
1207 845 1217 862 ,
1270 815 1359 855 fides

333 872 473 909 sllm'lla
500 885 507 908 :
548 869 720 908 scribebat
753 870 826 908 aliis
853 898 862 914 ‚
890 882 968 908 non
991 870 1064 920 ipse
1088 868 1238 906 dicebat.
1263 867 1289 904 si
1313 880 1358 906 ex

334 923 411 970 ejus
435 923 603 959 oratione
626 920 780 957 verbum
805 920 954 970 aliquod
979 919 1104 958 demas
1128 946 1138 963 ,
1163 919 1333 957 mutesve
1349 946 1359 963 ‚

333 981 443 1022 atque
468 971 503 1009 id
527 969 825 1009 commodillime
850 971 955 1009 facias
980 999 990 1016 ,
1029 970 1074 1008 de
1099 969 1274 1007 sententia
1307 978 1359 1007 ta-

332 1033 422 1059 men
455 1022 650 1061 detraxeris
675 1035 683 1059 :
724 1023 762 1059 δε
786 1030 927 1071 praeter
950 1021 1081 1059 Suidae
1105 1049 1115 1065 ‚
1154 1020 1334 1068 Diogenis
1349 1048 1360 1064 ,

334 1071 432 1111 Fabii
457 1075 496 1112 ὅ(
519 1074 625 1112 Gellii
650 1071 900 1110 testimonium
925 1101 935 1117 ,
976 1073 1031 1109 M.
1057 1070 1202 1109 Tullius
1236 1071 1282 1108 de
1317 1083 1361 1108 o-

333 1123 453 1173 ptimo
487 1136 620 1173 genere
654 1132 868 1168 oratorum,
895 1131 1049 1161 tenuem
1061 1131 1166 1160 notat
1179 1119 1360 1170 Lysiam,

334 1175 418 1223 quia
443 1177 481 1213 &
504 1177 657 1224 privatas
672 1203 681 1219 ‚
711 1175 750 1212 δε
772 1185 967 1222 ρηπάγωῃ
991 1185 1114 1211 rerum
1128 1172 1246 1211 causas
1279 1173 1362 1211 scri-

332 1223 425 1273 psit,
454 1226 538 1264 inde
557 1226 721 1275 jejunior
745 1223 814 1262 else
836 1225 992 1263 videtur.
1031 1226 1136 1262 Plato
1160 1223 1360 1262 secundum

331 1275 568 1315 Piutarchum
604 1279 640 1315 in
676 1275 786 1324 Lysia
819 1277 1079 1314 inventionem
1116 1278 1154 1314 &
1187 1274 1357 1312 ordinem

331 1327 560 1375 improbabat
574 1357 583 1373 ,
611 1328 879 1364 accusationem
905 1329 944 1365 ὃ(
967 1326 1167 1364 verborum
1189 1323 1359 1373 splendo-

331 1387 409 1416 tetn
435 1389 476 1415 ac
498 1390 656 1417 acumen
678 1377 855 1417 laudabat.
883 1378 1037 1416 CATAN.

382 1440 397 1466 1
432 1428 604 1477 Nostris.]
634 1429 776 1468 Latinis
798 1429 1011 1466 oratoribus.
1051 1427 1165 1466 IDEM.

379 1490 400 1515 2
431 1479 710 1529 Gracchorum]
761 1480 846 1516 Caii
874 1479 915 1516 ὃς
948 1478 1071 1518 Tiberii
1105 1479 1257 1516 fratrum
1279 1479 1357 1517 trib.

326 1529 375 1580 pl.
400 1540 524 1580 aperte
549 1540 729 1581 quantum
743 1529 900 1568 dicendo
912 1537 1069 1578 uterque
1085 1530 1246 1573 valeret,
1272 1530 1356 1567 Plu-

326 1582 468 1619 tarchus
501 1584 538 1620 iu
570 1583 651 1620 vitis
685 1580 890 1620 eorundem
925 1580 1088 1618 ostendit.
1140 1581 1359 1629 Praecipuus

327 1632 380 1670 sui
402 1635 577 1683 temporis
602 1641 724 1670 orator
748 1632 816 1670 fuit
839 1637 879 1669 C.
911 1630 1092 1669 Gracchus
1116 1631 1357 1669 Citonesane

328 1683 496 1731 plenior,
526 1685 564 1723 δε
603 1684 748 1724 uberior
793 1682 994 1721 secundum
1035 1682 1155 1721 Tacit.
1196 1684 1235 1720 ὃς
1273 1681 1356 1720 Fab.

331 1732 447 1773 IDEM.

379 1798 397 1835 3
431 1784 629 1834 Catonis]
681 1785 865 1835 Censorini
888 1815 897 1831 ‚
936 1796 1049 1836 quem
1084 1785 1253 1835 quamvis
1278 1796 1355 1822 non

327 1846 546 1875 contentum
562 1837 772 1886 eloquentia
784 1838 834 1874 sui
844 1839 1022 1885 temporis
1037 1864 1047 1881 ,
1077 1837 1115 1874 &
1139 1837 1355 1874 Romanum

326 1887 623 1926 Demosthenem
649 1885 789 1924 dictum
815 1915 825 1931 ‚
854 1887 989 1925 Cicero
1012 1896 1228 1924 tamennon
1253 1896 1356 1936 putat

327 1939 560 1977 imitandum.
616 1939 713 1976 Nun
747 1938 869 1975 omnis
902 1939 1042 1987 generis
1077 1938 1288 1988 orationes,
1316 1939 1354 1977 &

327 2000 396 2039 pro
418 1992 453 2029 sc
478 1991 630 2034 multas,
662 1991 700 2026 ὃ(
723 2000 791 2038 pro
813 1989 885 2027 aliis
909 2017 922 2033 ‚
949 1990 989 2026 &
1012 1991 1050 2027 in
1071 1989 1159 2026 alios
1184 1987 1328 2038 reliquit
1343 2019 1353 2035 ,

326 2051 406 2078 non
441 2042 557 2080 solum
590 2039 795 2079 accusando
817 2068 827 2084 ‚
875 2039 936 2078 sed
957 2041 1066 2078 etiam
1092 2038 1249 2078 dicendo
1274 2039 1354 2079 fati-

327 2100 414 2138 gans
437 2093 614 2132 inimicos.
669 2091 815 2129 Illarum
849 2091 952 2140 saepe
985 2092 1157 2129 memInit
1191 2090 1353 2136 Gellius;

1449 810 1473 848 6
1502 810 1706 864 Periclem]
1735 813 1899 862 Quidam
1910 814 2037 863 legunt
2051 814 2258 863 Hyperidem
2273 844 2282 859 ‚
2310 814 2323 860 (
2336 825 2423 854 nam

1399 864 1544 912 utrique
1576 863 1709 903 summi
1743 864 1892 902 fuerunt
1925 875 2087 903 oratores
2119 864 2304 914 <fortasse
2326 866 2426 904 dueti

1399 912 1612 952 testimonio
1635 915 1852 962 Quintiliani
1878 915 1958 952 Lib.
1981 915 2070 960 XII,
2093 915 2297 954 scribentis:
2327 918 2426 955 Peri-

1401 962 1461 1000 clis
1486 963 1700 1014 eloquentiae
1722 965 1824 1002 nulla
1854 966 1904 1010 ad
1931 978 1992 1003 nos
2021 978 2251 1003 monumenta
2279 969 2418 1017 venisse:

1403 1015 1442 1051 &
1463 1026 1542 1052 non
1565 1015 1684 1052 multo
1707 1014 1809 1064 post:
1839 1014 1945 1052 Nihil
1960 1015 2155 1065 posteritati
2181 1018 2426 1070 mansurisque

1401 1078 1484 1102 mox
1505 1064 1616 1102 literis
1637 1065 1805 1116 reliquiffe
1826 1065 2001 1104 Periclem.
2056 1067 2131 1104 Hic
2152 1078 2229 1117 quo
2251 1080 2314 1107 me
2345 1081 2427 1108 ver-

1401 1113 1509 1152 tam?
1537 1127 1622 1153 cum
1657 1117 1711 1153 M.
1746 1117 1797 1154 T.
1821 1116 1902 1153 Lib.
1930 1129 1984 1154 11.
2007 1117 2053 1157 de
2077 1118 2236 1155 Oratore
2257 1119 2429 1168 prodide-

1403 1167 1472 1212 rit,
1499 1167 1751 1217 antiquiffi'mos
1762 1169 1839 1214 fere
1856 1169 1912 1215 effe
1924 1182 1933 1210 ;
1965 1178 2009 1207 (9·
2028 1181 2175 1218 quorum
2198 1169 2330 1218 scrip-ta
2351 1184 2428 1208 con-

1393 1216 1509 1264 stent,
1543 1220 1706 1256 sericlem
1725 1230 1769 1257 ω’
1787 1217 2013 1256 Alcibiadem
2029 1232 2036 1256 ε
2066 1221 2105 1257 &
2127 1219 2173 1259 de
2184 1220 2283 1258 claris
2295 1230 2430 1260 orator.

1403 1279 1487 1306 ante
1509 1269 1674 1307 Periclem
1698 1270 1870 1307 neminem
1891 1272 2071 1320 mandaſje
2088 1271 2320 1308 monumentis
2348 1285 2428 1309 ora-

1404 1319 1543 1356 tionem.
1598 1321 1667 1358 Sed
1701 1331 1778 1357 non
1812 1319 1974 1357 nostrum
2000 1350 2010 1366 ‚
2049 1323 2141 1360 inter
2175 1321 2251 1360 duo
2275 1323 2430 1362 Latinae

1406 1371 1551 1419 linguae
1573 1371 1711 1409 lumini
1730 1370 1910 1420 judicium
1933 1373 2202 1420 interponere,
2241 1384 2327 1410 cum
2351 1374 2432 1412 Lu-

1408 1421 1497 1459 cian.
1519 1423 1557 1460 in
1577 1422 1786 1461 laudatione
1807 1421 2001 1460 Demosth.
2026 1434 2112 1460 cum
2137 1423 2191 1459 M.
2217 1423 2267 1460 T.
2290 1435 2430 1464 conve-

1406 1472 1489 1510 niat.
1545 1474 1732 1522 Hyterides
1763 1482 1854 1510 vero
1889 1471 2120 1512 Atheniensis
2154 1481 2277 1511 orator
2307 1475 2431 1523 postu-

1403 1522 1501 1562 lante
1523 1523 1738 1563 Alexandro
1758 1523 1815 1560 M.
1838 1534 1910 1560 una
1933 1535 2018 1562 cum
2041 1523 2320 1569 Demosthene,
2349 1526 2430 1575 Ly-

1404 1585 1517 1622 curgo
1532 1603 1542 1619 ,
1571 1575 1796 1612 Charidemo
1821 1575 2021 1611 oratoribus
2044 1601 2054 1618 ,
2082 1576 2126 1612 ab
2148 1574 2430 1616 Atheniensibus

1406 1629 1523 1675 capite
1555 1625 1782 1670 damnatur,
1820 1626 1881 1673 qui
1915 1625 2041 1661 mortis
2074 1632 2177 1661 metu
2198 1625 2286 1663 urbe
2300 1626 2428 1665 cessit:

1406 1675 1467 1714 sed
1489 1689 1575 1715 eum
1600 1677 1721 1726 postea
1744 1675 1896 1714 Archias
1917 1674 2021 1712 aeter
2042 1683 2093 1713 tra
2122 1674 2309 1714 oediarum
2344 1688 2430 1717 cum

1408 1727 1444 1764 in
1468 1728 1654 1776 Aeginam
1677 1724 1722 1765 ad
1748 1728 1916 1764 Aeacum
1940 1726 2089 1775 confugi
2122 1735 2157 1765 et
2183 1755 2193 1771 ‚
2221 1725 2427 1766 detradmm

1407 1777 1444 1814 in
1471 1779 1629 1816 Cleonas
1652 1779 1746 1816 misit
1761 1807 1771 1823 ,
1799 1778 1921 1827 ibique
1946 1777 2062 1815 evulsa
2086 1778 2130 1814 ab
2153 1778 2349 1826 Antipatro
2360 1779 2427 1818 lin-

1406 1838 1476 1876 gua
1492 1858 1502 1874 ,
1530 1837 1678 1867 necatus
1702 1830 1760 1867 est.
1815 1827 1898 1866 Fuit
1919 1835 2042 1866 autem
2069 1837 2192 1866 orator
2215 1827 2324 1866 dulcis
2357 1830 2428 1867 im-

1406 1881 1529 1928 primis
1562 1882 1600 1918 &
1633 1889 1757 1920 acutus
1782 1909 1792 1925 ,
1841 1879 1899 1917 sed
1932 1879 2132 1917 minoribus
2156 1877 2265 1917 causis
2287 1887 2328 1917 ut
2350 1891 2428 1918 non

1406 1930 1560 1970 dixeri-m
1594 1931 1714 1969 utilior
1737 1961 1747 1976 ‚
1784 1932 1832 1968 ita
1865 1931 1978 1978 magis
2011 1941 2075 1979 par
2096 1932 2134 1968 in
2156 1929 2212 1967 illa
2236 1931 2428 1977 oratione,

1405 1993 1518 2031 quam
1551 1982 1806 2021 admirabiliter
1842 1982 1914 2030 egit
1946 1992 2013 2029 pro
2046 1981 2194 2028 Phryne
2226 1983 2428 2022 meretrice.

1402 2033 1534 2072 Putant
1557 2045 1638 2072 eam
1659 2031 1819 2071 liberasse
1841 2031 2037 2081 conspeCm
2055 2032 2219 2081 corporis
2251 2031 2433 2088 speciosis-¹

1403 2083 1509 2129 fimi,
1534 2084 1642 2135 quod
1665 2085 1720 2124 illa
1746 2084 1969 2123 revelaverat
1990 2081 2148 2120 deduila
2179 2089 2311 2120 tunica.
2342 2084 2428 2122 CA-

327 2151 510 2191 quantum
546 2155 637 2182 vero
670 2141 879 2191 praestiterit
914 2143 1064 2190 ingenio
1099 2144 1191 2180 circa
1215 2152 1268 2180 res
1292 2154 1356 2190 ge·
1405 2148 1516 2172 TAN·
1545 2137 1636 2173 DUO
1668 2136 1773 2174 MSS·
1806 2133 2043 2184 Hyperidem
2071 2134 2197 2191 ‘Ceteri
2229 2145 2320 2172 VCYO
2354 2142 2429 2185 Hy-

327 2193 481 2239 rendas,
510 2194 535 2232 si
558 2195 637 2244 quis
662 2194 746 2230 scire
769 2191 924 2231 intendit
948 2221 959 2237 ,
986 2193 1081 2240 legat
1103 2199 1245 2241 praeter
1269 2191 1358 2230 Gel-
1395 2186 1562 2236 peridem·
1590 2186 1772 2234 Vulgatsse
1793 2184 1975 2235 quaedam
2000 2183 2176 2221 Periclem.
2212 2183 2315 2234 Ipse,
2341 2197 2427 2224 cum

325 2242 417 2282 liuin
444 2273 454 2289 ‚
504 2246 559 2282 M.
595 2245 682 2283 Tul.
733 2244 793 2281 De
830 2251 975 2281 oratore
1014 2244 1094 2280 Lib.
1119 2242 1185 2280 III.
1210 2242 1294 2279 LiV.
1322 2245 1360 2282 in

326 2293 424 2334 bello
455 2295 599 2334 Maced.
628 2297 668 2334 ὃς
693 2295 871 2333 Plutarch.
901 2306 986 2332 cum
1015 2286 1321 2343 Nepote.''Ii>EM.

378 2360 401 2395 4
429 2345 734 2394 Demosthenem]
766 2344 927 2394 Lysi-ain
954 2344 1112 2383 dicendo
1137 2345 1206 2384 fuit
1231 2346 1360 2394 copio-

329 2393 412 2435 fior.
441 2399 501 2437 De
524 2399 598 2437 hoc
622 2398 677 2435 M.
703 2397 835 2435 Cicero
859 2397 920 2435 De
954 2396 1052 2435 claris
1089 2395 1304 2434 oratoribus
1325 2409 1363 2435 e-

332 2451 454 2498 gregie
476 2451 559 2499 agit.
614 2450 670 2488 Sic
695 2449 733 2487 ὅ(
757 2447 884 2485 Fabius
909 2461 917 2485 z
958 2452 1084 2485 Decem
1108 2446 1217 2496 simul
1245 2446 1362 2484 Athe-

334 2500 389 2535 nis
410 2512 564 2538 oratores
588 2514 733 2548 magnos
752 2509 851 2537 aetus
874 2512 947 2535 una
967 2497 1052 2536 tulit
1068 2528 1077 2542 ‚
1107 2511 1255 2547 quorum
1267 2497 1364 2547 longe

328 2551 486 2600 princeps
516 2551 777 2598 Demosthenes.
807 2561 876 2588 (Jc.
918 2549 1060 2587 IDEM.
1090 2549 1253 2587 Riccard.
1296 2555 1364 2585 De-

334 2601 557 2648 mosthenen,
588 2601 804 2652 Aeschinen,
837 2602 874 2638 8<
898 2612 982 2638 cum
1017 2599 1218 2638 Lindenbr.
1253 2610 1365 2649 porro

275 2661 282 2669 ·
334 2653 543 2702 Hyperiden
594 2655 703 2691 ctiam
754 2651 956 2697 exhibeat,
986 2651 1186 2701 Hyperiden
1213 2662 1366 2701 quoque

334 2703 460 2752 scripsi.
518 2705 614 2743 Vide
640 2704 739 2752 supra
764 2703 808 2741 ad
840 2702 947 2751 Epist.
972 2702 1019 2739 II.
1051 2715 1085 2739 n.
1120 2714 1153 2739 2.
1208 2702 1363 2739 Tentavi

1401 2238 1499 2282 aliis,
1530 2237 1750 2286 Hyperiden,
1777 2236 1994 2274 auctoritate
2019 2235 2342 2282 membranarum,
2371 2249 2425 2275 re-

1403 2288 1529 2337 posui,
1557 2299 1720 2336 eumque
1735 2288 1935 2335 Oratorem
1951 2297 2035 2324 cum
2049 2286 2306 2325 Demosthene
2318 2288 2424 2326 etiam

1404 2338 1548 2377 Tullius
1571 2339 1760 2387 coniungit
1785 2337 1813 2374 I.
1837 2336 1882 2375 de
1905 2337 2008 2375 Orat.
2033 2347 2109 2387 cap.
2132 2336 2236 2375 XIII.
2290 2338 2352 2376 De
2363 2349 2423 2375 eo—

1403 2389 1488 2428 dem
1515 2390 1642 2428 Fabius
1668 2390 1748 2428 Lib.
1774 2389 1819 2426 X.
1846 2400 1922 2438 cap.
1947 2388 1976 2424 Ι.
2001 2389 2134 2426 utiam
2157 2389 2330 2426 Cellarius
2361 2386 2422 2425 ad-

1403 2443 1572 2486 notavit,
1601 2443 1726 2491 qui&
1759 2440 1809 2478 de
1844 2440 1988 2490 reliquis
2024 2439 2199 2478 eumdem
2235 2438 2316 2476 Fab.
2343 2436 2421 2475 Lib.

1404 2491 1487 2530 XII.
1513 2504 1588 2542 cap.
1616 2492 1660 2528 X.
1686 2496 1725 2532 ὃς
1747 2492 1894 2539 Dialog.
1919 2491 1964 2530 de
1994 2491 2098 2528 Orat.
2119 2501 2195 2538 cap.
2218 2486 2339 2543 XVII.
2371 2487 2422 2523 le-

1403 2544 1568 2590 gendum
1596 2540 1667 2581 effe
1694 2550 1836 2581 monet.
1867 2541 1963 2579 Infra
1994 2540 2155 2579 Riccard.
2193 2540 2232 2576 &
2266 2537 2322 2574 alii
2358 2547 2422 2573 ve-

1403 2594 1592 2640 tustiores,
1619 2603 1660 2631 ut
1689 2597 1728 2633 &
1755 2593 1904 2644 quidam
1932 2590 2088 2641 impressi
2117 2587 2300 2643 Copulam
2337 2594 2421 2624 ante

1403 2647 1565 2694 inprimis
1589 2656 1799 2694 expungere
1820 2645 1967 2682 iubent:
1998 2641 2254 2693 quibus-parui.
2302 2686 2307 2692 ¹

1453 2708 1470 2742 7
1506 2697 1733 2745 Pollionemst
1763 2701 1802 2733 C.
1858 2693 2002 2742 Asinius
2047 2687 2156 2726 Pollio
2194 2685 2421 2733 Trallianus,

337 2767 429 2792 enim
451 2756 591 2794 imitari
623 2754 913 2793 Demosthenen.
969 2753 1253 2792 Distinetionem
1294 2764 1363 2790 no-
1380 2744 1385 2773 ¹
1403 2748 1638 2797 philosophus
1662 2750 1838 2786 &orator
1848 2745 1989 2783 summa
2001 2738 2181 2786 diligentia
2197 2736 2275 2775 ¹1th
2292 2765 2302 2781 s
2329 2740 2424 2776 adeo

335 2805 442 2842 stram
468 2805 631 2844 defendit
658 2805 809 2844 Modius
847 2805 1014 2842 Novant.
1040 2803 1146 2854 Epist.
1170 2803 1273 2841 CVI.

394 2869 410 2903 5
444 2857 697 2905 Aeschinem.]

331 2904 450 2962 sthene
462 2907 600 2963 plenior
623 2907 812 2956 Aeschines
834 2935 843 2948 ‚
873 2906 1172 2954 &magissusus,
1205 2917 1368 2955 &gran-

339 2956 592 3005 diorijimilis,
625 2971 690 3006 quo
712 2956 998 3002 minusstriclus:
1029 2958 1146 2993 carnis
1158 2957 1366 3006 tamenplus

340 3006 473 3044 habens
488 3035 498 3050 ,
526 3007 739 3043 lacertorum
759 3007 887 3042 minus.
915 3006 951 3041 in
966 3007 1113 3053 summa
1133 3033 1143 3049 ‚
1181 3008 1275 3043 inter
1300 3012 1367 3042 At·

341 3060 423 3095 ticos
443 3068 594 3093 oratores
610 3055 772 3105 palmam
795 3054 1015 3101 Demostheni
1029 3083 1038 3097 ,
1065 3057 1269 3103 proximum
1283 3069 1365 3093 vero

335 3107 452 3151 heum
470 3106 638 3158 Aeschmj
665 3105 860 3146 tribuerim,
901 3105 933 3144 C
948 3117 969 3143 Α
987 3117 1008 3144 1
1024 3118 1046 3144 Α
1062 3117 1096 3143 Ν,
1136 3107 1197 3146 De
1221 3108 1386 3146 Demo--
1407 3098 1602 3147 expedies,
1627 3095 1842 3134 relicturam.
1896 3094 1951 3132 Sic
1977 3094 2014 3132 ὅς
2037 3093 2074 3130 in
2107 3091 2265 3142 prologo
2298 3092 2430 3182 Detffi-

1404 2808 1443 2836 ut
1477 2798 1689 2849 quibusdam
1723 2798 1832 2834 etiam
1867 2793 1977 2830 nimia
2012 2791 2182 2826 videatur.
2214 2786 2426 2827 Consilii&

735 2858 794 2894 De
817 2858 889 2893 hoc
922 2853 1021 2892 idem
1056 2855 1184 2892 Fsbius
1199 2883 1208 2899 ,
1239 2860 1364 2892 Demo·
1381 2884 1386 2904 ¹
1401 2851 1515 2888 animi
1539 2851 1656 2886 nitore
1671 2875 1681 2891 ‚
1710 2849 1748 2884 &
1763 2843 1989 2899 jucunditate
2013 2839 2425 2898 Ciceroniproximus9

1382 2903 1460 2938 ⁴'cui
1489 2902 1528 2938 &
1550 2899 1714 2936 aernu'us
1738 2898 1776 2933 ἃ(
1800 2892 1958 2931 intensus
1975 2889 2048 2929 fuit
2077 2902 2084 2925 :
2113 2890 2336 2926 orationibus
2363 2895 2429 2930 luis

1404 2952 1562 2987 multum
1598 2946 1803 2983 urbanitatis
1824 2971 1838 2987 ‚
1876 2944 1915 2980 δε
1947 2941 2182 2996 antIquomm
2234 2944 2430 2988 poetarum

1407 3000 1560 3037 inscruit.
1615 2997 1666 3032 At
1690 2997 1825 3032 Seneca
1849 2993 1926 3040 ejus
1951 2991 2219 3039 compositionem
2253 3001 2429 3040 tanquam

1397 3047 1615 3098 salebrosum
1649 3056 1693 3083 ω’
1719 3043 1917 3080 exilientem
1950 3050 2053 3079 notat
2077 3069 2087 3085 ,
2126 3044 2164 3079 &
2189 3041 2249 3078 ubi
2272 3043 2429 3081 minime
