2616 3686
538 170 1830 231 LIBERVI.EPISTOLA111.
2138 189 2229 249 240,

120 267 142 296 ι
172 257 445 322 emendari
477 270 674 327 cupere
697 289 715 316 ,
764 267 899 323 quae
929 249 1035 322 jam
1076 251 1348 317 corrigere
1385 248 1610 305 difficile
1647 253 1734 307 est.
1811 254 1970 309 Nunc
1995 258 2230 327 respicia.
2282 274 2339 329 tei

123 355 238 394 mus
275 338 290 358 ²
325 334 515 387 domos
553 325 768 383 nostras.
844 321 1060 394 Ecquid
1092 325 1270 376 omnia
1295 323 1347 376 in
1376 335 1462 375 tua
1490 322 1670 375 recie?
1704 327 1760 377 in
1788 340 1904 379 mea
1928 330 2057 382 novi
2083 331 2229 386 nihil.

117 407 258 466 Mihi
291 418 469 458 autem
511 402 565 454 &
601 396 831 470 gratiora
864 394 982 447 sunt
1018 393 1156 450 bona
1181 432 1199 459 ‚
1236 393 1388 466 quod
1416 394 1794 466 perseverant:
1837 398 1890 452 &
1924 399 2125 456 leviora
2147 404 2231 469 inf

114 477 430 542 commoda,
465 471 616 546 quod
639 467 847 524 assuevi.
885 466 1037 522 Vale.

375 638 477 696 111.
549 635 614 690 C.
688 631 1120 688 PL1N1us
1197 627 1212 650 ⁸
1285 628 1560 688 Vnae
1634 631 1817 690 Suo
1890 636 1944 693 S.

233 787 371 849 Vero
395 780 756 859 agricolationi
782 779 1331 907 intentodcomryeydat}
1342 796 1526 851 agrum
1543 818 1557 844 ,
1591 798 1739 852 quem
1763 784 1966 838 nutrici
1977 784 2111 854 stiae

1004 871 1091 908 ono
1149 871 1172 905 e
1209 868 1302 905 era
1335 891 1348 906 .

253 1009 427 1064 Ratias
460 1023 562 1077 ago
590 1043 605 1068 ‚
640 1003 792 1076 quod
826 1003 1056 1075 agellum
1085 1039 1103 1066 ‚
1140 1016 1306 1073 quem
1333 1002 1529 1055 nutrici
1558 1016 1710 1056 meae
1737 1002 2090 1071 donaveram,
2129 1010 2227 1064 co]

255 1082 469 1138 lendum
507 1077 790 1148 suscepisti.
864 1078 994 1130 Erat
1023 1114 1038 1138 ,
1098 1091 1225 1129 cum
1268 1074 1530 1129 donarem
1565 1087 1786 1130 centum
1823 1080 2044 1133 millium
2071 1098 2225 1134 num-

107 1175 278 1212 mum:
318 1152 497 1226 postea
523 1149 866 1205 decrescente
899 1148 1106 1210 reditu,
1147 1149 1305 1201 etiam
1332 1147 1573 1215 precium
1607 1149 1830 1211 minuit,
1872 1151 2022 1221 quod
2050 1169 2227 1217 nunc,

107 1243 161 1285 te
186 1238 202 1263 ⁴
227 1240 476 1290 curante,
513 1234 525 1261 ⁵
554 1221 832 1295 reparabit.
867 1220 963 1274 Tu
996 1219 1165 1274 modo
1194 1220 1535 1281 memineriS,
1560 1221 1932 1276 commendari
1961 1223 2053 1278 tibi
2079 1242 2106 1278 a
2139 1242 2226 1280 me
2273 1234 2302 1280 ε’

101 1319 209 1359 non
242 1299 456 1354 arbores
481 1336 496 1360 ‚
549 1296 605 1349 &
645 1311 871 1356 terram,
910 1298 1250 1366 (quanquam
1284 1293 1414 1344 haec
1440 1294 1698 1362 quoque)
1732 1294 1818 1348 led
1851 1296 2224 1354 munusculum

102 1391 281 1429 meum
309 1410 325 1434 ,
388 1368 538 1440 quod
573 1366 678 1420 effe
712 1383 873 1438 quam
907 1362 1377 1420 fructuofissimum
1415 1380 1527 1419 non
1560 1366 1696 1421 illius
1758 1367 1927 1439 magis
1977 1370 2226 1436 interest,

103 1462 236 1522 quae
263 1447 500 1513 accepit,
537 1456 697 1511 quam
721 1455 870 1500 mea,
907 1439 1001 1508 qui
1026 1437 1170 1493 dedi.
1211 1437 1359 1494 Vale.

214 1605 321 1662 IV.
391 1602 459 1657 C.
532 1601 967 1655 Pnrulus
1042 1596 1684 1657 CALPURNIAE
1758 1600 1969 1656 Suae
2044 1603 2099 1658 S.

99 1754 449 1829 Conqueritur
483 1766 577 1803 non
596 1745 701 1818 fibi
737 1746 929 1816 licuiffie
955 1757 1059 1818 per
1094 1746 1448 1817 occupationes
1484 1747 1540 1800 in
1566 1745 1902 1819 Campaniam
1925 1767 2038 1806 cnm
2061 1769 2224 1881 agore

445 1837 450 1842 “
2139 1830 2219 1882 al-

104 1960 273 2008 Grypliio
289 1987 299 2004 ,
336 1960 524 1998 Catanaeo
552 1961 591 1998 δε
615 1958 686 1998 aliis
722 1970 838 1996 amore
871 1961 1110 1999 communium
1182 1958 1348 1997 emendat
1372 1985 1384 2002 ‚
1410 1958 1543 1997 vitium
1576 1959 1695 2008 operit
1718 1985 1729 2003 ‚
1756 1960 1795 1997 δε
1817 1961 1977 1999 mendae
2000 1962 2216 2012 superindu⁴

103 2010 370 2058 amplec‘tuntur
393 2039 404 2055 ‚
442 2011 542 2059 quod
566 2011 766 2048 Catanaeus
787 2009 916 2059 accipit
938 2010 983 2048 de
1006 2023 1112 2061 repu-
1184 2021 1266 2048 cere
1290 2016 1442 2047 conatur
1463 2010 1634 2048 velamen
1655 2009 1814 2058 aliquod.
1845 2012 1876 2048 C
1891 2024 1912 2048 A
1928 2026 1951 2052 ϊ
1967 2025 1988 2049 Α
2004 2025 2042 2050 Ν.
2209 2009 2215 2015 ⁴

103 2061 201 2097 blica.
234 2060 466 2098 Notiffirnum
493 2061 571 2098 sane
593 2059 640 2098 est
664 2088 673 2104 ‚
701 2067 895 2098 Commune
919 2062 1014 2110 apud
1037 2064 1112 2100 La·
1237 2072 1257 2096 z
1289 2065 1417 2097 Domos
1450 2060 1595 2100 noslras.
1620 2060 1633 2109 ]
1682 2061 1812 2099 Dic'tio
1846 2062 1971 2101 domus
1998 2076 2077 2102 non
2101 2065 2209 2106 estin

103 2112 199 2147 tinos
221 2138 230 2151 ‚
271 2120 307 2148 ut
341 2113 379 2148 τὸ
411 2109 507 2146 notul„
541 2122 582 2148 ac
613 2109 658 2145 τὰ
690 2125 783 2146 ‚coam
816 2110 912 2159 apud
948 2113 1112 2151 Graecos
1184 2110 1258 2148 Pal.
1279 2121 1340 2148 aut
1355 2111 1423 2148 ulla
1435 2111 1608 2149 Editione
1621 2111 1754 2150 Aldina
1766 2113 1985 2161 antiquiore.
2015 2115 2208 2156 Gauri-za.

102 2172 179 2198 rem
203 2161 379 2208 publicam
403 2169 549 2208 notare,
576 2161 678 2213 quod
689 2162 957 2201 monuimusad
971 2163 1112 2202 Lucan.
1185 2161 1296 2199 Abest
1331 2162 1442 2199 etiam
1469 2174 1509 2200 ea
1535 2161 1647 2199 dictio
1675 2162 1719 2200 ab
1743 2162 1898 2200 Helmst.
1923 2165 1960 2202 &
1986 2165 2097 2202 Arnz.
2119 2165 2211 2205 fide-

103 2211 183 2248 Lib.
206 2211 251 2247 ll.
276 2223 323 2248 rs.
346 2222 428 2260 390.
1184 2211 1274 2248 libus
1306 2212 1456 2249 Palatini
1478 2211 1589 2250 sociis.
1639 2212 1709 2249 Sed
1732 2213 1933 2259 agnoscunt
1953 2214 2124 2252 eamdem
2148 2227 2214 2254 ve-

1183 2264 1350 2299 teri-imus
1373 2261 1564 2299 Mediceus
1588 2264 1626 2299 ὃς
1648 2262 1844 2299 Vossianus
1859 2290 1869 2305 ‚
1898 2272 1938 2299 ut
1960 2264 2054 2301 adeo
2067 2266 2212 2305 excludi

1185 2323 1263 2348 non
1287 2312 1426 2349 debeat.
1456 2311 1572 2349 Iidem
1601 2313 1820 2350 recentiores
1853 2312 1974 2350 Codd.
2007 2324 2098 2351 mox
2123 2328 2132 2352 :
2161 2320 2211 2354 Et

1185 2363 1271 2410 quid
1293 2363 1423 2397 omnia.
2052 2392 2058 2395 ,

1235 2423 1253 2457 3
1287 2409 1449 2458 VERO.]
1481 2411 1710 2460 Verosplures
1723 2411 1952 2460 Spartianus,
1981 2413 2213 2463 &Capitolil

103 2455 170 2495 Sed
191 2460 387 2495 communia
402 2487 412 2501 ,
435 2460 473 2496 &
495 2456 729 2496 communium
745 2486 755 2502 ‚
781 2459 856 2496 hoc
876 2457 998 2502 sensu,
1025 2469 1110 2496 nus-
1184 2473 1250 2498 nus
1274 2462 1527 2498 monumentis
1545 2461 1701 2498 tradunt.
1729 2462 1850 2509 Hujus
1883 2470 2006 2500 autem
2032 2472 2209 2512 tanquam

101 2509 195 2557 piam
219 2510 282 2556 leg.
309 2537 318 2552 ,
346 2520 412 2545 nec
434 2510 534 2546 locus
558 2521 638 2546 eam
661 2511 852 2546 notionem
876 2511 1015 2556 patitur.
1058 2511 1110 2547 Ut
1186 2511 1397 2548 obscurioris
1419 2512 1514 2547 nulla
1535 2511 1632 2559 apud
1651 2511 1738 2549 alios
1761 2511 1800 2549 fit
1823 2514 1976 2550 mentio.
2016 2514 2048 2551 C
2063 2527 2083 2550 A
2099 2528 2210 2555 TAN-

103 2558 220 2604 itaque
242 2560 426 2608 antiquam
454 2559 655 2608 scripturam
682 2560 800 2607 paullo
823 2560 966 2601 minim,
993 2571 1106 2609 quam
1185 2562 1294 2599 Arnz.
1325 2564 1405 2610 Urso
1429 2567 1492 2597 Suo
1508 2588 1517 2604 ‚
1544 2561 1588 2598 ad
1609 2573 1721 2608 quem
1744 2563 1860 2609 plures
1883 2561 2058 2610 Epistolas
2070 2564 2205 2605 Plinius

105 2607 330 2647 Casaubonus
355 2638 364 2653 ,
407 2607 608 2646 deseramus
632 2638 641 2653 ‚
683 2610 876 2657 legendum
902 2621 1033 2656 Opanl‘
1063 2623 1106 2648 ex
1185 2613 1319 2656 mittit,
1345 2621 1383 2648 ut
1407 2611 1487 2648 Lib.
1512 2612 1578 2648 IV.
1601 2611 1707 2659 Epist.
1731 2613 1791 2649 IX.
1818 2612 1896 2651 Lib.
1922 2613 1969 2650 V.
1992 2613 2102 2662 Epist.
2119 2616 2201 2653 XX.

103 2657 298 2697 Vossiano:
326 2672 442 2696 amore
463 2662 660 2704 communi,
690 2659 762 2698 sive
783 2670 910 2697 amore
933 2661 967 2696 in
993 2671 1106 2708 remp.
1183 2661 1275 2699 infra
1309 2663 1344 2699 h.
1377 2662 1398 2698 l.
1431 2661 1538 2709 Epist.
1568 2661 1616 2698 V.
1660 2661 1764 2699 XIII.
1797 2663 1891 2701 alias.
1927 2663 1997 2701 Sed
2032 2665 2204 2705 meliores

105 2707 296 2758 intelligas,
325 2709 399 2748 five
414 2738 424 2754 ‚
453 2711 553 2758 quoi
576 2711 663 2747 mihi
687 2712 801 2759 placet
816 2739 825 2754 ‚
854 2710 926 2758 pari
941 2738 950 2752 ‚
979 2708 1105 2755 simili,
1187 2711 1308 2749 Codd.
1332 2723 1416 2748 cum
1437 2701 1560 2760 primis
1583 2712 1756 2760 impreffis
1781 2719 1862 2750 Vero
1888 2720 1960 2750 Quo.

108 2758 236 2798 eodem
265 2772 392 2798 amore
416 2788 426 2803 ‚
464 2763 527 2809 qui
557 2762 643 2798 milii
668 2771 789 2798 tecum
815 2762 1026 2798 communis
1047 2761 1106 2799 est.
1235 2774 1258 2806 4
1285 2760 1482 2809 Cartima]
1512 2762 1728 2800 Excolente.
1765 2764 1865 2801 Nam
1890 2762 2049 2811 diligenti
2070 2768 2209 2805 cultura

107 2807 163 2846 Sic
193 2810 314 2857 passim
346 2811 463 2848 odium
495 2823 697 2855 commune,
723 2812 867 2849 invidia
891 2812 1108 2856 communis,
1186 2813 1302 2860 precia
1336 2811 1569 2860 praediorum
1602 2813 1820 2860 ampliantur
1844 2842 1854 2857 ,
1892 2815 1974 2863 quia
1998 2815 2133 2854 reditus
2153 2817 2208 2854 su-

105 2858 211 2904 aestus
242 2863 431 2898 communis
454 2863 492 2899 &
514 2863 704 2900 innumera
724 2862 812 2899 talia.
871 2861 928 2897 Ad
950 2863 1107 2907 priorem
1186 2865 1359 2909 percurrit
1384 2875 1392 2898 ι
1428 2863 1475 2899 ita
1510 2862 1535 2899 fi
1567 2863 1805 2910 negligentius
1825 2863 1946 2901 habita
1969 2863 2063 2909 sint,
2089 2867 2210 2905 minui

105 2907 240 2945 sensum
263 2910 410 2950 Tacitus
435 2912 515 2949 Lib.
539 2912 568 2949 Ι.
591 2912 681 2950 H1st.
700 2924 776 2962 cap.
800 2910 1012 2949 LXXXIX.
1022 2924 1112 2949 com-
1189 2922 1229 2949 ea
1253 2910 1392 2949 necesse
1415 2912 1462 2949 est
1477 2941 1487 2957 ,
1514 2913 1616 2961 quod
1639 2912 1887 2961 rescripserunt
1909 2914 1984 2953 divi
2009 2913 2133 2955 fratres
2144 2928 2208 2966 aug

153 2333 198 2371 In
221 2346 422 2376 commune
443 2338 563 2376 bonus.

23 2964 27 2968 ’
108 2969 226 2994 munes
247 2969 343 2998 curas
366 2961 464 3000 dixit.
494 2963 648 3001 Come.
1191 2960 1292 2999 &Ore
1316 2962 1514 3000 Callistrato
1535 2962 1677 3011 dejure
1699 2962 1782 3001 filei.
1811 2964 1963 3002 Cum.

162 3018 176 3043 1
210 3011 432 3060 amandari]
462 3013 543 3051 Plus
566 3013 614 3051 est
637 3014 800 3065 corrigere
826 3041 836 3056 ‚
864 3024 972 3062 quam
998 3026 1113 3050 emen·
1243 3025 1258 3060 ς
1293 3011 1520 3062 Reparabit.}
1549 3012 1962 3058 Reiumet,restituetur
1978 3017 2016 3058 in
2039 3019 2203 3068 precium

27 3087 36 3101 .
111 3057 207 3094 lan·
234 3056 332 3097 Nam
355 3087 367 3106 ⁵
391 3064 455 3111 qui
473 3064 611 3115 corrigit
633 3067 671 3105 in
690 3065 833 3105 rectum
865 3063 1025 3112 reducit,
1053 3065 1115 3115 qui
1191 3071 1340 3103 centum
1361 3064 1515 3104 millium
1537 3073 1752 3103 nummum.
1778 3062 1894 3118 Innio.

1545 3113 1672 3153 Eee
2116 3119 2209 3164 31!
