2616 3686
365 208 454 283 518
603 205 1119 263 C.PL1N11
1185 200 1690 255 cAEc1L11
1763 198 2275 256 SECUNnr

364 288 670 358 gniffimus;
713 289 945 361 Reliqua
970 285 1250 348 labuntur,
1286 285 1298 306 ¹
1324 300 1521 356 meque
1558 298 1668 337 non
1693 295 1841 335 metu
1859 292 2096 345 tantum,
2139 284 2501 344 verumetiam

367 365 558 418 dolore
606 361 918 418 conficiunt.
998 360 1181 414 Doleo
1225 359 1368 412 enim
1396 396 1412 421 ,
1482 356 1768 409 maximam
1815 353 2071 419 feminam
2103 356 2238 426 eripi
2276 355 2293 374 ⁸
2331 361 2500 417 oculis

364 436 620 499 civitam,
661 436 838 490 nescio
871 432 1174 505 a'naliquid
1214 431 1376 485 simile
1414 429 1611 484 visuris.
1687 441 1701 468 ³
1740 429 1896 499 Quae
1926 426 2129 481 castitas
2155 428 2328 483 illius?
2363 447 2503 504 quae

364 509 630 562 sanetitas?
669 522 864 582 quanta
893 506 1152 578 gravitas?
1197 517 1395 575 quanta
1419 501 1740 556 constantia?
1784 502 1874 556 ssis
1900 501 2152 556 maritum
2189 500 2408 574 sequuta
2443 506 2502 562 in
2571 564 2574 566 ,

368 582 609 636 exfilium
636 585 739 645 est,
781 584 945 635 tertio
969 581 1073 648 ipsa
1098 591 1322 647 propter
1348 578 1598 629 maritum
1629 577 1879 646 relegata.
1918 574 2056 629 Nam
2080 590 2207 629 cum
2240 578 2503 633 *senecio

369 671 490 708 reus
529 652 656 708 esset
684 691 700 716 ‚
748 652 896 722 quod
925 651 992 704 de
1018 652 1123 702 vita
1154 646 1399 702 Helvidii
1430 649 1588 701 libros
1617 645 1994 719 composuisset
2017 686 2032 710 ‚
2069 662 2426 720 rogatumque
2448 650 2503 706 se

367 744 395 778 a
424 726 618 780 Fannia
649 727 701 779 in
727 721 1038 777 defensione
1062 719 1306 782 dixisset,
1345 733 1638 791 quaerente
1678 721 1961 776 minaciter
2014 719 2218 775 Mettio
2253 720 2399 777 Caro
2436 741 2535 778 an.

368 797 624 872 rogaſjet?
664 797 963 867 respondit,
1003 794 1220 863 rogavi?
1251 792 1262 820 ⁵
1290 811 1357 846 an
1383 795 1773 846 commentarios
1783 796 2055 865 scripturo
2078 794 2318 863 dedzffit,
2344 795 2505 851 dedi:

369 890 436 924 an
465 871 663 937 Jc‘iente
697 881 866 921 matre
891 907 905 930 ,
942 868 1230 922 nesciente.
1308 865 1587 920 Postremo
1633 867 1828 919 nullam
1866 883 2057 922 vocem
2098 869 2386 922 cedentem
2415 886 2510 938 pe-

372 945 544 997 riculo
569 942 757 1014 emisit.
835 941 986 1014 Quin
1012 940 1172 993 etiam
1202 939 1320 993 illos
1348 937 1485 1008 ipsos
1510 937 1704 1000 libros,
1741 956 2048 1011 quanquam
2078 957 2147 994 ex
2166 939 2505 1007 necessitate,

367 1017 426 1071 ἃ
455 1031 606 1071 metu
635 1031 941 1088 temporum
966 1039 983 1065 ι
1008 1012 1235 1068 abolitos
1259 1010 1730 1066 Senatusconsulto
1759 1049 1775 1075 ,
1813 1010 2089 1081 publicatis
2115 1013 2266 1069 bonis
2285 1059 2297 1078 ,
2338 1015 2514 1069 serva-

2406 1089 2513 1158 vit,

365 1202 426 1225 ma
443 1220 452 1235 ,
479 1198 520 1227 ut
550 1192 769 1240 intelligatur
799 1189 944 1227 animus
976 1196 1021 1226 (γ’
1037 1186 1205 1237 spiritus,
1233 1198 1329 1235 quae
1349 1186 1406 1224 lo·
1468 1195 1510 1220 ac
1532 1184 1690 1233 venusti,
1718 1183 1968 1224 omniorum
1990 1184 2185 1229 orationis,
2213 1194 2391 1235 tanquam
2414 1189 2504 1232 veste

366 1243 468 1279 cutio
493 1253 569 1279 non
593 1244 713 1280 minus
740 1242 911 1291 frequens
934 1238 983 1276 est
1007 1267 1018 1283 ,
1058 1249 1172 1288 quarn
1193 1239 1304 1276 altera
1324 1239 1404 1276 vul·
1471 1235 1632 1272 detracta
1655 1250 1663 1274 z
1701 1239 1764 1286 sed
1803 1239 1890 1274 (lum
1928 1236 2043 1273 voluit
2083 1235 2246 1274 ALIOS
2285 1237 2508 1280 l'ARATA

366 1300 462 1340 gata.
493 1292 667 1332 Lucanus
689 1293 770 1332 Lib,
794 1293 843 1331 V,
868 1303 919 1330 vs,
946 1302 1004 1336 17.
1471 1286 1687 1325 HABERE
1713 1288 1866 1327 UNDE
1891 1286 2216 1331 SUMERENT,
2245 1286 2344 1335 QUI
2379 1287 2508 1329 VEL-

1470 1337 1622 1376 LENT
1672 1339 1928 1378 SCRIBERE
1978 1337 2294 1376 HISTORIAM
2322 1367 2332 1383 ‚
2384 1339 2509 1389 ineptis

1464 1400 1613 1436 gratum
1639 1391 1797 1439 fortaffis
1821 1392 1906 1438 fecit
1923 1419 1933 1436 ,
1962 1391 2022 1439 qui
2057 1390 2122 1427 itta
2145 1388 2275 1426 volunt
2298 1389 2508 1438 calamistris

1468 1440 1630 1486 inurere,
1651 1444 1760 1492 sanos
1783 1442 1923 1491 quidem
1947 1440 2103 1479 homines
2126 1452 2148 1476 a
2177 1439 2360 1489 scribendo
2394 1442 2510 1482 deter-

1468 1491 1553 1528 ruit.
1583 1493 1723 1531 Hirtius
1745 1493 1901 1533 Pracfat.
1928 1493 2009 1530 Lib.
2037 1491 2147 1529 VlII.
2172 1491 2325 1529 debello
2340 1492 2508 1536 Gallico:

1469 1544 1568 1581 Adeo
1587 1545 1788 1594 probamur
1810 1544 2110 1592 (Commentarii
2137 1542 2324 1591 Caesaris)
2347 1543 2506 1585 omnim

421 1393 542 1431 Indole
559 1394 591 1442 fi
614 1395 767 1443 dignum
794 1395 925 1439 Latia,
945 1392 980 1443 fi
992 1391 1169 1442 sanguine
1192 1391 1305 1442 prisco'

422 1445 553 1482 Robur
576 1446 661 1493 inest
683 1446 826 1484 animis.
1353 1454 1355 1457 '

420 1558 436 1584 1
471 1550 598 1596 Meque
634 1559 702 1584 non
736 1555 841 1585 metu
874 1555 1050 1592 tantum,
1077 1559 1206 1585 verum
1239 1560 1265 1583 e.
1288 1545 1325 1582 d.
1346 1543 1403 1594 c.]
1477 1593 1482 1598 Ι

368 1598 547 1646 Optimus
573 1612 580 1635 :
619 1611 740 1648 meque
775 1612 843 1637 non
876 1610 962 1636 cura
1003 1610 1163 1636 tantum.
1215 1598 1274 1636 Sic
1295 1596 1406 1645 Epist.
1461 1595 1596 1641 judicu]
1613 1624 1624 1640 ,
1649 1607 1690 1633 ut
1709 1602 1889 1646 praecepta
1915 1623 1926 1640 ,
1953 1595 2072 1633 NON
2095 1593 2394 1640 PRAEBITA,
2425 1594 2506 1636 FA-

367 1660 457 1686 extr.
491 1656 529 1684 ln
553 1649 604 1686 his
627 1663 724 1686 eram
749 1652 839 1689 curis
863 1678 873 1695 ‚
899 1663 978 1687 cum
996 1650 1184 1698 scriberem
1206 1651 1255 1685 ad
1279 1659 1312 1686 te
1336 1657 1404 1686 cet.
1470 1644 1689 1685 CULTAS
1705 1646 1932 1697 scriptoribus
1954 1647 2139 1684 videatur.
2168 1645 2379 1685 Euenum.
2407 1647 2506 1688 Vide

370 1700 451 1738 Lib.
485 1701 552 1738 VI.
587 1700 696 1748 Epist.
730 1700 797 1738 III.
821 1713 855 1738 n.
877 1714 911 1749 3.
931 1714 966 1748 4.
989 1713 1110 1738 curam
1136 1702 1173 1738 &
1190 1700 1405 1748 sollicitudi·
1467 1695 1513 1733 de
1546 1699 1808 1739 commentariis
1841 1698 1944 1747 supra
1977 1698 2208 1735 Catanaeum
2240 1697 2285 1734 ad
2329 1698 2413 1736 Lib.
2443 1698 2507 1740 111.

368 1763 448 1788 nem
473 1751 508 1788 in
534 1751 669 1789 eodem
696 1753 849 1800 negotio
866 1753 1029 1799 reperias.
1061 1752 1154 1789 Mihi
1168 1759 1405 1789 tamenmetu
1466 1746 1576 1796 Epist.
1613 1751 1662 1788 V.
1692 1763 1728 1788 n.
1765 1763 1820 1797 ¹7·
1853 1751 1893 1788 ὃς
1924 1749 2017 1787 adde
2053 1749 2171 1786 Cicer.
2202 1748 2250 1785 V.
2272 1747 2374 1786 Fam.
2401 1749 2506 1800 Epist.

369 1802 569 1849 elegantius
594 1802 761 1847 videtur,
792 1814 955 1852 euinque
976 1802 1076 1839 haud
1099 1801 1249 1839 obscure
1277 1801 1405 1841 adserit
1470 1797 1554 1836 XII·
1571 1808 1660 1839 extr.
1690 1802 1790 1840 Hinc
1805 1802 1943 1841 Seneca
1955 1800 2126 1848 Excerpt.
2145 1798 2306 1836 Lib-111·
2323 1800 2505 1842 ContrOV.

367 1851 551 1900 Epillolae
573 1852 673 1891 finis:
703 1854 745 1890 de
768 1862 872 1891 metu
884 1866 952 1890 non
966 1866 1105 1904 querar.
1135 1859 1274 1889 Metam
1291 1865 1380 1890 vero
1396 1883 1406 1899 ‚
1470 1849 1589 1888 Praef.
1613 1863 1691 1902 pag.
1715 1866 1796 1900 424.
1845 1853 1922 1891 sine
1945 1850 2218 1890 commentario
2241 1863 2430 1900 nunquam
2452 1854 2508 1892 di·

370 1904 409 1940 &
430 1903 584 1940 dolorem
612 1903 760 1942 venuste
783 1906 982 1953 coniungi,
1011 1901 1239 1942 ostendimus
1264 1904 1311 1944 ad
1330 1906 1407 1943 Lu-

1472 1901 1552 1946 xic,
1582 1916 1640 1940 nec
1661 1905 1722 1941 hoc
1748 1904 2022 1943 commentario
2043 1912 2225 1939 contentus
2245 1913 2345 1944 erat,
2374 1903 2413 1939 in
2443 1917 2504 1955 quo

370 1956 450 1992 cani
475 1955 560 1992 Lib.
583 1954 628 1992 [Ι.
650 1967 701 1993 vs.
725 1967 783 2002 27.
1285 1972 1289 1975 ·

1473 1954 1589 1991 nudae
1611 1969 1664 1993 res
1673 1965 1881 2007 ponuntur:
1910 1965 1954 1995 ey·
1978 1954 2143 1992 maxima
2160 1963 2264 2002 parte
2279 1953 2508 2007 perscribebat-j

1476 2014 1537 2041 tur
1559 2008 1660 2044 affiio.

1524 2056 1547 2092 6
1576 2057 1790 2108 Abolitos.]
1834 2059 2010 2098 Sublatos.
2048 2056 2153 2094 Dato
2179 2055 2380 2095 triumviris
2402 2058 2500 2097 mini-

1473 2104 1579 2145 sterio
1594 2137 1604 2153 ,
1627 2117 1668 2147 ut
1697 2118 1946 2148 monumenta
1968 2107 2247 2146 clarifiimorum
2281 2110 2441 2146 virorum
2462 2109 2498 2148 'm

1474 2156 1559 2196 foro
1613 2161 1930 2205 comburerentur.
1984 2160 2085 2197 Nam
2136 2157 2204 2197 fuit
2248 2159 2498 2205 Domitianus,

1475 2213 1647 2257 quamvis
1677 2213 1715 2249 in
1748 2206 1970 2261 principatus
1996 2211 2103 2262 initio
2138 2209 2305 2258 poeticae
2338 2208 2499 2248 studiosus

1477 2260 1681 2307 videretur,
1710 2262 1834 2312 postea
1855 2263 1975 2302 studiis
1994 2262 2164 2300 inimicus
2178 2289 2188 2306 ,
2216 2262 2376 2311 primum
2388 2259 2500 2310 phile-

1478 2310 1596 2360 sophis
1628 2314 1717 2352 urbe
1748 2314 1924 2352 submotis
1948 2342 1960 2359 ‚
2009 2315 2048 2352 ὃς
2082 2312 2328 2360 Hermogene
2357 2317 2501 2362 propter

1479 2363 1657 2413 quasdam
1681 2366 1718 2403 in
1738 2365 1883 2404 historia
1897 2364 2028 2415 figuras
2041 2363 2187 2401 occiso:
2217 2363 2361 2402 librariis
2371 2362 2501 2408 etiam,

1480 2415 1543 2463 qui
1567 2427 1650 2454 eam
1670 2416 1923 2466 descripserant
1947 2446 1958 2463 ‚
1986 2414 2178 2454 crucifixis.
2217 2415 2369 2452 Cum.
2407 2411 2504 2450 Abo-

1477 2465 1556 2504 litos
1581 2468 1926 2519 senatusconsulto]
1953 2468 2057 2506 Nam
2070 2465 2183 2504 exusti
2195 2466 2232 2503 in
2247 2463 2413 2502 Comitio
2426 2462 2506 2501 fue-

1478 2525 1572 2555 runt.
1588 2519 1742 2559 Tacitus
1754 2520 1927 2568 Agricola
1940 2531 2017 2568 cap.
2030 2517 2335 2570 ILLegimusfitem
2346 2513 2505 2570 ‚Artqmo

1478 2568 1607 2616 Rustico
1630 2577 1760 2609 Paetus
1785 2571 1940 2616 Thrasea
1955 2599 1966 2616 ,
1993 2567 2167 2606 Herennio
2188 2572 2358 2602 Semcmm
2368 2563 2502 2617 Pnscqs

421 2062 493 2096 Nec
517 2057 604 2095 dum
627 2057 671 2105 est
693 2058 751 2098 ille
774 2058 904 2105 dolor,
928 2059 992 2109 fied
1013 2058 1089 2097 iam
1114 2057 1247 2098 metus.'

371 2159 471 2209 Mox
496 2161 718 2199 recentiores
743 2160 859 2210 scripti
885 2163 923 2199 &
944 2160 1016 2198 Ed.
1040 2160 1316 2207 Vet.fh7ninam
1328 2173 1407 2198 ma-

372 2211 514 2249 ximam
530 2240 540 2255 ‚
570 2213 608 2250 &
631 2212 765 2251 deinde
791 2212 920 2250 vitiose
938 2212 1094 2260 visurus.

424 2275 444 2299 2
473 2261 591 2299 Oculi,-
611 2263 813 2312 civitati5.]
844 2263 878 2300 A
902 2262 1100 2312 conspectu
1113 2263 1379 2301 Romanorum
1395 2292 1405 2310 ,

373 2314 502 2365 quibus
525 2321 599 2350 erat
621 2314 834 2363 exemplum
858 2315 1008 2352 virtutis.
1038 2313 1194 2352 CATAN.

426 2377 446 2416 3
477 2367 578 2414 Qae
590 2364 730 2412 castitas
743 2364 876 2414 illius]
892 2365 1106 2403 Mediceus:
1127 2366 1230 2412 {Luae
1242 2364 1382 2411 castitas
1396 2395 1404 2411 ‚

372 2430 513 2468 quanta
533 2417 726 2465 gravitas,
753 2416 944 2456 desultoria
964 2417 1113 2455 levitate
1133 2416 1264 2454 librarii
1282 2418 1407 2455 ceteris

376 2470 524 2506 omiffis.

425 2533 448 2566 4
475 2521 604 2558 Senecio
634 2534 724 2558 reus.
747 2519 763 2570 ]

375 2569 537 2609 delatore
570 2573 632 2610 sub
665 2574 918 2617 Domitiano,
967 2570 1071 2620 quod
1097 2572 1211 2608 vitam
1245 2570 1410 2609 Helvidii

804 2520 1003 2558 Accusatus
1036 2520 1136 2557 enirn
1170 2517 1239 2557 fuit
1261 2530 1280 2556 a
1309 2519 1409 2557 Caro

374 2621 481 2660 Prisci
506 2622 785 2671 conscripsisset,
814 2635 905 2660 mox
928 2634 1009 2661 reus
1027 2651 1037 2663 ‚
1060 2622 1162 2671 quod
1176 2621 1316 2658 nullum
1332 2633 1410 2659 ma-

375 2673 562 2721 gistratum
602 2673 680 2723 post
719 2674 963 2723 Quaesturam
1002 2671 1181 2723 petivisset
1219 2672 1410 2711 damnatus

378 2724 450 2769 el’t,
480 2726 662 2764 referente
688 2726 825 2763 Dione.
855 2727 1010 2764 CATAN.

434 2789 450 2821 ς
483 2781 548 2812 An
572 2777 855 2814 Commentarios
874 2777 1044 2825 seripturo
1075 2774 1266 2825 dediffbt.]
1305 2781 1413 2813 Com-

384 2828 551 2865 memmii
577 2830 722 2876 proprie
745 2828 822 2867 libri
844 2827 889 2865 ilti
912 2828 1014 2872 sunt,
1046 2829 1108 2876 qui
1131 2828 1322 2865 materiam
1338 2828 1413 2876 ple-

385 2886 463 2913 nius
499 2878 715 2927 uberiusque
747 2891 789 2916 ac
810 2882 970 2918 ornatius
995 2877 1287 2926 pertractandam
1311 2877 1413 2916 dein-

386 2934 468 3010 lcmgs
489 2954 498 2968 ,
537 2928 634 2966 nude
665 2941 707 2966 ae
737 2929 810 2967 fine
845 2942 929 2967 cura
964 2929 1132 2968 dictionis
1161 2928 1411 2977 consignatam

398 2985 431 3008 m
461 2984 542 3011 ent:

1481 2619 1666 2659 Helvidius
1688 2622 1832 2660 laudan·
1851 2621 1952 2672 effi’m
1979 2649 1989 2666 ,
2018 2617 2164 2673 capita-1²
2175 2611 2278 2661 [ΗΜΘ
2297 2623 2306 2647 ²
2333 2622 2438 2658 πῃ*
2458 2622 2499 2646 m

1476 2673 1562 2722 ipsos
1593 2674 1693 2711 modo
1726 2676 1882 2712 austeres
1907 2702 1918 2718 ,
1955 2671 2019 2720 sed
2045 2669 2083 2704 in
2110 2666 2215 2718 libro?
2231 2671 2360 2714 quoque
2381 2672 2501 2698 ‘Wum

1473 2724 1659 2771 saevitum
1684 2753 1695 2770 ‚
1723 2725 1878 2770 dezenato
1899 2723 2100 2771 triumvms·
2121 2709 2303 2768 mtmstfm'
2316 2736 2326 2752 ›
2352 2720 2391 2765 ¹⁴!
2407 2721 2501 2767 ‚11³0-

1482 2784 1659 2813 numenta
1693 2774 1955 2822 clariffimorum
1985 2769 2199 2813 ing‘mffum
2236 2771 2274 2795 ἠ
2295 2771 2500 2818 ‘⁰”⁷¹'¹⁰,¹⁸⁶

1469 2828 1551 2874 foro
1573 2837 1771 2865 urerentur.
1800 2822 1963 2862 Servavit
1983 2823 2107 2854 tamen
2129 2809 2316 2866 exemplar
2337 2809 2472 2849 Fannia
2485 2840 2499 2860 ,

1477 2879 1517 2916 δε
1538 2877 1659 2915 secum
1682 2878 1718 2913 in
1743 2873 1903 2912 exsilium
1925 2867 2029 2909 tulitv
2055 2872 2214 2916 qUOFUm
2229 2865 2329 2917 ‘sama
2344 2861 2498 2909 relegata

1478 2936 1564 2967 erat.
1594 2927 1802 2964 Euenum.
1830 2922 1934 2957 Haec
1966 2916 2065 2953 aliter
2099 2918 2260 2960 concipit
2295 2912 2496 2958 Optimus:

572 2979 708 3024 Quales
727 2982 987 3018 Commentarii
1012 2981 1168 3018 Caesaris
1190 2982 1292 3024 sunt,
1321 2992 1414 3027 quos
1477 2979 1576 3025 Quin
1598 2976 1707 3013 etiam
1729 2972 1804 3011 illos
1825 2970 1906 3018 ips05
1926 2965 2050 3008 librffl,
2081 2975 2174 3009 QUOS
2195 2976 2236 3000 εχ
2260 2961 2497 3011 ηθῑθβῖῑαΐθσ

390 3021 435 3059 de
459 3025 600 3061 Gnl'ico
623 3029 805 3074 Civilique
828 3030 926 3066 bello
947 3031 1162 3078 conscripsit.
1201 3032 1262 3068 De
1285 3031 1413 3077 quibus
1473 3038 1569 3064 metu
1591 3033 1781 3072 temporum
1804 3018 1948 3056 abolitos
1973 3017 2122 3055 Senatus
2135 3013 2286 3059 censuit,
2319 3014 2496 3059 publicas&

389 3072 438 3110 ita
489 3076 622 3111 Cicero
671 3078 706 3113 in
760 3079 912 3115 Bruto:

963 3081 1080 3116 (TOM
1091 3080 1412 3118 MENTARIOS
1473 3075 1594 3118 bonis,
1612 3073 1780 3122 servavit
1808 3098 1818 3114 ,
1840 3071 1877 3106 in
1900 3078 1969 3117 qua
1993 3067 2162 3115 scriptura
2187 3063 2234 3102 cst
2259 3093 2268 3108 ‚
2297 3063 2398 3115 quod
2420 3075 2495 3102 non
2575 3105 2577 3108 ¹

375 3124 507 3177 firipsit
534 3125 642 3163 valde
664 3127 802 3175 quidem
820 3128 1039 3176 probandos:
1061 3132 1148 3168 nudi
1161 3132 1278 3180 sunt,
1305 3130 1411 3175 recti,
1470 3136 1598 3175 parum
1620 3122 1757 3171 placet:
1788 3130 2015 3172 quamquam
2038 3128 2194 3157 omnem
2207 3115 2404 3166 adprobare
2417 3126 2493 3152 non

2374 3161 2495 3215 portu„
