2616 3686
0 0 84 50 W

471 150 830 231 syrena
897 173 1016 225 vn.
1084 174 1661 227 EPISTOLA
1725 177 1870 230 X1v.
2171 189 2266 252 507]

228 325 419 387 ssxlv.
498 323 567 381 C.
643 323 1080 408 PL1N1us
1156 321 1735 377 CORELLIAE
1810 321 2020 378 Sinas
2094 324 2148 382 S.

115 471 392 531 :iRemittit
431 473 647 528 ducenta
672 468 917 542 sestertia
956 467 1214 524 Corelliae
1248 468 1455 522 volenti
1494 464 1719 520 Secundo
1757 465 1973 520 tradere
1985 478 2087 537 pro
2111 441 2262 541 qain-

186 550 360 601 ¹cunce
395 545 709 600 hereditatis
744 555 1027 614 nongenta,
1065 541 1255 616 quanti
1292 541 1588 615 vigefimam
1613 551 1833 611 partem
1871 539 2100 613 ejusdem
2128 561 2262 596 eme-

208 632 299 674 rat
346 640 379 673 a
397 619 714 691 publicanis.
1446 637 1449 650 ·

118 764 333 904 'TU
366 763 586 837 quidem
625 761 638 781 ¹
674 759 1069 824 honestiffime‚
1105 761 1254 834 quod
1294 772 1399 816 tam
1437 761 1672 833 impense
1711 761 1761 814 δι
1793 776 1947 830 rogas
1974 758 2030 813 δε
2059 761 2259 830 exigis,

282 850 339 891 ut
374 837 540 907 accipi
574 834 784 902 jubeam
821 853 846 888 a
878 848 929 890 te
957 836 1193 906 pretium
1230 852 1483 904 agrorum
1509 851 1617 888 non
1642 851 1711 887 ex
1732 833 2076 903 septingentis
2105 835 2259 893 milli-

106 910 229 966 ”bus
255 948 270 975 ‚
306 911 484 980 quanti
508 909 622 963 illos
649 927 676 961 a
701 907 897 961 liberto
927 925 1050 962 meo
1075 948 1090 973 ‚
1129 906 1218 962 sed
1248 925 1317 961 ex
1348 907 1634 977 nongentis
1659 945 1674 970 ‚
1712 907 1892 976 quanti
1924 925 1942 944 ²
1969 924 1994 958 a
2023 905 2259 976 publica-

134 985 211 1039 nis
246 997 450 1054 partem
490 980 789 1035 vicesimam
833 979 1017 1034 emisti.
1097 979 1328 1035 Invicem
1356 996 1461 1049 ego
1495 979 1548 1033 &
1576 996 1715 1050 rogo
1745 978 1798 1031 δε
1831 978 2022 1047 exig0‚
2063 993 2118 1031 ut
2147 996 2256 1034 non
2325 1039 2329 1043 ,

130 1056 295 1111 solum
321 1055 451 1126 quid
479 1067 560 1116 te,
598 1070 784 1106 verum
819 1056 978 1107 etiam
1008 1052 1139 1123 quid
1177 1069 1262 1106 me
1288 1051 1478 1105 deceat
1507 1051 1788 1120 adspicias,
1827 1051 2151 1119 patiarisque
2172 1068 2260 1105 me

130 1129 185 1183 in
221 1128 322 1183 hoc
358 1145 468 1182 uno
513 1127 607 1183 tibi
636 1125 840 1181 eodem
877 1127 1056 1180 animo
1099 1141 1399 1198 repugnare
1425 1163 1441 1190 ,
1488 1141 1601 1198 quo
1635 1125 1688 1178 in
1725 1121 1975 1178 omnibus
2040 1122 2262 1195 obsequi

129 1199 289 1257 soleo,
327 1200 475 1256 Vale.

127 1425 203 1470 quo
224 1418 521 1458 Prsivocabuium
542 1429 630 1468 quae
650 1446 660 1462 ‚
683 1427 754 1466 pro
776 1425 838 1461 ut,
867 1428 953 1455 cum
976 1412 1149 1457 Indicati-

113 1481 178 1508 ’νο
200 1472 443 1518 coniungitur.
480 1468 552 1506 Sed
575 1469 649 1506 eius
668 1469 755 1505 loeo
778 1467 886 1504 Arnz.
917 1469 1033 1516 quod,
1064 1470 1149 1508 Me-

127 1521 249 1560 diceus
281 1529 404 1558 autem
435 1531 543 1569 quam
577 1517 771 1555 obferunt:
800 1518 837 1554 &
859 1517 932 1553 hoc
953 1519 1102 1566 quidem
1125 1521 1152 1558 si

127 1572 285 1620 praefers
299 1599 310 1616 ,
336 1573 476 1618 integra
486 1569 658 1607 sententia
672 1568 759 1605 erit:
779 1566 843 1615 sed
853 1565 897 1612 est
921 1578 997 1604 tam
1015 1569 1125 1617 polita
1139 1601 1150 1617 ,

126 1634 238 1672 quam
268 1621 378 1671 polita
400 1649 410 1665 ,
449 1619 517 1668 nifi
545 1632 568 1656 a
595 1617 756 1665 studente
776 1645 785 1660 ‚
817 1631 885 1654 non
914 1618 1017 1667 potest
1038 1621 1151 1665 scribi.

129 1673 227 1710 Infra
251 1673 465 1710 Me-liceus:
493 1681 561 1708 aut
582 1669 674 1708 estus
686 1670 787 1718 super
809 1680 922 1705 omnes
946 1669 1081 1709 beatos.

181 1737 196 1762 1
229 1720 500 1771 Honestiffime.]
541 1722 594 1760 Sc.
630 1719 725 1758 facis.
761 1718 858 1757 Vide
896 1718 942 1756 ad
975 1720 1059 1759 Lib.
1081 1723 1151 1762 VI.

129 1773 235 1823 Epist.
261 1773 438 1812 XXXIV.
460 1785 494 1810 n.
518 1785 551 1810 2.
583 1771 678 1809 illud
697 1783 825 1820 quoque
848 1771 1017 1818 egregie'⁸
1049 1775 1149 1823 quod

131 1835 208 1860 tam
238 1825 357 1872 facilis
376 1853 387 1870 ,
426 1835 504 1862 tam
526 1822 682 1861 liberalis
703 1823 742 1860 in
763 1819 907 1860 edendo
922 1820 1033 1868 fuisti.
1063 1825 1150 1872 Epi-

131 1873 259 1912 stol-am
293 1876 401 1923 ipsam
434 1876 687 1923 interpretatur
710 1873 922 1911 Gronovius
941 1872 1028 1911 loco
1048 1874 1150 1925 supe-

133 1925 203 1962 rius
224 1925 268 1962 ad
292 1924 400 1973 Epist.
425 1924 488 1963 XI.
512 1928 634 1964 citato.

185 1986 205 2011 2
235 1981 269 2012 A
285 1975 517 2025 publicanis.]
551 1977 608 2014 Ab
627 1977 681 2014 his
696 2004 705 2019 ,
728 1975 789 2024 qui
811 1975 997 2024 veffigalia
1011 1976 1149 2025 publica

131 2024 339 2071 redimunt,
367 2029 404 2065 ὅ(
436 2037 512 2064 rem
537 2028 714 2076 publicam
736 2026 897 2065 tractant.
951 2029 1049 2065 Nam
1073 2028 1150 2068 five

131 2078 209 2123 quis
234 2089 266 2113 v.
291 2088 323 2125 g.
349 2077 573 2116 frumentum
592 2107 602 2123 ,
641 2079 679 2116 δε
703 2077 784 2114 alias
806 2078 891 2126 reip.
915 2090 969 2117 res
993 2080 1150 2119 necessa-

130 2128 195 2164 rias
228 2128 511 2177 transportandas
535 2157 545 2173 ,
594 2128 667 2167 sive
700 2128 858 2166 decimas
879 2128 1148 2178 ‘aevigefimas

130 2177 359 2224 redemisset,
387 2178 459 2217 sive
478 2179 690 2218 testamenta
704 2208 714 2224 ‚
744 2190 838 2227 quae
860 2181 946 2229 reip.
967 2182 1146 2232 relinque-

128 2227 257 2266 bantur
279 2258 288 2272 ‚
318 2229 390 2268 sive
412 2232 542 2279 quovis
565 2230 681 2267 modo
702 2230 888 2278 veeugaisa
912 2234 950 2269 &
972 2233 1060 2270 alios
1082 2246 1149 2281 po-

131 2280 203 2326 puli
230 2282 361 2319 reditus
387 2281 585 2328 exigendos
608 2288 708 2318 certo
741 2283 865 2328 precio
897 2282 1145 2330 conduxisset,

129 2330 157 2366 is
190 2333 394 2377 public-inus
427 2331 620 2369 dicebatur.
675 2331 784 2379 Cajus
820 2330 865 2368 de
888 2331 947 2380 sig.
969 2334 1065 2371 verb.
1087 2338 1148 2385 qui

131 2383 278 2424 veclisal
298 2384 411 2431 populi
436 2382 752 2419 Romaeondufi‘um
767 2379 871 2418 habet
888 2410 897 2425 ‚
919 2382 1147 2431 publicanum

129 2433 353 2480 appellamus.
394 2436 426 2472 C
440 2447 460 2469 A
477 2446 499 2470 τ
516 2446 536 2469 Α
551 2445 588 2470 N.
626 2437 663 2470 A
691 2431 897 2478 publicanis.
911 2431 925 2481 ]
941 2434 1046 2484 ,Imp
1072 2437 1148 2474 Au-

130 2483 248 2530 gustus
271 2515 280 2528 ‚
319 2493 358 2522 ut
392 2493 571 2532 perpetuo
603 2496 644 2520 ae
674 2482 746 2520 fine
778 2482 985 2521 difficultate
1016 2487 1150 2525 sumtus

133 2534 210 2581 (his
234 2535 312 2584 ipsis
338 2536 452 2572 verbis
477 2536 670 2572 Suetonius
693 2534 834 2581 narrat)
859 2533 1152 2576 adtuendosmi-

132 2584 206 2623 lites
231 2587 575 2635 prosequendosque
597 2586 799 2633 suppeteret
825 2613 834 2628 ,
861 2586 1036 2623 aerarium
1061 2589 1154 2626 mili-

2123 1267 2262 1328 XV.

1214 1418 1390 1456 homines
1410 1425 1535 1456 etant:
1564 1427 1660 1466 quos
1676 1420 1916 1453 Procuratores
1929 1416 1980 1452 ad
1991 1414 2197 1465 vicesimam
2211 1413 2260 1460 ζα

1221 1467 1407 1521 vicefimq,
1435 1471 1524 1506 item
1548 1466 1727 1517 vicesimae
1738 1467 1873 1514 lapides
1885 1466 2041 1504 Veteres
2053 1466 2261 1516 appellant,

1221 1519 1324 1568 quod
1338 1518 1477 1556 dudum
1501 1519 1649 1556 summis
1670 1518 1752 1554 viris
1776 1516 1821 1554 ad
1846 1517 2103 1566 Lampridium
2119 1547 2129 1562 ,
2158 1519 2197 1556 ὃς
2216 1518 2281 1558 ad‘

1224 1568 1592 1607 Annal.XII[.Taciti
1607 1566 2265 1615 Lipsio,0bservatum-est.Publicanos

1225 1621 1420 1658 communi
1453 1621 1607 1657 nomine
1637 1619 1697 1655 hic
1730 1618 1863 1656 Plinius
1904 1626 2026 1656 vocat.
2085 1619 2184 1657 Nam
2211 1620 2263 1659 ita

1223 1670 1494 1720 appellabantur
1528 1680 1659 1706 omnes
1682 1696 1692 1711 ‚
1732 1670 1795 1717 qui
1815 1668 2005 1716 veetigalia
2027 1670 2169 1718 publica
2191 1678 2264 1708 tra-

1226 1721 1380 1758 &abant
1435 1719 1488 1764 Hi
1521 1731 1607 1757 cuin
1628 1718 1796 1756 viderent
1819 1718 2050 1757 contrastum
2072 1720 2261 1761 Hermetis

1221 1770 1441 1809 damnosum
1460 1769 1550 1807 'fisco
1579 1798 1590 1815 ,
1618 1770 1891 1814 interveniunt,
1921 1782 2044 1819 eoque
2064 1770 2257 1812 deducunt

1223 1830 1300 1860 rem
1316 1851 1326 1867 ,
1355 1829 1394 1859 ut
1414 1833 1482 1871 pro
1495 1821 1727 1870 septingentis
1742 1821 1896 1859 millibus
1910 1849 1921 1865 ,
1949 1822 2079 1871 quibus
2094 1823 2257 1864 Hermes

1220 1873 1409 1912 addixerat
1433 1901 1444 1918 ,
1481 1880 1669 1921 nongenta
1694 1871 1858 1909 daturam
1885 1873 2041 1910 Corellia
2064 1875 2259 1921 promitte-

1221 1932 1287 1963 ret.
1328 1924 1399 1962 Sed
1419 1935 1505 1961 cum
1530 1921 1732 1973 vicesimam
1749 1931 1889 1972 partem
1910 1924 2001 1961 tanti
2025 1922 2150 1961 emisse
2183 1925 2262 1964 Co-

1226 1976 1322 2013 rellia
1343 1970 1495 2021 dicitur,
1522 1986 1601 2012 non
1623 1975 1670 2011 ita
1693 1973 1973 2022 intelligendum
1985 1973 2057 2019 est,
2086 1973 2256 2014 acfitota

1221 2027 1364 2065 summa
1374 2025 1476 2064 Fisco
1491 2025 1791 2073 &veetigaliami
1815 2024 1946 2062 cedere
1969 2024 2136 2062 debuerit
2157 2039 2174 2071 3
2198 2026 2260 2068 sed

1223 2080 1306 2128 quia
1340 2076 1512 2117 vicefima
1547 2088 1627 2126 pars
1660 2077 1751 2114 illius
1782 2076 1948 2114 summae
1987 2088 2033 2114 eo
2059 2075 2259 2125 redigenda

1219 2128 1316 2168 effer.
1360 2130 1562 2177 Nongenta
1586 2129 1696 2166 millia
1718 2126 1916 2165 sestertium
1930 2155 1940 2171 ‚
1969 2125 2046 2165 five
2068 2136 2258 2175 nongenta

1219 2178 1395 2225 sestertia,
1426 2181 1564 2217 faciunt
1576 2179 1711 2218 22600.
1742 2179 1954 2216 Coronatos
1967 2177 2116 2214 nostros.
2140 2177 2257 2218 Tanti

1218 2231 1325 2279 ig³tur
1356 2232 1512 2269 Corellia
1537 2239 1677 2268 emerat
1699 2232 1945 2278 quincuncem
1959 2228 2063 2264 Plinii
2079 2254 2089 2269 ‚
2117 2227 2256 2277 dequo

1218 2281 1320 2331 supra
1341 2281 1451 2330 Epist.
1476 2280 1541 2317 XI.
1570 2280 1758 2327 Vigesrma
1783 2280 1888 2325 igitur
1909 2278 2017 2324 hujus
2030 2277 2194 2315 summae
2208 2290 2256 2317 ex

1218 2345 1323 2380 1125.
1377 2332 1575 2369 Coronatis
1606 2330 1734 2367 nostris
1755 2328 1951 2366 constabat.
2007 2327 2116 2363 Hanc
2135 2327 2254 2367 vindi-

1219 2383 1346 2420 cabant
1375 2382 1634 2419 Procuratores
1669 2379 1742 2417 srve
1765 2379 1971 2416 Publicani:
2000 2378 2256 2427 relinqueban-

1218 2440 1275 2469 tur
1300 2434 1419 2471 adhuc
1442 2430 1612 2470 solvenda
1634 2443 1653 2467 a
1679 2429 1837 2468 Corellia
1860 2440 1992 2478 21375.
2039 2429 2257 2469 Coronato-

1184 2505 1190 2535 ι
1221 2495 1314 2521 rum.
1371 2483 1478 2520 Hanc
1512 2482 1691 2519 summa-‚n
1728 2479 1905 2518 offerebat
1934 2481 1994 2518 illa
2025 2479 2164 2517 Plinio:
2193 2482 2255 2522 sed

1221 2534 1355 2572 Plinius
1378 2532 1565 2571 excusabat
1591 2561 1600 2576 ,
1629 2543 1748 2570 ratum
1770 2531 1936 2574 servans,
1965 2530 2068 2580 quod
2093 2531 2256 2570 Hermes

1220 2585 1367 2622 libertus
1389 2592 1618 2621 contraxerat
1639 2592 1735 2621 ante.
1789 2581 1998 2620 Contentus
2022 2582 2146 2630 itaque
2178 2582 2256 2631 sep-

133 2642 205 2674 tare
237 2648 321 2674 cum
358 2639 464 2675 novis
498 2635 729 2684 vediigalibas
764 2635 920 2672 instituit.
976 2637 1152 2676 Ceterum
1222 2638 1391 2684 tingentis
1414 2635 1592 2677 missibus,
1620 2633 1694 2672 slve
1716 2634 1946 2682 septingentis
1959 2631 2257 2681 sestertiissquae

135 2687 225 2725 inter
259 2688 444 2736 vectigalia
466 2686 520 2724 illa
543 2686 712 2724 vicesima
737 2697 888 2734 quoque
910 2687 1152 2726 hereditatum

137 2738 175 2776 ὃ(
203 2739 405 2785 legatorum
437 2750 518 2787 pars
549 2737 720 2784 destripta
746 2737 834 2773 suit:
864 2748 940 2774 non
961 2741 1152 2785 omnium,

139 2787 196 2826 sed
218 2797 497 2833 extraneorum;
529 2788 799 2837 pauperioribus
822 2798 948 2826 tamen
971 2791 1130 2837 exceptis
1145 2819 1154 2835 ,

140 2845 180 2874 ut
203 2840 274 2876 Dio
296 2840 423 2877 auetor
445 2840 493 2878 est
518 2840 597 2877 Lib.
616 2839 697 2875 LV.
730 2840 946 2877 Aliterliane
961 2840 1154 2878 vicesimae

140 2887 256 2934 legem
288 2893 503 2940 temperavit
535 2891 659 2929 Nerva
689 2890 810 2939 postea
828 2918 837 2934 ,
866 2893 904 2927 ὃς
928 2893 1066 2938 magis,
1096 2893 1157 2940 qui

144 2937 298 2976 successit
319 2942 348 2978 ei
366 2970 376 2985 ,
403 2942 587 2987 Traianus
602 2970 612 2986 ,
641 2942 686 2979 de
708 2953 784 2990 quo
801 2941 923 2977 noster
943 2943 1156 2990 panegyrici

144 2997 222 3034 cap.
256 2988 443 3044 XXXVII.
477 2994 514 3032 ὃς
546 2994 655 3032 tribus
685 2993 916 3041 sequentibus
939 3020 949 3036 ‚
977 2992 1035 3030 ubi
1058 2994 1159 3030 velut

146 3037 328 3096 historiam
351 3043 529 3089 quandam
551 3046 657 3093 hujus
682 3044 864 3090 veetigalis
881 3045 1002 3081 habes.
1044 3043 1156 3082 Redi-

147 3088 274 3138 gendis
303 3089 371 3130 istis
391 3092 566 3135 vicesimis
586 3095 829 3135 hereditatum
852 3097 941 3135 certi
961 3094 1155 3146 praepositi

1231 2697 1364 2734 17500.
1398 2687 1539 2723 Coton.
1565 2684 1751 2730 efficiunt)
1786 2684 1888 2733 quod
1913 2691 1988 2721 erat
2010 2682 2055 2719 ad
2085 2693 2255 2731 nongen-

1229 2745 1351 2775 torum
1387 2738 1566 2784 reliquum
1586 2760 1603 2780 -,
1629 2736 1702 2773 hoc
1731 2735 1802 2777 est,
1832 2735 1926 2784 3875
1963 2735 2104 2771 Coron.
2129 2734 2260 2772 Corel-

1231 2789 1300 2825 liae
1334 2787 1479 2825 remisit.
1533 2787 1691 2833 h'gregio
1724 2786 1978 2829 documento,
2006 2795 2083 2822 non
2104 2784 2258 2824 liberali-

1230 2840 1309 2876 tatis
1330 2838 1447 2876 modo
1462 2867 1471 2880 ,
1507 2848 1637 2874 verum
1657 2836 1878 2875 constantiae
1903 2847 2055 2885 quoque
2075 2847 2117 2872 ac
2139 2837 2260 2883 gravi-

1231 2891 1309 2928 tatis
1333 2918 1342 2933 ,
1381 2900 1469 2939 quas
1502 2889 1652 2926 virtutes
1684 2887 1838 2935 insignes
1872 2885 1974 2925 fuisse
2007 2888 2043 2924 in
2065 2886 2189 2924 nostro
2211 2898 2258 2925 ex

1230 2942 1303 2979 aliis
1341 2952 1493 2990 quoque
1530 2940 1656 2976 harum
1698 2937 1942 2988 Epistola'ruin
1978 2938 2067 2975 locis
2105 2935 2256 2976 constat.

1233 2993 1498 3030 Bucinna.
1526 2990 1614 3026 Non
1649 2989 1835 3028 adsecutus
1868 2989 1917 3026 est
1948 2997 2113 3027 mentem
2153 2989 2258 3027 Plinii

1230 3044 1451 3081 Buchnerus.
1504 3042 1764 3088 Quincuncem
1796 3041 1898 3078 Piinii
1936 3047 2074 3078 emerat
2099 3038 2255 3076 Corellia

1229 3106 1276 3134 eo
1304 3095 1423 3145 pretio
1444 3122 1458 3142 ,
1493 3091 1699 3182 acqflstota
1728 3091 1910 3133 hereditas
1931 3089 2017 3132 effet
2036 3091 2258 3176 septingenssta

1538 3170 1554 3182 2.
1630 3155 1650 3182 2
2167 3148 2206 3175 m
2232 3157 2249 3165 ·
