2616 3686
519 180 863 234 LIBER
929 179 1717 233 V111.EP18TOLA
1780 187 1849 238 X.
2155 214 2257 264 579

133 265 433 348 jucundum
453 271 665 325 tamen,
702 259 837 316 nihil
859 276 1048 331 agere,
1089 258 1223 314 nihil
1245 258 1375 339 effe:
1398 260 1538 317 adeo
1561 262 1732 317 multa
1754 279 1845 319 me
1871 270 2088 340 negotia
2119 278 2252 329 ami-

125 344 329 404 ·*comm
348 349 368 373 ι
388 356 502 396 nec.
521 336 798 400 secedere,
838 352 943 390 nec
968 333 1183 391 studere
1203 337 1496 407 patiuntur.
1537 335 1699 391 Nulla
1730 340 1873 393 enim
1895 340 2064 397 studia
2089 350 2287 410 tanti,z

135 434 201 477 rut
234 416 495 474 amicitiae
528 410 782 469 officium
829 409 1137 466 deseratur:
1194 410 1350 483 quod
1395 409 1780 483 religiosiffime
1812 413 2252 484 custodiendum,

131 493 304 552 studia
324 491 434 567 ipsa
462 487 811 563 praecipiunt.
851 484 994 541 Vale.

275 641 352 698 X.
398 636 471 694 C.
523 636 872 693 PLINIUS
911 631 1235 690 FABaro
1283 633 1807 691 Paosocmo
1857 636 2007 694 Suo
2058 637 2113 692 S.

133 787 382 846 Fabatum
406 795 568 839 monet
591 822 610 850 ‚
665 783 997 859 Calpurniam
1029 799 1236 838 uxorem
1268 782 1420 858 fitam
1443 783 1616 856 fecisse
1648 783 1883 839 abortum
1906 823 1924 849 ‚
1981 785 2037 844 ξεί
2067 785 2172 841 ideo
2193 789 2248 842 in

189 862 447 937 fiaemmum
467 860 726 932 discrimen
745 860 967 914 adduci:
986 859 1084 928 sed
1105 859 1350 913 hortatur
1375 902 1390 928 ,
1437 860 1556 913 bene
1574 859 1744 932 speret
1769 897 1785 923 ,
1842 865 1962 934 quia
1982 880 2014 915 a
2026 864 2249 936 periculo

202 935 363 992 libera
381 935 530 1011 potest
548 934 716 989 adhuc
728 950 907 1011 parere
934 934 1112 989 liberos
1129 975 1148 1002 ‚
1194 950 1307 988 cum
1319 937 1442 1010 jam
1481 936 1590 1007 ejus
1617 938 1691 987 νεὶ
1722 934 1917 990 dederit
1948 941 2250 1012 experimen-

202 1023 330 1067 tum.

299 1157 398 1214 Uo
437 1158 606 1233 magis
632 1159 781 1230 cupis
805 1175 874 1214 ex
902 1157 1060 1212 nobis
1077 1168 1408 1230 pronepotes
1433 1156 1650 1222 videre,
1690 1156 1798 1212 hoc
1823 1155 2022 1212 tristior
2040 1159 2246 1226 audieS‚

302 1247 519 1307 neptem
542 1249 690 1289 tuam
717 1234 970 1288 abortum
995 1240 1013 1264 ²
1034 1231 1240 1296 fecisse,
1280 1232 1413 1287 dum
1437 1231 1492 1287 se
1516 1245 1903 1304 praegnantem
1928 1232 2029 1287 effe
2054 1239 2068 1266 ³
2097 1236 2249 1306 puel-

129 1310 309 1364 lariter
328 1309 526 1371 nescit,
555 1327 617 1363 ae
639 1326 735 1381 per
760 1307 866 1364 hoc
887 1308 1152 1381 quaedam
1171 1313 1192 1343 ⁴
1215 1306 1562 1362 custodienda
1583 1306 1995 1380 praegnantibus
2022 1310 2246 1373 omittit,

124 1383 252 1439 facit
279 1383 606 1439 omittenda:
649 1400 815 1456 quem
837 1400 1080 1441 errorem
1098 1393 1112 1422 ⁵
1137 1384 1341 1453 magnis
1369 1382 1714 1438 documentis
1747 1383 2009 1455 expiavit,
2033 1384 2087 1437 in
2113 1383 2256 1439 sum·

234 1582 278 1616 In
297 1589 370 1617 tota
383 1578 486 1629 juvit
504 1591 602 1628 quem
623 1578 709 1617 nibil
725 1576 799 1616 effe
817 1577 925 1617 domo.

127 1677 158 1718 B
171 1692 192 1717 Α
206 1693 230 1719 R
243 1692 267 1718 τ
279 1693 316 1717 Η.
341 1679 429 1716 Hoc
450 1679 553 1717 valde
573 1679 773 1727 suspeetum
793 1678 854 1716 est.
881 1678 982 1728 Quid
1000 1681 1098 1718 enim
1112 1680 1155 1719 fi-

126 1731 270 1778 gnificat
287 1733 358 1768 hoc
377 1732 461 1768 loco
482 1729 570 1767 nihil
588 1731 643 1780 effi}
665 1730 681 1767 ?
721 1736 782 1767 An
801 1729 995 1778 legendum
1017 1759 1028 1776 ‚
1065 1732 1154 1769 nihil

129 1781 211 1830 nosse
230 1792 246 1820 ,ι’
283 1782 338 1819 Sc
351 1794 372 1817 n
385 1795 405 1817 h
421 1794 438 1816 F
452 1793 470 1817 12
484 1793 551 1818 ER.
595 1785 785 1830 Perper-am
812 1780 1025 1820 Schefferus.
1049 1782 1152 1819 Nihil

129 1831 174 1874 est
188 1859 200 1875 ,
239 1832 301 1881 qui
319 1832 457 1869 nullam
479 1839 617 1879 partem
641 1843 745 1870 curae
764 1858 775 1876 ,
813 1831 942 1876 officii,
967 1831 1095 1870 laboris
1115 1834 1151 1870 in

126 1880 161 1917 se
178 1882 334 1929 suscipit,
359 1882 429 1929 ipse
450 1883 582 1919 otiosus
601 1885 725 1922 omnia
743 1882 813 1919 aliis
831 1883 1014 1931 permittit.
1049 1884 1153 1931 Lege

129 1930 221 1968 haec
241 1929 444 1969 commode
469 1932 699 1972 illustrantem
725 1931 918 1974 Broclzhus.
945 1933 990 1972 ad
1013 1933 1151 1973 Tibull.

130 1981 212 2019 Lib.
230 1980 259 2019 Ι.
284 1980 385 2029 Eleg.
406 1980 453 2020 V.
477 1992 530 2021 vs.
549 1993 609 2031 30.
1123 1979 1127 1984 ’

181 2082 250 2119 Illa
273 2091 366 2130 regat
387 2081 540 2126 cun-flos,
566 2081 701 2132 illifint
720 2083 836 2122 omnia
858 2095 985 2130 curae,

230 2137 276 2169 Et
288 2135 388 2180 juvet
409 2132 446 2169 in
465 2141 538 2169 tota
560 2145 613 2171 me
634 2135 719 2172 nihil
738 2132 808 2172 effe
829 2135 940 2188 domo.

125 2232 212 2270 Alio
234 2232 329 2270 sensu
347 2233 515 2270 Lucanus
540 2231 622 2271 Lib.
641 2233 731 2272 VlI.
757 2243 815 2272 vs.
828 2234 918 2272 268.

180 2332 308 2370 omnia
330 2334 416 2370 dum
438 2330 529 2368 vobis
552 2331 698 2377 liceant,
725 2334 810 2371 nihil
828 2331 898 2372 esse
917 2334 1036 2383 recufh.

125 2430 186 2470 De
215 2433 380 2480 particula
414 2432 509 2469 olim
536 2431 673 2470 difium
703 2431 748 2470 ad
785 2432 865 2470 Lib.
893 2433 922 2470 Ι.
956 2431 1065 2482 Epist.
1084 2431 1151 2471 XI.

123 2483 232 2531 pn'nc.
249 2483 351 2519 Olim
372 2481 460 2518 mihi
477 2482 592 2518 nullas
612 2482 760 2532 epistolas
775 2483 895 2519 mittis.

180 2545 207 2569 1.
236 2538 304 2569 Nec
323 2531 485 2570 secedere
509 2561 520 2576 ‚
558 2546 615 2570 nec
626 2533 763 2579 studere
779 2532 1001 2583 permantum]
1030 2532 1149 2570 Aldus

126 2581 253 2621 edidit:
281 2595 338 2619 nec
358 2582 498 2625 sedere,
525 2595 583 2619 nec
600 2583 730 2627 studere
743 2584 939 2632 patiamur.
968 2582 1011 2620 In
1030 2582 1148 2621 Medi-

124 2643 192 2671 ceo
210 2631 317 2670 exstat
344 2644 352 2669 ε
381 2645 440 2669 nec
461 2631 587 2670 cedere
602 2661 612 2677 ‚
651 2647 709 2670 πει
723 2635 868 2680 studere.
919 2632 975 2669 Ex
997 2644 1072 2682 quo
1090 2645 1152 2680 pa·

128 2689 200 2726 tet.
226 2682 324 2720 reete
343 2683 429 2720 alios
449 2681 580 2720 dedisse
599 2685 749 2732 secedere
769 2698 779 2726 ;
819 2682 991 2732 liquidem
1026 2684 1062 2721 in
1089 2683 1151 2721 illis

128 2733 267 2781 aliisque
286 2733 505 2772 membranis
529 2734 717 2782 aliquoties
739 2735 848 2771 cedere
870 2737 907 2771 Ν
929 2731 1023 2782 cessus
1047 2761 1058 2777 ,
1085 2745 1149 2782 pro

123 2781 264 2829 findere
283 2784 321 2820 δε
334 2783 465 2833 seceffus
493 2786 647 2822 occurrit
671 2813 681 2828 ,
717 2784 818 2832 quod
845 2784 1078 2822 indicavimus
1105 2784 1150 2821 ad

134 2831 210 2869 Lib.
236 2833 279 2870 ΙΙ.
306 2833 412 2881 Epist.
433 2835 462 2873 I.
495 2847 534 2872 n.
555 2834 591 2872 8.
626 2836 674 2872 ad
707 2848 819 2872 omnes
849 2834 984 2871 lmzores
1001 2847 1087 2871 meos
1107 2847 1149 2870 ex

133 2880 305 2937 secessibus
321 2885 516 2923 adcucurrit
539 2913 550 2929 ,
588 2885 648 2923 ubi
677 2886 837 2933 plerique
860 2886 934 2923 libri
950 2897 991 2922 ex
1012 2884 1150 2931 ceffibus.

137 2933 256 2967 bta'im
279 2933 465 2980 Optimus:
495 2934 608 2973 Nulla
627 2938 715 2973 enim
728 2936 846 2983 studia
865 2936 953 2973 tanti
967 2964 977 2978 ‚
1004 2946 1041 2973 ut
1062 2935 1151 2971 ami-

135 2981 230 3018 cm'ae
251 2989 314 3020 cet.
332 2983 376 3020 ad
393 2986 684 3026 consuetudinem
703 2985 871 3026 Secundi.
902 2986 1026 3034 Vulgo
1039 2998 1047 3022 :
1060 2985 1153 3023 tanti
1226 2985 1269 3022 da
1289 2985 1449 3023 lefrione
1469 2986 1676 3024 documentis
1699 3014 1708 3030 ‚

130 3030 226 3076 fimt.

1273 1540 1308 1566 2.
1334 1529 1474 1580 Fecisse,
1502 1530 1587 1568 dum
1602 1530 1640 1580 se
1660 1529 1757 1580 era]
1784 1529 1996 1578 Distingue‚
2009 1474 2257 1580 feciffffgtae

1208 1579 1248 1629 fi
1271 1592 1340 1619 σε.
1366 1581 1399 1618 C
1413 1594 1434 1618 A
1447 1594 1463 1618 s
1477 1594 1499 1618 A
1512 1594 1537 1619 u
1553 1594 1572 1618 Β
1583 1593 1608 1618 o
1623 1594 1660 1618 u.
1688 1580 1789 1618 Male
1815 1580 1969 1619 adsecuti
1990 1580 2069 1618 sunt
2088 1590 2256 1620 mentem

1225 1642 1425 1668 manumve
1445 1631 1646 1670 Casauboni
1664 1643 1809 1680 operae.
1842 1631 1943 1670 Nam
1963 1631 2042 1680 post
2054 1631 2169 1681 seciffe
2185 1633 2260 1682 ple-⁴

1225 1693 1272 1719 ne
1299 1681 1461 1729 distingui
1479 1684 1618 1732 nequit.

1280 1743 1314 1780 3.
1338 1731 1583 1782 Puellariter]
1622 1731 1690 1770 Per
1716 1732 1918 1780 puellarum
1936 1730 2196 1781 fimplicitatem
2216 1735 2258 1773 &

1223 1783 1449 1830 imperitiam.
1486 1783 1575 1820 Hoc
1596 1783 1645 1821 est
1663 1811 1676 1828 ‚
1703 1783 1805 1832 quod
1823 1783 1987 1832 sequenti
2008 1783 2166 1832 Epistola
2188 1785 2259 1823 Hi-

1221 1832 1368 1879 spullam
1385 1834 1433 1871 ait
1451 1833 1545 1871 nulla
1567 1833 1718 1883 quidem
1740 1835 1799 1872 sua
1820 1835 1922 1882 culpa
1935 1861 1946 1877 ‚
1971 1832 2033 1872 sed
2048 1835 2173 1872 aetatis
2192 1834 2260 1872 ali-

1222 1895 1292 1932 qua
1317 1882 1355 1921 in
1381 1884 1531 1922 summo
1559 1885 1763 1923 discrimine
1797 1884 1913 1921 fuifle.
1964 1883 2132 1933 Sequitur
2156 1887 2256 1922 enim

1222 1935 1359 1972 statim:
1383 1934 1463 1972 inde
1480 1934 1621 1973 abortus
1640 1963 1650 1978 ,
1678 1946 1720 1973 εν
1736 1935 1886 1984 ignorati
1905 1934 1994 1970 uteri
2014 1934 2106 1980 triste
2127 1936 2254 1982 experi-

1222 1994 1392 2022 mentum.
1444 1984 1625 2034 Significat
1647 1985 1746 2023 enim
1770 1984 1854 2021 ideo
1872 1984 1908 2022 in
1928 1984 2115 2022 summum
2137 1985 2254 2023 discri-

1222 2046 1311 2073 men
1331 2034 1525 2073 adduetam
1545 2036 1670 2082 fuisse,
1693 2034 1794 2084 quod
1810 2036 1991 2082 ignoraret
2007 2036 2043 2072 se
2063 2035 2156 2072 ferre
2174 2042 2254 2073 ute-

1218 2096 1301 2124 rum
1312 2112 1324 2129 ,
1349 2093 1523 2135 tanquam
1545 2087 1657 2136 puella
1668 2115 1679 2128 ,
1707 2088 1745 2122 &
1767 2086 1964 2134 inexperta.
1989 2085 2016 2122 B
2030 2097 2054 2122 u
2069 2098 2090 2123 c
2104 2098 2125 2121 H
2141 2098 2164 2122 N
2178 2096 2200 2122 Ε
2215 2096 2251 2124 R.

1269 2148 1307 2182 4.
1333 2137 1670 2186 eustodienda,],1d
1682 2136 1729 2173 est
1741 2163 1751 2180 ,
1763 2134 1996 2173 observanda.
2015 2136 2255 2173 Praecedeme

1221 2184 1331 2234 Epist.
1353 2188 1455 2235 quod
1483 2187 1705 2236 religiofiffime
1732 2186 1995 2232 custodiendum.
2048 2186 2255 2224 Columella

1223 2236 1305 2275 Lib.
1325 2238 1388 2274 XI.
1418 2249 1495 2284 cap.
1519 2240 1541 2274 l.
1580 2245 1651 2274 Hoc
1678 2237 1783 2286 igitur
1814 2235 1988 2272 custodire
2008 2244 2132 2284 oportet
2153 2236 2254 2272 Villi-

1222 2298 1312 2325 cum.
1365 2288 1540 2334 custodire
1551 2287 1659 2332 scrisis
1681 2313 1692 2330 ,
1718 2296 1786 2333 pro
1809 2286 1994 2322 observare
2014 2285 2100 2322 alter
2121 2286 2252 2323 Plinius

1223 2336 1311 2374 dixit
1338 2337 1419 2373 Lib.
1436 2338 1591 2374 XXXV.
1620 2338 1704 2374 Nat.
1723 2335 1856 2371 Histor.
1876 2334 2012 2382 cap.ll.
2038 2334 2148 2381 Apud
2171 2336 2255 2372 No-

1222 2386 1333 2423 strum
1354 2387 1454 2434 supra
1482 2386 1562 2422 Lib.
1583 2386 1651 2423 IV.
1690 2386 1796 2432 Epist.
1821 2384 1927 2422 XVI.
1963 2383 2120 2427 custodite
2138 2385 2254 2422 ludere

1222 2435 1271 2473 est
1304 2444 1408 2472 caute
1433 2437 1470 2471 &
1496 2435 1752 2484 circumspecte
1788 2434 1924 2471 ludere.
1960 2433 2060 2471 Idem
2087 2436 2168 2472 Lib.
2186 2435 2257 2474 Vl.

1220 2485 1328 2533 Epist.
1344 2485 1482 2523 XXIX.
1520 2486 1642 2521 Tuitus
1664 2490 1745 2534 sum
1777 2483 1923 2535 Julium
1944 2485 2086 2533 Baffum
2107 2513 2116 2527 ‚
2144 2497 2183 2521 ut
2199 2485 2254 2521 in-

1219 2534 1420 2582 custoditum
1440 2545 1481 2573 (9¹
1502 2534 1681 2572 incautam
1695 2563 1705 2579 ‚
1723 2535 1776 2571 ita
1788 2534 1928 2571 minime
1937 2536 2082 2571 matum.
2110 2535 2125 2572 I
2142 2548 2164 2572 D
2177 2548 2198 2571 E
2211 2547 2253 2572 Μ.

1221 2585 1367 2634 Saepius
1391 2586 1463 2622 hoc
1491 2585 1588 2622 sensu
1620 2584 1881 2631 Quixielilianus
1908 2585 1945 2621 in
1967 2585 2253 2622 Declamationi-

1217 2636 1281 2673 bus
1310 2636 1459 2673 verbum
1484 2634 1644 2682 custodire
1663 2636 1834 2681 adhibuit,
1867 2635 1949 2673 Alia
1968 2647 2035 2674 nos
2053 2635 2180 2673 dimus
2202 2634 2247 2671 ad

1218 2688 1360 2725 Lucani
1388 2686 1466 2722 Lib.
1491 2686 1534 2722 11.
1561 2697 1610 2722 vs.
1634 2687 1720 2735 389.

1271 2784 1436 2831 Justitiae
1455 2795 1569 2822 cultos
1583 2812 1594 2830 ,
1622 2785 1723 2834 fligidi
1735 2785 1895 2835 servator
1913 2785 2047 2834 honesti.

1229 2885 1411 2933 Corrupte
1436 2883 1570 2921 Alius:
1599 2885 1812 2932 custodienda
1831 2885 2144 2936 praegnationibus.

1281 2949 1313 2983 ς.
1348 2936 1481 2984 Magnis
1502 2936 1723 2974 detrimentis
1743 2938 1934 2988 expiavit]
1963 2936 2044 2974 Fuit
2074 2939 2111 2975 in
2129 2937 2254 2974 secun-

1745 2988 1781 3025 id
1813 2988 1861 3025 est
1883 3015 1893 3030 ‚
1930 2989 2183 3036 experimentis
2218 2990 2255 3024 ὃ(

1223 3038 1402 3085 exemplis
1416 3064 1425 3082 ,
1453 3038 1576 3087 quibus
1597 3037 1835 3125 inDpcslgerum
1848 3038 1978 3077 edoc'ta
1997 3035 2255 3088 fuitquideffet

1677 3102 1688 3124 <
1746 3088 1768 3127 d
1798 3102 1816 3127 2
2114 3088 2256 3125 facium.
