2616 3686
400 185 827 247 ‘LIBER
894 192 1968 260 XJEPISTO‘LA.LXXXV.
2190 218 2289 285 305

157 279 308 340 Dion
333 279 390 345 in·
413 276 549 333 Bule
577 274 845 346 adsignari
869 274 1076 329 civitati
1101 289 1280 345 opus,
1301 277 1450 348 cujus
1474 297 1662 336 curam
1689 301 1901 355 egerat,
1920 291 2096 346 vellet.
2134 292 2288 354 Tum

159 355 460 424 Eumolpus
499 357 514 382 ¹
545 348 792 405 adsistens
822 345 1002 403 Flavio
1028 348 1315 423 Archippo
1352 351 1530 418 dixit,
1570 358 1893 430 exigendam
1921 363 2024 419 effe
2053 383 2081 418 a
2107 365 2287 426 Dione

163 431 430 485 rationem
456 426 634 498 operis
658 434 782 478 ante
814 440 978 495 quam
1008 422 1167 496 Reip.
1204 426 1508 483 trad-eretur
1534 472 1550 499 ‚
1598 431 1751 505 quod
1795 434 1946 490 aliter
1979 436 2181 493 feciffet
2220 461 2281 497 ac

161 501 440 564 debuiffet.
488 499 708 571 Adjecit
733 498 1050 569 etiam‚esse
1079 501 1171 553 ²in
1201 501 1400 557 eodem
1428 522 1594 576 opere
1615 507 1839 578 politam
1870 524 2013 565 tuam
2045 510 2320 580 statuam,z

158 579 214 634 &
239 594 469 648 corpora
493 575 827 646 sepultorum
851 574 1275 638 uxoriS‘Dionis‚
1291 577 1345 631 δε
1368 583 1383 611 ³
1409 578 1530 643 filii,
1552 581 1945 656 postulavitque
1966 592 1987 621 ο
2007 599 2284 658 Πῑςοὲῃο-

161 652 366 708 scetem
394 668 493 723 pto
521 648 788 710 tribunali,
867 648 1039 719 Quod
1068 667 1193 704 cum
1225 668 1328 722 ego
1355 669 1441 706 me
1463 657 1709 725 protinus
1735 657 1998 715 facim-um
2026 703 2048 723 ‚,
2091 661 2320 734 (issam-3

159 743 389 799 rumque
411 721 806 797 profeciionem
832 721 1072 778 dixiffem
1099 765 1113 787 ,
1171 739 1229 780 ut
1263 728 1569 797 longiorem
1609 730 1754 786 diem
1777 740 1796 768 ςγ
1815 734 1881 788 ad
1917 734 2285 794 instruendam

2075 811 2225 867 causa

155 887 298 915 currum
333 871 588 921 triumphalem
620 869 836 921 reposuisse,
870 873 908 910 ὅ(
934 870 1059 911 crebro
1078 873 1186 923 respi-
1213 880 1218 923 ξ
1252 876 1472 916 recentiores
1494 889 1580 916 cum
1599 878 1785 918 Catanaeo
1805 881 1844 918 &
1865 881 1971 929 Junta
1984 883 2150 931 filiorum.
2231 831 2286 870 m

155 927 311 965 cientem
334 921 479 967 dixiffe,
508 937 585 961 amo
605 935 636 962 te
647 924 809 973 sicutme
830 925 1078 974 ipsum,eique
1101 926 1184 973 plu·
1212 925 1216 977 ξ
1304 942 1340 975 4.
1371 933 1415 965 Ut
1446 931 1679 984 cognoscerem?
1685 941 1746 979 pro
1770 932 1975 983 tribunali.]
2004 937 2051 973 Et
2067 936 2180 975 infra:
2202 950 2282 976 cum

155 978 261 1016 rimas
303 975 428 1013 statuas
461 974 606 1012 erectas.
660 974 779 1023 Hujus
812 977 994 1014 Lucianus
1013 976 1183 1014 meminit
1212 979 1215 1011 ἕ
1244 979 1398 1029 sediffem
1423 982 1628 1027 cogniturus.
1658 983 1794 1019 Causae
1813 987 1993 1030 graviores
2012 985 2285 1035 cognosceban-

155 1039 240 1066 cum
272 1026 353 1064 alibi
375 1054 385 1070 ,
424 1036 503 1062 tum
539 1037 623 1062 cum
652 1026 818 1072 paralitus
835 1026 895 1064 fibi
915 1026 1180 1065 inscribendum
1210 1043 1214 1082 2
1253 1038 1311 1066 tur
1333 1041 1352 1066 a
1373 1040 1535 1077 praetore
1556 1032 1613 1069 vel
1642 1035 1810 1080 procons.
1841 1037 1897 1072 vel
1919 1036 2076 1084 praeside
2096 1066 2105 1081 ,
2131 1038 2280 1079 sedente

130 1114 135 1115 ⁷
154 1078 238 1117 dicit
264 1076 415 1126 parasito
437 1105 446 1118 ,
477 1075 563 1114 ficut
600 1076 714 1114 Dioni
738 1076 965 1125 philosopha
993 1076 1061 1113 CA
1077 1090 1184 1117 τΑΝ.
1210 1094 1214 1127 ÷
1253 1080 1290 1117 in
1308 1081 1446 1118 sublimi
1466 1092 1531 1128 pro
1554 1083 1854 1121 tribunali2unde
1872 1086 1947 1124 illae
1965 1086 2284 1137 dieS,quibushoc-

156 1126 260 1166 Voff.
289 1129 327 1165 &
366 1127 432 1165 Ed.
460 1126 547 1164 Vet.
574 1127 746 1164 Coccianis
772 1126 994 1172 diambulae,
1018 1139 1085 1174 pro
1106 1139 1215 1177 quo
1254 1130 1383 1175 fiebat,
1402 1131 1582 1180 sessionum
1599 1133 1664 1171 dies
1685 1145 1706 1171 a
1728 1134 1863 1173 Latinis
1878 1137 1946 1183 JC.
1964 1139 2284 1187 appellabantur‚a

155 1180 312 1229 reliquae
340 1189 493 1216 omnes:
522 1178 711 1214 Coccianus
738 1178 831 1214 Dion
850 1179 887 1215 in
913 1177 999 1216 bule.
1026 1177 1116 1216 Bule
1134 1179 1182 1218 est
1212 1180 1216 1189 '
1259 1182 1402 1219 Graecis
1428 1183 1550 1231 ἧμέξαιι
1571 1190 1775 1228 proxumi.
1798 1190 1894 1231 βῆμιι
1921 1189 2017 1226 enim
2042 1189 2090 1226 est
2108 1191 2282 1238 tribunal,

157 1230 319 1275 senatus,
347 1239 387 1266 ut
405 1234 503 1277 patet
524 1240 569 1266 ex
592 1235 678 1264 nota
698 1227 743 1265 ad
762 1228 870 1276 Epist.
892 1228 1073 1266 XLVIII.
1097 1241 1131 1266 n.
1150 1243 1183 1279 ς)
1258 1230 1373 1270 Glofl'.
1392 1240 1465 1271 vet.
1484 1233 1806 1281 Tribtrnal‚ss2?,1.‹a.
1832 1237 2006 1283 Enniam
2027 1240 2086 1277 ἐπὶ
2103 1242 2285 1290 ἄρχοντος,

157 1282 308 1329 Legitur
339 1281 451 1317 etiam
482 1282 518 1318 in
548 1276 648 1315 Voff
673 1279 854 1330 adfignare
883 1290 960 1326 pro-
973 1277 1150 1329 adsignari
1171 1308 1182 1326 ,
1258 1283 1449 1322 Tribunal.
1484 1283 1582 1322 Vide
1620 1287 1711 1334 Leg.
1741 1287 1787 1325 ΙΙ.
1822 1290 1854 1329 §-
1881 1289 1982 1328 Dies.
2006 1289 2045 1327 &
2081 1293 2113 1341 §.
2137 1292 2208 1342 seq.
2236 1293 2288 1333 D,

155 1329 473 1381 quemadmodum
496 1330 596 1378 supra
615 1328 715 1367 idem
739 1340 824 1367 cum
837 1330 983 1377 optimis
1016 1330 1183 1378 Epist.L.
1257 1334 1354 1382 Quis
1382 1333 1475 1372 ordo
1503 1335 1540 1372 in
1571 1335 1656 1374 bon.
1681 1335 1767 1385 poff
1788 1338 1876 1377 serv.
1908 1341 1945 1377 δε
1974 1341 2065 1389 Leg.
2094 1344 2138 1381 V.
2165 1345 2185 1393 §
2228 1355 2288 1392 19.

154 1394 192 1421 n.
217 1394 247 1421 ι.
273 1379 617 1428 convenienttffimum
638 1379 778 1417 videtur
807 1379 1055 1419 demonstrare
1085 1390 1181 1431 opera
1217 1411 1220 1428 ,
1256 1385 1316 1422 sex
1337 1393 1474 1423 autem.
1501 1385 1550 1423 D.
1577 1394 1615 1423 ut
1636 1386 1723 1435 poff.
1748 1389 1850 1437 legat.
1879 1391 1937 1429 ubi
1958 1400 2087 1441 tempus
2110 1395 2286 1443 fiſjr'onum

163 1441 230 1472 cet.
256 1433 321 1470 ubi
339 1433 450 1480 vulgo
470 1431 704 1477 demonstrari.
1218 1429 1222 1465 l
1259 1435 1386 1474 dicitur
1448 1435 1549 1474 Hinc
1571 1440 1644 1476 nati
1663 1438 1706 1475 X.
1725 1439 1799 1478 libri
1827 1441 1992 1489 Ulpiani,
2019 1454 2110 1491 quos
2131 1446 2285 1482 onmium

164 1506 165 1510 =
216 1496 246 1522 1·.
277 1480 486 1532 Adfistena]
525 1482 674 1519 Variant
698 1483 734 1520 in
763 1482 831 1519 hac
858 1493 953 1520 voce
967 1483 1053 1522 libri.
1081 1481 1187 1521 Voff.
1218 1467 1222 1516 i
1259 1486 1493 1523 tribunalium
1512 1487 1787 1536 inscripfit,five
1805 1499 1842 1527 ut
1864 1491 1913 1528 est
1935 1494 1971 1530 in
1992 1493 2110 1532 indice
2131 1496 2169 1532 P.
2191 1496 2286 1536 Flor.

160 1521 244 1573 M‘S.
267 1535 305 1570 &
328 1533 443 1581 prima
465 1532 532 1570 Ed.
552 1531 752 1581 abfistente:
779 1532 958 1578 Aldinae,
983 1533 1186 1571 Schureria-
1258 1537 1554 1575 Protribunalian.
1585 1539 1726 1576 Eodem
1746 1542 1927 1588 pertinent
1942 1543 2017 1581 libri
2038 1552 2108 1582 tres
2127 1550 2291 1585 Decreto-

160 1595 232 1629 na,
258 1584 466 1633 Gryphiana
480 1610 490 1627 ,
516 1584 604 1622 item
626 1594 751 1631 margo
770 1583 971 1621 Casauboni
991 1584 1028 1620 δε
1049 1584 1186 1622 Minois
1259 1600 1338 1625 rum
1358 1588 1455 1626 Pauli
1474 1615 1484 1631 ‚
1517 1590 1554 1625 &
1577 1589 1759 1628 Callillrati
1778 1592 1837 1629 sex
1860 1592 1904 1630 de
1926 1595 2173 1642 cognitionibus.
2194 1597 2285 1635 haec

161 1635 340 1685 adsistente
362 1662 373 1679 ,
409 1643 549 1672 ceterae
567 1633 727 1679 adststens
748 1662 758 1677 ‚
784 1634 820 1672 id
846 1634 948 1683 quod
973 1635 1079 1672 unice
1099 1646 1184 1682 pro·
1259 1639 1358 1676 enim
1388 1649 1455 1687 pro
1484 1639 1646 1677 tribunali
1677 1639 1818 1679 fiebant.
1858 1653 2094 1692 opponuntur
2123 1646 2218 1685 faeta
2245 1649 2286 1686 da

162 1685 262 1724 bum.
299 1685 388 1724 Non
411 1685 509 1724 enim
529 1683 710 1721 adiistebat
726 1683 864 1722 Flavius
884 1684 1088 1733 Archippus
1107 1685 1183 1722 Eu-
1251 1688 1356 1737 plano
1378 1716 1389 1732 ‚
1416 1688 1452 1726 d.
1476 1688 1570 1737 Leg.
1593 1690 1638 1727 11.
1679 1691 1710 1733 ἕ.
1743 1703 1775 1729 1.
1811 1691 1896 1730 dies.
1936 1695 1985 1732 D.
2011 1697 2113 1742 Quis·
2136 1697 2229 1735 ordo
2247 1699 2285 1737 in

162 1739 290 1786 molpo
325 1765 336 1783 ,
362 1735 422 1773 sed
469 1735 526 1773 hic
560 1735 606 1772 illi
629 1762 639 1778 ‚
690 1742 728 1772 ut
750 1735 971 1774 demonstrat
996 1747 1032 1773 n.
1058 1736 1093 1772 6.
1123 1736 1183 1774 ubi
1257 1739 1343 1779 bon.
1369 1737 1458 1788 pofl'.
1483 1740 1573 1777 serv.
1598 1741 1729 1790 Leg.1.
1759 1743 1791 1784 §.
1809 1755 1837 1780 1.
1866 1744 1917 1782 D.
1943 1744 1989 1784 de
2011 1746 2149 1784 constit.
2172 1748 2286 1787 Princ.

161 1789 273 1825 etiam
310 1785 514 1825 ostendetur
542 1813 552 1830 ,
587 1783 747 1823 adsistere
793 1785 864 1824 effe
905 1785 1181 1825 advocatorum.
1256 1790 1289 1826 R
1301 1803 1315 1828 1
1331 1802 1354 1826 T
1368 1802 1392 1827 τ
1407 1802 1427 1827 ε
1444 1802 1469 1827 R
1484 1804 1500 1828 s
1512 1804 1535 1829 H
1548 1803 1574 1828 U
1588 1803 1602 1829 s
1614 1805 1626 1829 1
1641 1803 1666 1830 u
1682 1806 1710 1831 s.
1738 1793 1829 1842 Leg.
1843 1795 1911 1833 VI.
1936 1814 1974 1835 π.
1993 1796 2037 1834 de
2047 1798 2196 1836 accusat.
2212 1802 2285 1838 Le·

160 1837 310 1875 Mentio
347 1845 469 1875 autem
507 1836 572 1875 fuit
607 1836 700 1874 faeta
737 1836 848 1874 Flavii
876 1837 1045 1885 Archippi
1072 1837 1182 1886 Epist.
1215 1811 1219 1879 Ι
1258 1842 1317 1879 via
1337 1841 1488 1879 crimina
1512 1843 1634 1880 audire
1651 1853 1692 1882 ω·
1714 1844 1877 1891 discutere
1897 1845 1942 1883 de
1960 1848 2069 1896 plano
2086 1848 2284 1888 Proconsu-

160 1887 304 1926 LXVI.
330 1889 367 1926 ὅ(
386 1887 470 1925 huic
483 1886 616 1936 junffls
637 1886 770 1925 duabus
787 1887 1002 1926 Domitiani.
1050 1887 1120 1924 Lo
1135 1901 1179 1927 u·-
1256 1891 1331 1929 lem
1352 1900 1488 1942 oportet.
1515 1893 1607 1940 Leg.
1627 1894 1770 1931 XVIIl.
1800 1896 1834 1936 §.
1859 1908 1916 1934 10.
1944 1915 1984 1935 n.
2021 1897 2066 1936 de
2090 1900 2288 1948 Quaestio-

163 1948 189 1975 6
205 1951 262 1976 01.
277 1951 290 1976 1
305 1952 370 1976 υς.
1252 1942 1355 1980 nibus
1377 1955 1386 1980 ε
1415 1942 1595 1990 Custodiae
1614 1957 1682 1981 non
1692 1945 1808 1994 filum
1840 1957 1905 1994 pro
1927 1948 2089 1986 tribunali
2111 1976 2122 1993 ‚
2154 1951 2218 1999 sed
2239 1963 2281 1992 ey

206 2002 242 2028 2.
272 1995 313 2026 ln
331 1989 464 2028 eodem
488 1990 640 2041 opere]
669 1989 720 2028 Ita
737 1992 867 2028 orn'nes
883 1989 959 2028 libri
980 2017 989 2035 ‚
1018 1991 1176 2040 exceptis
1252 1992 1299 2031 de
1330 1994 1437 2042 plano
1467 1994 1583 2032 audiri
1605 1995 1738 2045 possunt
1762 2008 1864 2048 atque
1897 1998 2073 2038 damnari.
2111 2000 2282 2041 Martialis

153 2039 257 2079 Voss'.
279 2042 316 2078 ὅτ
336 2041 392 2086 Jo.
414 2039 458 2078 de
479 2041 668 2085 Tridino·,
704 2040 830 2090 quibus
846 2040 908 2078 etfi
928 2041 1085 2079 multum
1112 2043 1171 2080 tri·
1252 2043 1333 2082 Lib.
1354 2044 1419 2081 Xl.
1448 2045 1554 2094 Epist.
1571 2046 1711 2085 XCIX.

152 2091 248 2136 buo,
276 2102 372 2129 nunc
389 2099 513 2129 tamen
535 2103 665 2129 eorum
686 2092 826 2137 aedem,
848 2091 949 2141 quod
970 2093 1173 2139 proeodem
1551 2129 1556 2131 .

150 2150 242 2184 opere
259 2143 447 2186 exhibent,
472 2153 548 2179 non
568 2143 693 2191 placet.
712 2143 808 2191 Sapit
821 2169 831 2186 ,
862 2150 900 2180 ut
918 2143 1058 2181 videtur
1078 2171 1087 2187 ,
1115 2144 1168 2182 in·-
1350 2145 1480 2185 Sedeas
1501 2148 1537 2185 in
1561 2147 1632 2185 alto
1655 2159 1694 2186 tu
1714 2149 1790 2189 licet
1811 2151 1989 2192 tribunali

150 2187 472 2241 terpretamentum
506 2194 627 2242 inepti
657 2191 853 2240 gloffatoris
887 2220 898 2237 ,
943 2194 1137 2241 exposituri
1157 2223 1168 2241 ‚
1350 2201 1396 2234 Et
1415 2212 1431 2236 e
1454 2198 1563 2236 curuli
1577 2199 1657 2248 jura
1673 2203 1830 2249 gentibus
1853 2204 1989 2242 reddas.

103 2259 107 2262 ·
149 2245 254 2291 quale
284 2255 374 2292 opus
405 2243 541 2286 fuerit,
577 2243 676 2291 cujus
706 2244 795 2280 ratio
831 2242 948 2281 Dioni
969 2244 1168 2285 reddenda.
1204 2220 1209 2278 i

149 2293 221 2331 Sed
257 2306 302 2331 ex
339 2306 370 2330 n.
398 2302 431 2339 7.
459 2300 585 2341 patet,
622 2293 871 2330 bibliothecam
911 2295 948 2331 δε
984 2297 1165 2343 porticum

1215 1781 1221 1805 l

1205 2280 1210 2318 ἶ
1245 2297 1402 2335 Pluribus
1422 2299 1467 2338 de
1487 2313 1531 2339 ea
1550 2313 1589 2340 re
1608 2309 1758 2350 egerunt
1779 2302 1865 2341 Ger.
1877 2303 2007 2341 Noodt
2028 2302 2073 2342 de
2093 2304 2269 2351 Jurisdist:

147 2343 259 2382 fuisse.
313 2345 382 2382 Cui
408 2355 496 2381 vero
530 2354 605 2380 non
627 2343 792 2386 constat,
833 2343 941 2381 Livio
969 2372 980 2388 ‚
1006 2345 1166 2392 Tacito,
1203 2319 1208 2394 J
1245 2347 1325 2385 Lib.
1348 2349 1374 2386 1.
1399 2361 1477 2397 cap.
1503 2352 1550 2388 X.
1584 2353 1621 2389 δε
1646 2353 1858 2400 lnte1·pretes
1892 2354 1936 2391 ad
1967 2355 2168 2404 Tranquill.
2198 2357 2270 2396 Ti*

147 2394 324 2433 Suetonio
340 2422 349 2438 ,
380 2393 591 2442 Lampridio
606 2421 615 2436 ‚
637 2395 711 2431 aliis
731 2402 829 2443 opera
844 2393 911 2432 dici
932 2397 1079 2442 quaevis
1100 2408 1164 2445 pu·
1203 2395 1208 2452 Ι
1242 2397 1316 2436 ber.
1339 2409 1411 2446 cap.
1439 2401 1614 2440 XXXllI.
1640 2416 1684 2442 cy
1716 2403 1973 2451 magistratibus
2010 2416 2076 2453 pro
2105 2407 2270 2446 tribunali

144 2444 232 2484 blica
253 2447 289 2483 ὃ(
313 2444 502 2493 magnifica
519 2443 678 2482 aedificia
700 2443 715 2481 ?
757 2444 886 2483 Noster
916 2444 1025 2494 Epist.
1047 2447 1165 2486 XLII.
1241 2450 1537 2497 cognoscentibus
1551 2452 1749 2503 plerumque
1762 2454 1799 2503 J}
1820 2455 1990 2500 obsorebat
2003 2455 2239 2495 consiliarium
2257 2487 2268 2503 ,
2336 2476 2340 2479 -

148 2506 183 2535 n.
213 2509 247 2534 2.
287 2496 506 2533 Nicomediae
538 2493 763 2544 ‘mliiffimum
801 2495 995 2534 incendium
1031 2499 1164 2536 multas
1241 2508 1311 2538 cet.
1338 2500 1444 2538 Lon
1463 2513 1485 2538 G
1503 2515 1660 2541 ocius.

141 2547 360 2594 privatorum
385 2547 497 2582 domos
515 2558 556 2584 co-
576 2546 640 2581 duo
653 2546 789 2591 publica
801 2557 1162 2598 opera,quamquam
1294 2563 1327 2598 ς.
1360 2551 1420 2587 Ad
1450 2553 1691 2591 instruendam
1722 2555 1914 2605 caussam]
1944 2557 2144 2605 Aliquoties
2176 2559 2267 2597 haec

151 2597 209 2633 via
240 2597 461 2643 interjacente
481 2623 490 2640 ,
539 2595 712 2633 Gerusian
743 2608 786 2636 ω·
821 2594 917 2633 lsson
938 2625 949 2641 ‚
985 2597 1163 2650 absumsit.
1240 2599 1351 2638 dictio
1383 2602 1545 2651 instruere
1577 2605 1727 2654 cnnffam
1760 2608 1912 2644 occurrit
1942 2608 1977 2645 in
2008 2609 2091 2653 Jure
2119 2609 2268 2649 nossr0·.

151 2643 451 2691 Epist.X[.V111.
478 2657 501 2682 n
534 2646 569 2682 6.
601 2659 692 2694 cogor
718 2655 825 2695 petere
846 2659 868 2682 a
887 2657 940 2689 te,
968 2660 1034 2684 non
1047 2649 1164 2698 fhlum
1240 2651 1331 2699 Leg.
1350 2652 1378 2689 I.
1403 2671 1443 2689 π.
1470 2655 1514 2693 de
1536 2653 1606 2692 fide
1624 2656 1773 2693 instrum
1811 2657 2133 2695 instrumentorum
2157 2661 2267 2697 nomi-

152 2694 189 2730 οὗ
209 2696 384 2735 theatrum
398 2725 409 2742 ‚
435 2710 558 2733 verum
579 2698 684 2734 etiam
704 2697 743 2733 ob
762 2697 846 2734 haec
861 2696 996 2735 balinea
1008 2725 1164 2741 .....
1241 2713 1281 2738 ne
1302 2715 1339 2738 ea
1361 2704 1477 2740 omnia
1494 2706 1689 2754 accipienda
1703 2706 1790 2754 sunt
1808 2735 1817 2750 ,
1858 2707 1978 2757 quibus
2009 2706 2124 2745 caussa
2142 2709 2267 2749 instrui

146 2756 270 2793 quoquo
284 2748 379 2785 modo
398 2748 631 2797 consummare
650 2759 770 2795 opera.
797 2746 905 2784 Adde
925 2747 1032 2796 Epist.
1061 2749 1162 2788 XCI.
1235 2752 1340 2799 potest
1363 2768 1373 2789 .·
1415 2764 1457 2792 (9¹
1477 2755 1549 2792 ideo
1569 2767 1644 2792 tam
1678 2757 1867 2806 testimonia
1900 2770 2005 2804 quam
2033 2759 2192 2806 personae
2209 2761 2266 2798 in·

152 2795 284 2833 XCIX.
319 2797 361 2835 ln
390 2799 508 2846 primis
537 2807 615 2847 opus
647 2798 771 2836 dicitur
800 2797 846 2834 de
872 2799 1014 2846 templo
1036 2826 1046 2842 ,
1078 2799 1162 2838 vide
1239 2801 1521 2841 strumentorum
1543 2805 1608 2842 loco
1629 2806 1812 2843 habentur.
1850 2808 1928 2855 Leg
1961 2807 2003 2845 ll.
2032 2809 2076 2846 C.
2097 2809 2143 2847 de
2170 2810 2267 2848 dela-

155 2842 374 2884 Catanaeum
394 2848 438 2885 ad
469 2849 550 2886 Lib.
570 2848 636 2886 ΙΙΙ.
673 2848 781 2897 Epist.
800 2847 869 2884 IV.
907 2860 942 2885 n.
961 2860 996 2885 z.
1031 2849 1164 2887 Aldina
1239 2852 1395 2889 toribus:
1434 2859 1596 2891 Monente
1624 2854 1717 2900 officii
1744 2856 1976 2902 sollicitudine
1999 2886 2009 2902 ‚
2038 2859 2122 2909 quin
2158 2859 2264 2899 immo

151 2892 321 2941 posterior
338 2898 470 2936 omittit
487 2898 790 2948 praepositionem
813 2925 823 2942 ,
853 2909 1045 2945 operarum
1067 2900 1168 2937 incu·
1234 2901 1328 2951 justis
1347 2905 1595 2949 procuratoris,
1622 2915 1661 2941 ut
1682 2905 1836 2943 caustum
1857 2908 1902 2943 ab
1922 2909 1987 2946 aiio
2009 2909 2165 2947 delatam
2189 2924 2266 2948 con-

150 2945 198 2980 ria
217 2953 261 2979 an
285 2943 328 2982 cle
346 2946 769 2999 industria,c0mperturn
791 2960 866 2986 non
884 2950 1012 2988 habeo.
1039 2950 1168 2988 Lou—
1243 2952 1398 2989 venienti
1437 2953 1615 3004 diligentia
1651 2956 1845 2994 instrueres.
1882 2959 1972 3007 Leg.
2000 2958 2102 2997 XXI.
2142 2961 2185 2997 C.
2217 2962 2263 3002 de

152 3003 178 3031 G
195 3006 218 3029 ο
232 3005 251 3030 1.
267 3004 280 3028 1
294 3007 314 3028 u
329 3005 358 3037 s,
1242 3000 1479 3041 evictionibus
1503 3018 1511 3042 :
1547 3006 1757 3046 intertels'are
1784 3008 1998 3047 venditorem
2020 3011 2096 3062 five
2108 3012 2265 3060 successt-

201 3053 234 3093 3>v
261 3042 347 3081 Filii.
363 3043 388 3094 ]v
406 3045 460 3083 Ut
492 3059 576 3087 cum
611 3050 648 3087 V
652 3049 716 3090 off.
740 3049 833 3091 Edd.
852 3057 940 3090 vett.
969 3051 1140 3101 plurimae
1152 3067 1165 3097 ς
1244 3065 1315 3091 rem
1336 3052 1407 3101 ejus
1428 3053 1522 3093 debes
1543 3082 1555 3100 ‚
1583 3067 1621 3093 ut
1642 3057 1706 3145 tlibi
1726 3057 1892 3108 adfistant
1915 3087 1939 3105 ‚.
1963 3055 2265 3109 caufl'amque'im

1674 3108 1745 3146 iiii
1777 3121 1795 3159 3
2127 3113 2286 3152 struant„
