2616 3686
286 217 399 286 ⁶54

543 216 604 265 c,
662 206 1054 264 PLI‘N111
1122 165 1630 254 CAEctLti
1698 197 2213 252 SECUND1

225 309 294 343 ⁴0
312 311 465 369 usque
486 290 653 348 adhuc
679 287 903 346 omnihus
921 285 1192 364 permifisti.
1241 280 1459 342 Refido.
1496 285 1512 311 ¹
1543 280 1798 351 Aguntur
1811 281 2151 336 aliainterim.
2192 276 2295 337 Me
2314 281 2435 355 qui-

311 370 436 425 dam
462 386 530 424 ex
554 364 915 423 consularibus
936 364 1122 419 amiois
1145 361 1354 416 secreto
1371 394 1387 421 ,
1426 360 1448 387 ²
1469 367 1770 427 curatoque
1790 354 2036 410 sermone
2053 393 2068 419 ,
2111 354 2255 429 quast
2279 357 2435 411 nimis

311 444 527 500 fortiter
554 444 878 510 incauteque
894 434 1235 510 -progreffum
1250 432 1517 502 corripit,
1558 440 1820 493 revocat,
1854 434 1878 463 ⁴³
1896 442 2111 492 monet,
2151 443 2213 484 ut
2240 429 2434 485 sistam:

315 518 511 588 adjecit
534 518 730 577 etiam,
763 519 789 550 ⁴
811 513 1122 568 Notabilem
1148 527 1233 565 me
1255 507 1446 563 futuris
1472 501 1817 576 principibus
1856 500 2004 574 Esto,
2045 505 2294 576 inquam,
2316 506 2438 559 dum

235 605 263 646 ‚1
277 605 296 640 1
319 594 483 648 malis.

558 590 672 644 Vix
695 589 782 642 ille
808 585 1109 641 disceflerat
1128 622 1145 648 ,
1188 582 1365 638 rurfus
1391 581 1551 642 alter,

1591 581 1735 651 Qid
1758 576 1947 633 audes?
1984 584 2006 614 ·⁵
2026 595 2121 650 quo
2142 583 2288 632 ruis?
2328 583 2442 652 qui-

319 669 411 723 bus
434 677 481 721 te
502 662 740 739 periculis
762 661 928 736 objicis
959 668 983 715 ?
1035 660 1158 733 quid
1193 660 1220 687 ‘⁶
1245 653 1583 730 praesentibus
1613 652 1817 722 confidis
1854 656 2077 707 incertus
2085 652 2394 724 futurorum
2415 660 2440 707 ἒ

320 741 540 812 Laceffs
566 740 811 793 hominem
830 738 950 811 jam
980 731 1291 810 praeficiam
1329 731 1519 784 aerarii
1549 728 1613 789 ἔγ
1651 728 1799 784 brevi
1834 728 2138 801 Consulem;
2188 739 2447 801 praeterea

321 836 424 893 qua
444 819 626 891 gratia
648 853 664 878 ‚
711 811 894 886 quibus
926 813 1162 864 amicitiis
1183 806 1388 880 fultum
1411 811 1435 858 ?
1475 805 1718 858 nominat
1745 804 2017 875 quendam
2044 841 2061 867 ‚
2099 805 2190 873 qui
2215 818 2344 857 tunc
2373 802 2443 858 ad

325 895 594 948 orientem
608 896 630 927 '⁷
657 885 1033 958 amplissimum
1060 885 1112 939 δε
1137 878 1539 938 famofiffimum
1577 880 1880 932 exercitum
1907 918 1922 942 ‚
1972 895 2085 932 non
2107 876 2215 932 fine
2237 879 2443 948 magni-s

239 983 266 1018 :1
282 971 339 1043 εξ
359 967 642 1037 dubiisque
665 961 974 1018 rumoribus
1000 957 1297 1015 obtinebat.
1341 953 1434 1009 Ad
1457 952 1588 1007 haec
1615 968 1719 1024 ego
1734 957 1783 1015 ,·⁹
1808 953 1995 1006 Omnia
2017 956 2266 1026 praecepi,
2291 965 2446 1025 atque

319 1118 423 1168 plum
443 1117 543 1166 supra
562 1114 739 1154 habemus
764 1109 936 1150 Homulli
959 1108 1107 1147 Lib.V1
1133 1107 1238 1156 Epist.
1248 1105 1349 1145 XIX.

321 1180 359 1207 n.
383 1181 416 1218 3.
445 1169 484 1205 ὅ(
508 1167 636 1205 Licinii
662 1165 816 1214 Nepotis
843 1162 938 1199 Eod.
964 1160 1071 1209 Epist.
1091 1159 1141 1196 V.
1176 1170 1212 1195 n.
1240 1169 1270 1195 1.
1294 1155 1353 1207 qui

311 1219 471 1270 sequenti
482 1220 609 1267 senatu
630 1245 640 1262 ‚
679 1229 756 1253 cum
788 1215 829 1251 le
856 1214 954 1250 rebus
972 1211 1051 1248 aliis
1069 1213 1255 1255 referretur
1274 1235 1285 1251 ‚
1313 1208 1354 1245 de

310 1271 470 1320 proximo
493 1275 580 1307 Scio
600 1268 749 1318 dxfferus't
762 1293 772 1309 ,
793 1264 1001 1313 finitamque
1017 1260 1170 1311 caussam
1186 1260 1356 1296 retrabla-

317 1321 389 1363 vit.
416 1321 565 1359 Catonis
582 1320 720 1357 faftum
742 1328 788 1354 ex
817 1316 987 1363 Appiano
1011 1313 1049 1349 δε
1072 1310 1262 1349 Plutarcho
1281 1320 1353 1345 no-

317 1379 401 1410 tum
431 1370 490 1409 est.
526 1370 631 1408 Plura
663 1369 709 1407 de
737 1368 797 1406 illo
827 1377 933 1403 more
966 1363 1109 1410 collegit
1141 1361 1353 1398 Gronovius

319 1421 403 1460 Lib.
426 1422 454 1460 I.
483 1421 636 1459 Observ.
666 1431 743 1467 cap.
766 1416 889 1456 XXll.
923 1415 986 1463 qui
1015 1424 1085 1451 nec
1113 1411 1215 1450 Plinii
1245 1410 1355 1448 nostri

319 1473 450 1511 oblitus
469 1472 530 1509 est.
556 1472 653 1510 Mox
674 1468 799 1507 Codd.
822 1468 898 1505 fere
923 1475 1054 1503 omnes
1075 1462 1210 1501 habent
1225 1461 1352 1511 permi-

310 1527 436 1576 seras,
462 1533 539 1560 non
557 1521 756 1570 permiseris.

389 1587 421 1613 1.
461 1579 627 1623 Aguntur
659 1571 732 1609 alia
759 1571 906 1608 interea.
945 1571 1005 1604 Me
1033 1562 1215 1616 quidam]
1255 1562 1351 1600 Alii:

311 1636 475 1676 ,aguntur
498 1626 582 1662 alia.
611 1625 753 1661 Interea
775 1633 828 1658 me
856 1618 1014 1670 quidam.
1068 1617 1119 1652 At
1139 1613 1349 1657 Mediceis,

321 1688 529 1726 omnesque
549 1675 663 1723 scripti
683 1684 769 1710 cum
799 1670 866 1708 Ed.
892 1670 981 1707 Vet.
1017 1671 1188 1715 Aguntur
1204 1663 1277 1702 alia
1297 1665 1355 1702 in—

741 1721 843 1808 (iUOd
864 1719 998 1769 probo,
1034 1717 1155 1756 Simile
1175 1717 1352 1754 incertum

321 1730 443 1767 terimi
472 1732 532 1765 Me
553 1726 707 1776 quidam.

803 1783 840 1809 n.
866 1784 899 1817 ς.
926 1772 1036 1818 Igitur
1046 1768 1080 1818 fi
1097 1766 1181 1817 quid
1200 1766 1298 1803 aliud
1316 1766 1355 1805 in

313 1786 424 1829 dupra
442 1779 598 1817 vidimus
627 1773 731 1823 Epist.

324 1829 510 1874 manibus,
536 1828 679 1866 interim
700 1823 824 1862 differ:
853 1822 912 1859 hoc
927 1820 1053 1871 perfice.
1091 1819 1147 1856 Sic
1169 1817 1356 1866 Optimus.

316 1881 475 1930 {Vulgoz
503 1878 621 1928 differ.-
651 1876 796 1914 interim
817 1872 878 1909 hoc
895 1871 1021 1919 perfice.

377 1945 414 1971 2.
442 1932 689 1979 Accuratoque
708 1923 894 1973 sermone]
925 1922 982 1960 Sic
998 1920 1147 1970 quidem
1169 1920 1282 1967 vulgo
1294 1919 1359 1956 cir-

328 1982 603 2024 cumferebant3
638 1979 687 2016 At
707 1978 743 2016 in
762 1975 891 2023 scriptis
914 1973 1085 2010 omnibus
1104 1998 1114 2013 ‚
1141 1969 1222 2008 Edd
1257 1970 1358 2007 Vett.

329 2035 369 2072 ὅ(
393 2032 528 2071 Aldinis
548 2031 681 2070 exstat:
708 2037 890 2075 curatoque
901 2024 1076 2074 sermone,
1101 2021 1213 2069 idque
1232 2021 1361 2069 injuria

328 2086 447 2123 adhuc
465 2083 644 2121 exsulavit.
682 2078 737 2116 Ita
763 2078 966 2114 adcuratius
989 2075 1024 2112 ὅ(
1048 2072 1199 2110 curatius
1216 2071 1362 2121 scribere

326 2134 604 2174 confunduntur
638 2130 717 2169 Lib.
738 2129 763 2166 1.
803 2127 910 2176 Epist.
930 2128 955 2162 1.
999 2126 1110 2174 princ.
1139 2123 1228 2160 item
1264 2121 1360 2170 apud

320 2186 463 2225 Sallust.
481 2186 563 2232 Jug.
589 2194 666 2231 cap.
682 2179 788 2217 XVI.
813 2190 850 2216 n.
872 2189 891 2227 3
933 2174 1183 2222 adcuratiffime
1202 2174 1240 2210 &
1262 2185 1363 2210 cura-

324 2237 445 2286 -tiffime
464 2237 613 2285 recipere.
641 2231 712 2271 Sed
728 2229 882 2268 curatius
898 2227 1051 2278 disserere
1069 2237 1115 2263 ex
1138 2223 1274 2261 Tacito
1294 2236 1365 2262 no-

321 2297 410 2326 -tum
430 2287 499 2331 est,
527 2287 589 2335 qui
611 2286 649 2322 &
679 2282 760 2320 Lib.
782 2281 810 2317 l.
847 2279 945 2318 Anu.
965 2289 1042 2328 cap.
1063 2277 1166 2315 XIII.
1191 2283 1282 2314 ext-r.
1304 2288 1363 2312 cu-

322 2338 514 2386 rratiffimas
533 2349 639 2383 preces
655 2333 753 2372 dixit.
779 2331 812 2369 C
823 2343 846 2366 0
859 2344 880 2368 R
900 2342 924 2368 τ
937 2341 971 2367 Ε.

384 2401 420 2439 3.
451 2395 594 2432 Monet,
620 2396 660 2423 ut
682 2382 885 2431 desistam]
913 2381 1088 2429 Optimus
1110 2393 1119 2417 :
1145 2387 1261 2415 monet
1284 2405 1295 2421 ‚
1323 2387 1363 2414 ut

326 2441 457 2479 fi-stam.
486 2439 610 2478 Recte.
639 2437 915 2482 Corruperunt‚
942 2432 1003 2480 qui
1022 2430 1253 2478 ignorabant,
1281 2429 1362 2466 No-

324 2492 442 2530 strum
465 2490 571 2540 sistere
591 2518 601 2534 ,
636 2498 703 2535 pro
718 2483 914 2523 confistere
938 2511 948 2528 ,
983 2482 1145 2520 desistere
1176 2479 1363 2527 usurpare,

320 2542 440 2593 idque
469 2553 573 2579 more
609 2539 823 2576 Latinorum
844 2563 854 2580 ,
895 2534 940 2572 de
972 2545 1048 2580 quo
1077 2533 1122 2570 ad
1154 2530 1234 2568 Lib.
1258 2529 1365 2569 VIII.

326 2594 439 2643 Epist.
454 2593 577 2630 XVH.
602 2601 682 2628 n.2.
709 2587 809 2631 Inde,
839 2599 925 2635 quae
939 2584 1025 2634 solet
1046 2583 1192 2631 flumina
1208 2581 1366 2630 accipere,

320 2656 374 2685 29·
390 2644 561 2695 permixta
583 2638 748 2679 devehere
770 2667 778 2681 ‚
806 2638 904 2674 velut
925 2636 1047 2673 obvius
1067 2663 1078 2679 ,
1106 2634 1243 2677 sistere,
1271 2633 1367 2681 cogit.

328 2697 427 2735 Mox
449 2694 554 2732 Voff.
582 2691 739 2738 Adjicit,
769 2688 876 2725 Arnz.
901 2687 1021 2735 adigit.

379 2759 415 2792 4.
443 2745 640 2783 Notabilem
659 2751 696 2780 te
721 2742 746 2784 f
763 2739 951 2788 p.fecisti.]
981 2735 1162 2783 Insignem
1180 2733 1362 2780 ,dignum

326 2798 432 2834 Nota
446 2790 842 2845 ‚antiqualectiohabet
855 2818 864 2834 ,
878 2787 1062 2826 notabilem
1073 2785 1265 2832 mefaturis
1274 2787 1367 2834 prin¹

324 2847 468 2894 ⁴cipibus,
479 2847 604 2884 scilicet
615 2844 825 2882 adfuturum
839 2870 846 2883 ‚
862 2840 907 2878 ad
918 2839 1015 2877 idem
1025 2847 1160 2875 tamen.
1188 2837 1219 2872 C
1232 2848 1254 2872 Α
1266 2848 1317 2873 ΤΛ
1333 2849 1370 2874 Ν.

329 2898 493 2944 Antiqua
515 2898 568 2933 illa
589 2895 700 2933 leetio
723 2893 771 2930 es’t
792 2893 898 2930 eriam
922 2892 957 2929 in
979 2886 1370 2927 Mediceotnotabilem

328 2961 391 2989 qne
409 2947 536 2989 futuris
551 2945 752 2994 principibus
770 2973 778 2984 .
808 2943 881 2980 fine
907 2941 1033 2979 verbo.
1085 2940 1130 2977 Et
1149 2938 1268 2976 nesci0
1280 2937 1368 2985 quid

333 2998 422 3046 grati
443 2997 547 3032 habet
563 2996 618 3032 illa
640 2996 781 3039 obliqua
802 2994 917 3029 oratio
940 3006 950 3032 ς
980 2993 1027 3029 rei
1048 2999 1144 3028 certe
1165 2989 1215 3028 est
1231 3000 1368 3025 conve·

331 3046 563 3087 -nientiffima.
592 3045 669 3082 Lib.
693 3044 758 3081 lli.
786 3042 976 3091 Epist.X1.
1002 3054 1038 3082 n.
1053 3053 1088 3080 2.
1116 3046 1162 3080 Et
1180 3053 1241 3092 quo
1262 3046 1366 3077 nota-

330 3099 437 3145 bilius
457 3096 516 3135 hoc
534 3094 629 3144 esset,
657 3103 801 3143 praetor.

2282 1031 2448 1082 animo

1463 1114 1496 1151 ς.
1522 1101 1598 1138 Cur
1619 1100 1727 1149 ru'is.]
1757 1098 1882 1149 Scripti
1897 1112 2027 1140 omnes
2043 1128 2054 1145 ,
2080 1100 2148 1139 Ed.
2170 1101 2258 1139 Vet.
2278 1102 2316 1138 ὅ(
2345 1101 2444 1151 Gry-

1411 1151 1514 1199 phius
1536 1165 1546 1190 ς
1573 1163 1650 1201 quo
1669 1152 1740 1189 ruis
1761 1151 1779 1189 ¹?
1809 1151 1897 1189 Hoc
1915 1163 1977 1189 cur
1997 1152 2052 1190 alii
2077 1152 2299 1189 mutaverint
2318 1178 2330 1195 ‚
2363 1151 2447 1189 ido-

1415 1200 1711 1302 ἲὲαῐςῑέἱαιιίῖαηι
1739 1213 1818 1240 non
1846 1203 2012 1252 reperies
2045 1202 2216 1242 Lucanus
2242 1201 2453 1255 Lib‚V111.

1522 1355 1614 1404 Quo
1633 1354 1710 1408 fine
1736 1368 1789 1393 me
1814 1353 1960 1392 crudelis
1986 1350 2083 1392 abis?

1414 1454 1544 1504 Virgil.
1564 1453 1634 1494 111.
1658 1455 1788 1503 Eclog.
1810 1466 1863 1494 vs.
1885 1465 1943 1503 ¹9-

1516 1580 1584 1588 —
1612 1576 1682 1584 -
1709 1565 1788 1606 quo
1813 1567 1905 1593 mem
1924 1555 1963 1606 se
1982 1555 2125 1607 proripit
2147 1553 2234 1596 illeip

1420 1659 1490 1699 IX.
1508 1657 1638 1707 Eclog.
1655 1658 1768 1708 princ.

1515 1761 1616 1809 :Quo
1642 1769 1698 1804 te,
1724 1758 1857 1805 Moeri,
1877 1757 2005 1809 pedes?

1419 1863 1458 1902 δε
1479 1861 1552 1900 hoc
1572 1860 1850 1909 vulgatiffimum
1873 1860 1933 1899 est.
1960 1860 1993 1899 C
2005 1872 2146 1899 oRTs.

1471 1914 1507 1949 6.
1537 1911 1774 1961 Praesentibus
1795 1911 1971 1962 confidis.]
1999 1911 2176 1951 Praesenti
2200 1909 2307 1959 Reip.
2327 1910 2449 1951 statui:

1417 1975 1503 2001 cum
1542 1975 1606 2012 per
1643 1963 1807 2000 Nervam
1844 1962 1992 2002 redutsta
2021 1975 2114 2012 pene
2143 1961 2281 2011 pristina
2301 1963 2444 2000 libertas.

1420 2014 1447 2104 ἓ
1465 2028 1485 2051 u
1501 2027 1523 2053 c
1537 2026 1561 2052 H
1574 2028 1595 2052 u
1609 2026 1631 2051 E
1646 2027 1682 2053 a.
1719 2013 1908 2052 Mediceus
1929 2027 1938 2052 :
1979 2014 2068 2064 quid
2083 2013 2316 2065 praesentibus
2337 2011 2450 2051 confi·

1449 2077 1498 2104 es.

1476 2126 1510 2162 7.
1537 2115 1795 2166 Ampliffimum
1814 2142 1825 2160 ,
1862 2115 1958 2164 eye]
1999 2114 2055 2153 Sic
2084 2116 2275 2153 Recentes.
2306 2114 2373 2153 Pal.
2409 2113 2448 2150 ὅ(

1422 2167 1527 2206 Vett.
1554 2166 1646 2205 Edd.
1663 2175 1802 2204 tantum
1825 2165 2065 2216 amplissimum
2095 2169 2292 2205 exercitum.
2320 2165 2353 2201 G
2368 2177 2385 2199 n
2401 2174 2447 2199 u-

1426 2231 1449 2256 τ
1465 2229 1485 2256 1³.
1501 2232 1538 2256 iz.
1587 2217 1706 2255 Etiam
1743 2216 1898 2256 Helmst,
1934 2219 1973 2255 ὅ(
2013 2216 2126 2256 Arnz.
2163 2211 2416 2254 tantummodo
2434 2225 2443 2250 ε

1422 2269 1669 2321 amplissimum
1696 2267 1914 2312 exercitum„
1953 2267 2101 2306 exclusis
2132 2268 2194 2306 illis
2222 2261 2446 2312 &fam‘fiffi·

1425 2334 1534 2358 mum.
1587 2321 1637 2357 At
1656 2319 1694 2356 in
1722 2318 1899 2356 Mediceo
1932 2320 2042 2365 longe
2074 2318 2172 2366 plura
2197 2315 2442 2355 defiderantur.

1425 2370 1460 2409 Is
1476 2373 1573 2409 enirn
1591 2384 1598 2408 :
1626 2369 1746 2420 quibus
1768 2369 1929 2407 amicitiis
1941 2369 2081 2415 fultum
2102 2378 2118 2406 e
2155 2367 2311 2404 Nomina
2334 2374 2446 2411 quae·

1427 2422 1510 2460 dam
1537 2434 1604 2460 non
1615 2422 1690 2470 sine
1708 2419 1843 2470 magnis
1859 2419 2033 2471 dubiisque
2047 2416 2235 2456 rumoribus
2252 2413 2446 2458 obtinebas,

1429 2472 1553 2511 mediis
1574 2472 1742 2510 omnibus
1765 2470 1909 2508 omiffis.

1479 2523 1514 2561 8.
1544 2522 1706 2572 Dubiis-,J
1745 2521 1934 2569 Ambiguis
1956 2548 1967 2565 ,
2002 2530 2048 2556 an
2074 2518 2209 2555 futurus
2226 2514 2350 2552 Caesar
2371 2516 2447 2562 post

1430 2574 1592 2612 Nervam
1615 2602 1626 2618 ‚
1652 2572 1688 2612 id
1710 2572 1757 2610 est
1779 2601 1789 2616 ‚
1825 2582 1936 2621 quem
1960 2568 2064 2617 aliqui
2082 2566 2352 2614 inopinabanmr
2373 2566 2447 2603 ele-

1430 2625 1529 2663 etum
1549 2627 1587 2664 iri
1609 2626 1878 2671 imperatorem.
1906 2621 1937 2657 C
1952 2633 1973 2657 A
1989 2632 2010 2656 τ
2024 2632 2045 2655 Α
2060 2630 2093 2653 Ν.
2121 2617 2350 2653 Recentiorcs
2369 2617 2447 2653 scri-

1431 2679 1478 2724 pti
1500 2679 1538 2716 &
1561 2676 1627 2714 Ed.
1649 2676 1735 2713 Vet.
1747 2671 1958 2724 sermonibus
1979 2696 1989 2713 ‚
2015 2678 2081 2716 pro
2098 2666 2289 2703 rumoribus
2309 2695 2317 2709 ‚
2346 2668 2447 2705 exhi-

1429 2728 1524 2766 bent.
1542 2739 1587 2765 ex
1609 2723 1730 2765 Gloffa
1743 2751 1753 2767 ‚
1779 2732 1818 2760 ut
1837 2722 1978 2770 opinor.

1481 2790 1517 2826 9.
1546 2777 1673 2814 Omnia
1686 2771 1842 2824 percepi]
1879 2767 2005 2806 Versus
2021 2766 2229 2814 virgilianus
2248 2767 2295 2806 est
2314 2780 2357 2805 ex
2379 2769 2449 2810 VI,

1433 2828 1576 2867 Aeneid
1615 2823 1793 2873 Significat
1814 2819 1895 2858 nihil
1916 2829 2042 2856 eorum
2067 2817 2224 2855 selatere
2239 2848 2248 2861 ‚
2269 2820 2351 2857 nibil
2371 2833 2448 2858 non

1431 2880 1610 2928 provisum
1633 2876 1694 2914 fibi
1710 2882 1791 2911 ante
1811 2867 1898 2911 effe,
1926 2879 2018 2916 quae
2040 2867 2228 2906 offundere
2247 2879 2419 2908 terrorem
2434 2898 2447 2916 ,

1429 2931 1466 2967 δε
1490 2939 1661 2968 revocare
1687 2924 1729 2960 ab
1758 2920 1912 2960 instituto
1932 2918 2094 2956 animuin
2120 2920 2259 2967 poffnr.
2295 2920 2450 2958 Bucffi.

1434 2993 1457 3016 N
1472 2991 1492 3016 ε
1509 2993 1547 3017 n.
1571 2975 1777 3015 Mediceus:
1808 2973 1934 3007 Omnia
1954 2969 2097 3014 praecem·
2119 2998 2128 3013 ‚
2158 2971 2194 3007 ἃ*
2214 2970 2260 3008 fic
2282 2972 2449 3010 meliores

1428 3029 1503 3067 libri
1528 3026 1710 3067 Maronis,
1737 3033 1811 3059 non
1830 3021 1952 3069 percepi
1972 3049 1981 3063 ,
2009 3020 2109 3068 quod
2128 3021 2240 3059 sensus
2267 3034 2340 3060 non
2365 3023 2450 3070 pati·

1429 3087 1499 3117 tur.
1524 3076 1711 3124 Praecipue
1733 3072 1781 3111 est
1801 3071 1915 3110 velte
1942 3099 1954 3118 ‚
1981 3070 2080 3109 facto
2103 3099 2114 3117 ‚
2154 3073 2212 3112 vel
2231 3074 2448 3123 cogitatione

2367 3131 2448 3161 ante
