2616 3686
314 205 403 256 302
566 189 629 236 c.
695 177 1086 232 PL1N11
1150 171 1659 227 CAECILII
1724 173 2235 230 secuntur

313 256 1117 326 Hunc¹Treb0niusRufinus„
1155 255 1525 330 viregregiuS,
1563 252 2076 324 nobisqueamicuS,
2116 259 2432 322 in2Duum3

313 342 488 396 viratu
513 334 814 391 tollendum
831 371 846 395 ,
877 329 1246 401 :abolendumq
1258 347 1321 383 ue
1347 326 1571 382 curavit.
1650 345 1664 370 ³
1690 326 1996 396 Negabatur
2021 349 2090 386 ex
2116 334 2432 397 ausim-irate

314 413 525 487 publica
558 407 756 465 fecilie.
835 406 963 476 Egit
1002 401 1110 474 ipse
1146 406 1353 456 causam
1389 418 1500 456 non
1541 401 1712 453 minus
1738 397 2000 466 feliciter,
2034 419 2192 474 quam
2212 407 2434 471 diserte,

317 482 750 544 Commendabat
775 479 1070 537 aaronem,
1107 477 1304 544 quod⁴
1328 490 1579 544 tanquam
1606 473 1773 526 bomo
1817 476 2091 530 Romanus
2112 514 2128 538 ,
2172 482 2221 531 δι
2263 484 2435 542 bonus

323 561 454 614 civis
479 558 533 613 'in
557 556 782 628 negotio
808 552 902 608 suo
931 561 1138 604 mature
1163 549 1214 601 ὅ(
1245 548 1480 618 graviter
1504 544 1845 618 loquebatur.
1883 556 1897 583 ς
1927 546 2115 618 Quum
2146 550 2438 614 sententiae

325 645 747 705 perrogarentur
778 664 792 686 ‚
844 623 981 676 dixit
1013 621 1203 690 junius
1247 620 1521 674 Mauricus
1563 625 1712 690 (quo
1736 621 1852 673 viro
1881 621 2009 675 nihil
2036 623 2267 688 firmius,
2307 633 2440 687 nil-‚11

325 707 506 759 verius
532 710 669 762 lnon
686 699 788 753 elle
806 691 1193 750 restituendum
1212 690 1603 746 Viennensibus
1617 710 1802 762 agona:
1823 692 2016 766 adjecit
2031 733 2045 756 ‚
2072 696 2269 750 Vellem
2282 705 2444 757 etiam

324 779 548 833 Romae⁶
574 774 692 825 tolli
712 772 898 842 poffec:
939 763 1294 828 Constanter,
1334 765 1542 835 inquiS,
1581 764 1635 817 δε
1660 763 1895 821 fortiter.
1911 767 2152 838 Quidni?
2183 771 2318 826 ⁷Sed
2337 774 2443 830 hoc

324 869 355 905 a
382 849 640 906 Maurico
672 859 882 900 novum
909 856 1020 894 non
1042 836 1132 892 est.
1211 836 1361 892 Idem
1386 834 1530 909 apud
1567 836 1804 892 Nervam
1853 842 2241 913 imperatorem
2278 841 2295 868 ⁸
2334 865 2445 906 non

2267 920 2446 976 minus

373 1074 390 1101 ι
422 1058 607 1097 Trebonius
642 1062 697 1095 Ru
724 1069 800 1094 nus.
822 1054 839 1104 ]
871 1055 1083 1093 Occurrunt
1104 1050 1212 1090 no'bis
1230 1050 1350 1102 plures
1420 1048 1536 1088 tentia
1550 1075 1560 1093 ‚
1587 1048 1682 1099 quod
1700 1048 1859 1087 omnium
1873 1076 1884 1094 ‚
1905 1049 1991 1100 quia
2012 1053 2172 1092 omnium
2184 1054 2216 1103 st
2240 1067 2453 1108 perrogetur

319 1111 441 1161 Rufini
473 1122 536 1160 per
569 1110 626 1148 illa
657 1117 840 1157 tempora.
894 1104 1024 1143 Fabius
1062 1102 1211 1141 Rufinus
1235 1104 1290 1142 vir
1313 1116 1352 1142 e·
1422 1113 1496 1139 una
1515 1100 1594 1137 erit.
1624 1099 1776 1139 lustinus
1811 1101 1894 1139 Lib.
1929 1101 2065 1140 XXXI.
2097 1116 2174 1154 cap.
2207 1108 2254 1144 V,
2311 1111 2453 1149 Dimm-

316 1165 482 1213 gregius:
511 1159 680 1199 Caecilius
702 1158 848 1207 Rufinus
873 1155 1041 1195 tradente
1074 1155 1202 1193 Dione
1226 1167 1234 1192 :
1275 1153 1351 1199 Ju-
1423 1151 1584 1190 omnibus
1607 1154 1808 1202 perrogatis
1823 1151 2033 1203 postremum
2050 1154 2282 1209 interrogaffe.
2293 1158 2342 1197 ibi
2353 1163 2454 1212 plura

318 1214 396 1252 nius
429 1212 576 1260 Rufinus
600 1242 610 1258 ‚
647 1222 760 1260 quem
793 1209 976 1258 Ulpianus
1009 1208 1180 1244 meminit
1207 1205 1354 1255 praefe-
1424 1205 1638 1254 interpretes
1661 1203 1811 1242 dabunt.
1839 1205 1995 1243 Conna.

320 1265 424 1304 &um
445 1263 598 1313 vigilum
620 1262 682 1302 sub
705 1263 842 1301 Severo
867 1262 906 1298 &
928 1258 1127 1296 Antonino
1151 1285 1161 1303 ,
1201 1259 1240 1296 &
1270 1257 1353 1295 Cal·

317 1315 468 1356 listratus
501 1312 764 1353 Proconsulem
801 1310 1047 1349 Macedoniae
1080 1307 1142 1346 sub
1171 1307 1353 1347 Adriano.

321 1367 405 1406 Fuit
438 1369 476 1406 &
510 1364 682 1414 Apulejus
716 1363 875 1412 Rufinus.
913 1360 1085 1398 Licimum
1108 1360 1275 1408 Rufinum
1296 1371 1352 1399 re-

324 1415 490 1468 scripsisse
499 1417 596 1464 Julio
608 1416 723 1454 Paulo
735 1415 851 1462 JCtus
862 1412 994 1451 Paulus
1007 1412 1142 1450 recitat.
1170 1411 1326 1451 Cum.

1475 1256 1499 1293 6
1526 1254 1615 1292 Tolli
1644 1253 1770 1304 posset.
1796 1254 1810 1304 ]
1855 1254 1954 1294 Voss.
1982 1256 2067 1308 poffe
2091 1286 2103 1303 ‚
2130 1261 2234 1308 quod
2255 1260 2372 1301 statim
2397 1276 2461 1315 pas

1425 1315 1578 1345 tronum
1603 1307 1732 1355 reperit
1758 1307 1982 1357 Gryphium.

1478 1370 1496 1406 7
1528 1357 1593 1394 sed
1615 1356 1674 1394 hoc
1696 1358 1868 1396 Maurico
1889 1372 2026 1398 novum
2050 1374 2120 1399 non
2140 1361 2224 1413 est.]
2256 1364 2460 1411 Helmstad.

1428 1411 1467 1448 &
1491 1408 1557 1447 Ed.
1575 1407 1663 1446 Ver.
1699 1410 1765 1446 >ed
1786 1408 1848 1447 hoc
1877 1411 2017 1450 fortiter
2045 1414 2201 1451 Maurico
2224 1428 2361 1455 novum
2388 1435 2460 1461 non

373 1482 393 1507 2
423 1466 692 1518 Duumviratu.
715 1464 730 1515 ]
771 1466 814 1504 In
848 1463 990 1514 oppidis
1013 1490 1024 1507 ‚
1066 1462 1198 1513 quibus
1222 1463 1351 1502 datum
1424 1460 1494 1508 est,
1522 1457 1626 1510 quod
1649 1472 1694 1498 ex
1716 1460 1863 1500 absurda
1886 1460 2011 1500 Gloffa
2033 1464 2206 1502 insertum
2230 1466 2289 1504 est.
2317 1470 2460 1512 Contra

314 1522 372 1571 jus
405 1520 535 1564 Latii,
575 1518 644 1556 fuit
676 1516 899 1566 magistratus
932 1515 1190 1553 duumviratus
1214 1514 1355 1561 dietus,

321 1571 424 1622 quod
456 1571 585 1613 scilicet
619 1567 695 1606 duo
727 1577 874 1606 tantum
910 1565 1024 1605 essent
1054 1568 1091 1605 in
1131 1577 1179 1604 eo
1217 1566 1356 1606 officio.

322 1624 531 1672 Spartianus
562 1623 600 1660 in
634 1619 831 1658 Adriano:
873 1624 938 1657 Per
971 1620 1108 1655 Latina
1137 1618 1259 1667 oppida
1294 1619 1357 1656 Di-

323 1677 437 1711 flator
453 1702 462 1716 ‚
491 1685 533 1712 ω’
556 1671 697 1710 Aedilis
722 1699 732 1715 ,
758 1682 803 1710 ω’
821 1669 1009 1708 Duumvir
1020 1669 1109 1717 fuit.
1162 1669 1292 1707 Paulus
1313 1671 1359 1709 ti·

321 1725 404 1763 tulo
427 1725 475 1763 de
494 1723 697 1762 aetionibus
712 1750 721 1766 ‚
743 1723 783 1760 &
805 1721 985 1769 Ulpianus
1005 1720 1051 1758 de
1064 1720 1206 1757 damno
1218 1720 1358 1759 infedo

322 1775 497 1815 testantur
511 1804 520 1819 ,
543 1774 824 1811 duumviratum
839 1800 849 1816 ‚
863 1769 966 1809 fuiffe
979 1771 1226 1818 magistratum
1237 1768 1359 1812 m‘uni-

321 1828 480 1876 cipalem
505 1839 514 1863 :
551 1824 666 1863 iidem
697 1823 779 1862 alibi
800 1822 968 1860 auctores
990 1820 1072 1858 sunt
1094 1850 1104 1866 ,
1133 1820 1287 1860 extitisse
1306 1822 1359 1863 di-

325 1880 505 1928 gnitatem
535 1877 746 1926 proximam
779 1873 1034 1912 decurionatui
1051 1900 1061 1917 ,
1089 1883 1161 1922 qua
1177 1900 1187 1916 ‚
1210 1872 1275 1910 nifi
1297 1874 1361 1922 de-

327 1931 497 1967 curiones
523 1956 534 1973 ‚
562 1926 666 1975 fungi
699 1926 788 1964 nulli
818 1932 1000 1974 poterant.
1039 1923 1184 1961 IDEM.
1231 1924 1360 1973 Vulgo

329 1988 429 2018 erat:
458 1981 496 2016 in
517 1978 763 2016 duumviratu
782 1976 847 2014 suo
866 1975 1063 2013 tollendum
1087 1982 1156 2012 cet.
1177 1974 1236 2013 sed
1267 1975 1362 2014 hanc

327 2031 580 2069 liberalitatem
594 2028 784 2067 damnavit
797 2026 991 2065 Mediceus
1005 2055 1015 2071 ,
1045 2025 1246 2065 Lindenbr.
1258 2027 1362 2065 Voss.

329 2083 371 2120 &
403 2082 556 2132 quidam
588 2079 757 2128 impressi.
812 2078 874 2117 De
907 2079 1152 2116 duumviratu
1185 2078 1361 2122 meliora,

330 2143 444 2182 quam
468 2131 568 2170 dedit
591 2130 822 2174 Catari-aeus,
848 2138 935 2180 pete
957 2141 1003 2168 ex
1028 2130 1150 2177 Sigon.
1175 2128 1260 2166 Lib.
1295 2130 1363 2168 111.

334 2184 382 2221 de
403 2191 478 2221 ant.
502 2183 566 2220 iur.
590 2182 665 2219 ltal.
688 2192 765 2231 cap.
790 2181 859 2218 IV.

385 2246 405 2284 3
438 2234 599 2281 Negavit
619 2245 661 2270 ex
683 2232 896 2270 auctoritate
913 2241 946 2281 p.
958 2231 1022 2280 fi]
1055 2232 1111 2270 Sic
1123 2230 1275 2280 quidem
1289 2234 1368 2271 Ste-

330 2286 474 2337 phanus
497 2287 536 2323 &
557 2283 710 2334 quidam
735 2284 978 2329 recentiores,
1003 2282 1065 2320 sed
1087 2291 1215 2320 contra
1224 2283 1368 2322 senten-

332 2340 433 2376 tiam.
481 2336 676 2374 Revocavi
710 2346 756 2373 ex
788 2335 952 2383 Optimo
976 2364 987 2379 ‚
1024 2334 1188 2372 Riccard.
1214 2333 1367 2372 Helmst.

1427 1513 1673 1550 vehementer
1703 1523 1792 1548 amo
1825 1514 2011 1561 primarias
2042 1516 2273 1555 membranas
2291 1547 2308 1564 .‚
2337 1533 2434 1571 quae

1430 1572 1471 1601 ut
1491 1564 1566 1600 aliis
1588 1560 1735 1600 infinitis
1755 1562 1869 1607 locis,
1895 1565 1955 1602 hic
1975 1565 2136 1604 nitorem
2158 1567 2265 1606 suum
2291 1553 2464 1614 §ecundcz

1433 1613 1599 1652 reddunt.
1626 1613 1764 1652 habent
1787 1616 1886 1652 enim
1901 1643 1911 1659 ‚
1929 1615 1994 1664 sed
2016 1615 2078 1653 hoc
2100 1629 2121 1654 a
2144 1618 2315 1659 Maurico
2327 1635 2465 1664 novum

1433 1679 1503 1703 non
1522 1664 1577 1711 est.
1631 1669 1670 1700 A
1698 1665 1857 1703 Maurico
1877 1665 1978 1703 idem
2000 1667 2073 1714 est,
2100 1681 2142 1707 ac
2163 1682 2187 1706 a
2211 1674 2367 1712 Maurico
2385 1686 2468 1725 pro-

1433 1717 1555 1755 venire
1579 1743 1590 1762 ‚
1627 1714 1702 1754 five
1725 1746 1736 1763 ‚
1777 1717 1963 1763 Maurici,
2014 1717 2090 1759 five
2122 1721 2194 1760 alio
2253 1735 2470 1776 uocumque

1433 1767 1554 1806 modo
1587 1767 1796 1807 reddideris.
1838 1770 1972 1808 Cicero
2005 1769 2072 1809 III.
2104 1770 2195 1811 Fam
2265 1775 2339 1824 pist.
2361 1776 2470 1819 X111.

1437 1831 1488 1857 n.¹
1510 1831 1544 1855 2.
1596 1820 1687 1868 Qtis
1719 1821 1815 1858 enim
1845 1822 1897 1858 ad
1927 1834 1981 1879 nte
2004 1834 2075 1859 non
2093 1825 2310 1876 perscripfit„
2339 1840 2372 1865 te
2398 1843 2470 1868 non

1427 1869 1547 1920 solum
1568 1872 1781 1910 auctoritate
1801 1874 1971 1910 oratioms
1985 1901 1995 1918 ,
2015 1873 2198 1922 sententia
2222 1888 2287 1914 tua
2300 1907 2311 1920 ‚
2328 1882 2472 1929 <quibus

1435 1935 1494 1969 ego
1521 1922 1622 1979 &mh
1646 1923 1727 1960 viro
1746 1935 1928 1962 contentus
1950 1938 2049 1962 eram
2072 1955 2082 1970 ,
2113 1928 2177 1974 sed
2204 1930 2312 1966 etiam
2345 1940 2470 1980 opera,

1437 1971 1634 2022 confilto...
1659 1973 1800 2012 nullum
1824 1988 1954 2014 munus
1975 1975 2075 2024 officii
2097 1991 2263 2028 culquam
2292 1981 2471 2028 reliquum

1429 2023 1553 2074 jecisse.
1582 2024 1656 2062 Ubi
1678 2026 1751 2063 iam
1773 2027 1864 2064 olim
1886 2027 1960 2064 hoc
1983 2027 2129 2067 dicendi
2149 2040 2264 2078 genus
2284 2031 2472 2075 illustravi.

1439 2087 1523 2113 mus
1537 2104 1548 2122 ‚
1569 2075 1672 2124 quod
1697 2078 1807 2114 etiam
1832 2077 1918 2115 fecit
1943 2078 1970 2116 I.
1991 2076 2047 2115 Fr.
2072 2079 2288 2121 Gronovius
2310 2083 2355 2121 ad
2371 2085 2471 2128 Livii

1442 2125 1524 2165 Lib.
1557 2126 1721 2183 XXVII.
1753 2140 1828 2178 cap.
1851 2128 1901 2167 V.
1928 2129 2113 2178 producto
2138 2132 2210 2171 alio
2232 2134 2319 2172 loco
2343 2135 2475 2178 Tullii.

1440 2177 1538 2234 addo
1561 2186 1709 2216 tertium
1725 2207 1734 2223 ,
1761 2182 1847 2228 quia
1868 2180 1912 2217 ab
1933 2183 2017 2220 viris
2039 2182 2283 2222 eruditissimis
2305 2187 2402 2226 male
2422 2188 2471 2227 est

1439 2228 1580 2266 habitus
1601 2258 1612 2274 ,
1651 2229 1732 2268 Lib.
1771 2231 1820 2267 V.
1860 2231 1905 2269 de
1941 2231 2055 2271 Finib.
2093 2245 2169 2282 cap.
2208 2235 2313 2276 XVI.
2364 2239 2473 2286 §Laod

1433 2289 1655 2331 praeceptum
1669 2310 1678 2326 ‚
1713 2282 1797 2330 quia
1818 2284 1934 2320 maius
1954 2295 2032 2322 erat
2047 2312 2056 2329 ‚
2084 2297 2193 2334 quam
2213 2297 2255 2324 ut
2265 2289 2310 2327 ab
2320 2289 2474 2328 homine

1440 2331 1626 2369 videretur
1640 2361 1650 2377 ‚
1682 2333 1803 2371 idcirco
1825 2336 1874 2371 ad
1888 2346 2053 2384 ignatum
2075 2335 2119 2383 est
2142 2338 2213 2375 deo.
2250 2339 2346 2378 male
2367 2337 2468 2375 subii·

334 2387 507 2437 Bongars.
529 2386 597 2425 Ed.
618 2386 706 2424 Vet.
727 2385 871 2424 Aldinis
891 2415 902 2433 ,
932 2387 1135 2436 ceterisque
1158 2385 1369 2425 melioribus
1441 2384 1564 2420 ciunt:
1593 2396 1704 2434 quam
1724 2396 1763 2421 ut
1786 2385 1831 2422 ab
1881 2388 1994 2424 omine
2028 2389 2241 2427 traderetur.
2288 2387 2379 2427 Tale
2415 2383 2464 2422 est

334 2439 557 2490 Negabatur.
1441 2434 1621 2474 Marcian.
1643 2435 1780 2484 Capell.
1808 2437 1890 2476 Lib.
1912 2438 1959 2476 II.
1983 2449 2063 2487 pag.
2084 2451 2142 2485 47.
2165 2445 2220 2476 Ac
2240 2441 2377 2476 demum
2399 2431 2465 2472 dos

387 2503 411 2538 4
435 2497 626 2539 Tanquam
662 2488 880 2538 Romanus.]
912 2489 1003 2538 Ejus
1026 2489 1127 2527 enim
1150 2490 1270 2527 oratio
1292 2500 1372 2537 gra·
1441 2497 1462 2523 a
1498 2487 1638 2536 virgine
1675 2500 1746 2524 non
1783 2488 1912 2536 detffet.
1968 2489 2235 2529 Emaculandus
2270 2484 2320 2524 est
2355 2483 2466 2523 etiam

337 2543 394 2580 vis
427 2543 465 2580 ὃς
497 2542 606 2579 libera
639 2540 708 2578 fuit
730 2568 741 2585 ,
790 2552 898 2578 more
931 2540 1131 2589 priscorum
1167 2539 1281 2578 Rom.
1313 2542 1373 2580 vel
1447 2537 1578 2575 Caesar
1604 2538 1682 2577 Lib.
1709 2539 1758 2577 V.
1780 2540 1820 2578 B.
1842 2539 1936 2578 Gall.
1960 2552 2036 2591 cap.
2062 2540 2162 2578 LIV.
2184 2546 2269 2576 extr.
2304 2538 2465 2573 Tantum

339 2601 520 2644 tanquam
544 2592 763 2635 Romanus,
792 2592 879 2641 quia
901 2592 1050 2630 Vienna
1074 2591 1142 2628 fuit
1176 2591 1374 2630 Romano·
1437 2589 1475 2638 se
1495 2588 1567 2626 eius
1589 2589 1756 2639 opinionis
1778 2590 2021 2641 deperdidisse,
2047 2601 2089 2626 ut
2107 2601 2125 2624 a
2155 2585 2292 2634 populo
2321 2584 2466 2622 Roma-

346 2655 430 2682 lum
454 2643 611 2681 colonia.
641 2643 675 2679 C
689 2656 709 2678 Α
725 2656 748 2680 τ
765 2656 786 2679 Α
801 2654 838 2679 Ν.
1445 2651 1498 2678 no
1521 2640 1673 2689 imperia
1696 2643 1890 2689 perferrent
1913 2670 1924 2686 ‚
1947 2639 2143 2690 gravifft’me
2163 2633 2337 2671 dolebant.
2379 2635 2468 2676 Hoc

396 2708 415 2744 ς
444 2694 740 2744 Cumsententiae
753 2694 1006 2744 rogarentur.]
1033 2691 1234 2731 Helinstad.
1260 2694 1375 2733 Arnz.
1449 2703 1494 2728 ex
1518 2691 1655 2741 septem
1678 2692 1787 2731 MSS.
1809 2700 1978 2730 notatum
1999 2690 2179 2726 habemus.
2232 2686 2360 2734 Vulgo
2393 2686 2470 2726 edi-

347 2747 476 2784 Oxon.
510 2747 549 2784 ὃς
580 2745 649 2782 Ed.
680 2745 766 2783 Vet.
795 2754 1079 2795 prorogarentur.
1132 2744 1375 2785 Scribendum
1447 2750 1524 2779 tur:
1552 2742 1666 2793 populi
1700 2751 1738 2780 R.
1761 2743 1916 2791 imperia.
1967 2738 2020 2775 At
2040 2736 2191 2784 figuram
2213 2736 2324 2774 talem
2350 2737 2468 2775 obser·

348 2807 482 2844 nempe
500 2809 586 2834 cum
610 2796 808 2840 Medicco,
837 2797 1006 2834 Riccaid.
1027 2799 1066 2835 &
1088 2794 1183 2833 Edd.
1207 2795 1375 2835 Aldinis:
1408 2822 1411 2841 Ι
1445 2795 1548 2832 vavit
1576 2796 1614 2832 in
1645 2794 1796 2831 Caesare
1824 2794 1897 2831 iam
1928 2787 2089 2827 Bran'fius
2123 2784 2168 2822 ad
2199 2786 2288 2842 Vll.
2312 2787 2350 2831 B.
2374 2788 2469 2827 Gall.

349 2854 624 2893 perrogarentur.
652 2848 732 2884 Lib.
755 2848 825 2885 VI.
848 2847 958 2897 Epist.
982 2847 1104 2885 XXII.
1127 2858 1163 2883 n.
1200 2860 1229 2895 ς.
1288 2849 1376 2885 Fecit
1408 2851 1411 2879 ¹
1450 2857 1527 2894 cap.
1560 2845 1683 2883 XVII.
1736 2842 1849 2879 Nulla
1879 2841 1997 2876 t'amen
2029 2847 2104 2873 vox
2135 2836 2180 2884 est
2211 2837 2254 2875 ab
2275 2840 2315 2875 iis
2337 2840 2470 2876 audita

348 2894 576 2943 pulcherrime
599 2902 753 2940 Caesar:
785 2911 854 2935 non
880 2901 975 2937 enim
1008 2900 1049 2936 de
1079 2899 1294 2943 Bruttiano,
1313 2900 1378 2949 fid
1408 2909 1410 2941 ζ
1445 2895 1564 2945 populi
1586 2901 1624 2930 R.
1645 2892 1820 2939 maiestate
1842 2901 1884 2928 (θ’
1905 2887 2140 2937 superioribus
2181 2889 2338 2928 vinariis
2377 2890 2474 2941 indi-¹

345 2943 471 2991 statim
505 2947 543 2982 de
577 2946 739 2982 Atticino
768 2953 988 2996 perrogavit.
1019 2951 1153 2997 Paneg.
1187 2961 1263 2997 cap.
1295 2950 1376 2992 LX.
1408 2955 1410 2982 ζ
1444 2959 1528 2995 gna.
1557 2945 1708 2981 Coun.

355 2999 491 3032 Parum
511 2995 553 3041 est
570 3023 579 3038 ,
607 3007 646 3030 ut
669 2995 839 3042 censentes
862 3001 989 3035 audias
1015 3028 1024 3041 ,
1053 3001 1114 3050 nist
1134 3011 1178 3040 <9-
1198 3012 1376 3049 perrogffi,
1407 2993 1411 3016 '
1497 2996 1519 3032 8
1550 2999 1631 3029 Non
1662 2992 1778 3028 minus
1795 2989 1954 3037 sortiter.
1974 2988 1990 3038 ]
2031 2991 2137 3028 Haec
2160 2993 2267 3030 verba
2290 3005 2367 3031 non
2389 2994 2469 3033 sunt

357 3049 495 3087 Seneca
529 3044 633 3093 Epist.
669 3044 753 3080 Cli.
807 3048 872 3081 Ad
899 3048 1050 3094 gloriam
1082 3051 1285 3095 &famam
1307 3063 1378 3088 non
1448 3043 1609 3083 delenda.
1646 3043 1837 3079 ΒΑιιτΗ.
1874 3042 2012 3078 Ver-int
2045 3040 2118 3080 fici-i
2156 3044 2468 3091 praestantissimae

347 3098 442 3150 [atis
472 3095 517 3145 est
548 3094 652 3135 unius
683 3094 797 3143 opinio.
827 3095 910 3134 illuc
941 3097 1035 3137 idem
1052 3100 1158 3148 potest
1176 3103 1283 3140 unius
1298 3105 1383 3152 seu·
1448 3094 1683 3136 membranae
1714 3094 1752 3131 ὃ(
1785 3091 1853 3130 Ed.
1885 3092 1972 3130 Vct.
1996 3095 2035 3132 ὃς
2056 3093 2178 3132 sensis.
2232 3095 2304 3134 Alii
2327 3108 2394 3146 pro
2413 3091 2481 3133 hi's‘

2384 3153 2466 3187 ‚tan-
