2616 3686
565 185 1880 260 LIBE'R1.EPISTOLAXX.
2238 232 2294 287 73

207 296 459 362 ,opponm
497 283 647 352 cujus
673 284 846 337 oratio
872 278 1273 354 optima'fertur
1301 278 1439 343 effe,
1476 279 1489 300 ¹
1513 296 1651 352 quae
1681 284 1928 339 maxima.
2003 285 2074 342 Et
2092 288 2291 347 herou-

206 365 289 423 tle,
326 371 384 413 ut
412 357 539 412 aliae
571 356 743 409 bonae
784 369 872 408 res
897 390 913 415 ‚
963 351 1034 405 ita
1075 351 1247 406 bonus
1272 350 1418 406 ⁷liber
1453 350 1470 370 ²
1510 352 1703 406 melior
1739 353 1815 408 est
1853 355 2076 426 quisque
2100 400 2116 424 ‚
2183 380 2295 434 quo

205 431 396 499 major.
445 434 460 461 ³
498 426 671 483 Vides
694 437 751 480 ut
776 425 991 486 statuaS,
1032 422 1208 495 signa,
1247 422 1502 494 pistura&
1543 423 1827 478 hominum
1853 427 2116 500 denique,
2156 438 2293 490 mul-

204 516 503 574 =torumque
529 494 1081 559 animalium·formaS‚
1120 497 1371 550 arborum
1397 497 1591 560 etiam,
1630 495 1861 551 fi-modo
1895 499 1992 552 sint
2031 502 2293 571 decorae,

212 578 346 633 nihil
371 574 561 644 magis,
597 585 755 642 quarn
781 567 1472 639 amplitudo-commendet.
1548 568 1696 622 Idem
1721 570 2053 626 orationibus
2079 580 2290 632 evenit:

208 651 345 720 quin
370 650 525 701 etiam
553 641 906 698 voluminibus
931 638 1046 710 ipfis
1071 640 1446 695 auctoritatem
1474 641 1741 711 quandam
1759 642 1812 694 &
1830 644 2289 714 pulchritudinem

211 719 391 790 adjicit
416 714 745 786 magnitudo,
821 710 978 765 Haec
1017 713 1136 776 ille,
1174 713 1446 782 multaque
1472 715 1597 774 alia,
1636 731 1773 783 quae
1798 731 1942 769 ame
1969 718 2020 771 in
2058 722 2288 777 eandem

207 789 516 848 sententiam
543 788 709 841 solent
737 784 874 848 dici,
915 796 972 837 ut
997 783 1070 836 est
1095 786 1144 839 in
1173 784 1495 854 disputando
1518 792 1534 816 ⁴
1563 786 2112 856 incomprehenfibilis
2139 793 2190 846 ὅ(
2209 794 2289 848 lu-

210 863 415 922 bricuS,
451 859 559 912 itas
589 855 787 920 eludit,
825 869 884 910 ut
911 857 1205 910 contendat
1233 857 1330 910 hos
1355 856 1492 927 ipsos
1517 894 1533 919 ‚
1588 874 1823 927 quorum
1849 863 2180 917 orationibus
2207 868 2287 920 ni-

2341 742 2371 784 6

201 947 295 988 .tor
320 971 336 995 ,
389 932 637 1002 pauciora
678 927 859 983 dixisse
883 966 898 991 ,
937 945 1098 1000 quam
1133 929 1421 983 ediderint.
1500 927 1621 998 Ego
1646 945 1834 982 contra
1862 947 2010 1000 puto,
2087 936 2280 993 Testes
2338 946 2370 994 7

203 1004 321 1060 sunt
359 1003 554 1057 multae
596 1002 886 1055 multorum
921 1001 1192 1056 orationes
1219 1039 1233 1063 ,
1282 1002 1337 1054 δε
1375 1001 1660 1056 Ciceronis
1705 1019 1805 1070 pro
1839 997 1857 1021 ⁶
1883 1005 2144 1072 Murena,
2182 1027 2282 1079 pro

202 1074 450 1134 Vareno:
486 1077 540 1131 in
565 1073 753 1146 quibus
777 1072 950 1128 brevis
979 1071 1033 1128 &
1056 1074 1198 1130 nuda
1224 1073 1368 1146 quasi
1393 1072 1408 1099 ⁷
1447 1072 1762 1144 subscriptio
1799 1079 2138 1146 quorundam
2177 1084 2283 1136 cri-

2180 1155 2284 1210 mi-

198 1279 405 1318 mationum
428 1277 509 1317 Lib.
532 1276 599 1315 IV.
652 1281 849 1328 Nunquam
886 1279 1036 1329 admiffa
1056 1278 1220 1317 multitu-

200 1331 280 1368 dine
309 1329 546 1367 declamavit:
569 1329 700 1378 primus
728 1328 885 1365 omnium
911 1337 1143 1368 Romanorum
1157 1332 1222 1366 ad-

200 1381 334 1427 voc-atis
363 1379 559 1418 hominibus
577 1379 709 1429 scripta
731 1383 800 1428 sua
841 1380 1007 1417 recitavit
1029 1412 1038 1426 ,
1083 1383 1218 1430 primus

200 1429 440 1468 bibliothecam
467 1431 613 1466 dicando
641 1428 790 1475 instituit
813 1455 823 1471 ‚
870 1430 907 1465 in
933 1443 972 1466 ea
1002 1431 1214 1480 scriptorum
1309 1427 1436 1465 Cernis
1466 1434 1555 1483 ,⁴ut
1586 1428 1625 1464 in
1654 1428 1751 1465 duris
1781 1429 1848 1476 (εῖν
1868 1430 1955 1477 quid
1974 1429 2061 1467 bove
2073 1431 2278 1485 firmium)

192 1479 562 1530 praestantifflmorum
585 1481 752 1528 imagines
774 1477 965 1515 collocavit.
995 1481 1110 1517 Hunc
1131 1481 1216 1530 Afi-
1410 1490 1514 1512 arws

200 1532 279 1567 nius
308 1530 434 1566 Gallus
453 1529 542 1567 filius
558 1529 659 1565 ausus
682 1527 731 1565 est
754 1529 927 1566 Ciceroni
950 1530 1116 1568 conferre
1140 1559 1149 1574 ‚
1178 1533 1216 1568 &
1360 1527 1482 1563 Fortia
1504 1537 1691 1565 taurorum
1710 1536 1850 1577 corpora
1862 1529 2022 1579 frangat
2042 1539 2131 1580 opus.

200 1590 436 1627 praeponere.
450 1578 631 1614 Adversus
644 1578 828 1613 Catonem
841 1577 957 1615 causas
970 1581 1051 1626 egit.
1066 1580 1219 1618 Cin-rm.

249 1629 270 1665 8
299 1626 520 1676 Caesarem]
562 1632 604 1663 C.
631 1625 754 1669 Julius
773 1626 904 1675 Caesar
926 1627 1073 1666 summis
1096 1639 1219 1668 orato·
1255 1626 1362 1675 Epist·
1384 1627 1432 1663 V·
1456 1637 1505 1664 VS·
1530 1639 1560 1675 ς·

202 1678 296 1716 ribus
327 1678 489 1715 aemulus
522 1675 610 1714 teste
641 1675 696 1712 M.
730 1675 882 1720 Tullio,
911 1679 1119 1716 orationem
1143 1682 1215 1718 ele-

201 1738 350 1776 gantem
366 1756 375 1772 ‚
402 1726 621 1776 splendidam
636 1755 646 1770 ‚
673 1724 977 1774 magnificamque
1000 1739 1084 1776 prae
1108 1730 1141 1767 sc
1155 1740 1212 1768 tu-
1287 1726 1427 1764 ⁴Cernis
1441 1754 1451 1771 ‚
1478 1733 1519 1763 ut
1541 1725 1716 1775 ignavum
1739 1737 1970 1779 corrumpant
1990 1731 2062 1770 otia
2082 1741 2213 1785 c0rpm,

201 1778 264 1816 lit:
294 1779 472 1816 sententiis
495 1784 618 1814 acutus
641 1778 679 1814 ὃ(
699 1776 843 1819 creber,
871 1777 973 1824 quod
995 1777 1210 1827 nifimagni-

201 1828 328 1866 tudine
360 1840 479 1866 reruni
511 1826 748 1875 gerendarum
781 1834 1000 1874 occupatum
1043 1827 1209 1869 divinum
1249 1824 1298 1863 Et
1320 1823 1367 1862 fic
1389 1825 1549 1876 saepius,
1577 1829 1640 1878 qui
1665 1830 1704 1866 &
1727 1827 1831 1867 sll'ssffi
1856 1830 2016 1870 formula
2033 1861 2043 1877 2
2084 1834 2163 1873 Vidi
2192 1838 2275 1886 egoss

205 1879 282 1926 ejus
306 1880 492 1925 ingenium
519 1876 658 1920 fuisset,
686 1887 761 1913 non
782 1875 867 1914 ah'us
888 1887 933 1913 ex
966 1877 1090 1918 nostris
1121 1893 1212 1920 con-
1250 1876 1460 1926 frequenter
1481 1879 1518 1914 in
1541 1877 1646 1917 simili
1667 1879 1767 1917 sensu
1795 1883 1918 1918 utitur.

207 1933 260 1964 tm
273 1928 491 1965 Ciceronem
505 1930 760 1965 nomin-aretur.
789 1926 902 1963 Imm.
931 1927 1099 1969 Aristone
1112 1943 1213 1980 prae·
1298 1940 1321 1974 4
1353 1928 1738 1978 Incomprehenfibilis.]
1769 1932 1845 1979 Qui
1870 1942 1947 1968 non
1969 1933 2086 1982 potest
2099 1945 2271 1985 compre-

206 1985 355 2026 ceptore
375 1977 453 2014 usus
473 1976 521 2014 est
545 2005 555 2022 ‚
592 1977 636 2015 de
657 1975 759 2027 quod
779 1976 852 2014 vid.
873 1976 1007 2015 AEiian.
1028 1980 1103 2019 hist,
1127 1984 1213 2022 var,
1248 1977 1384 2022 hendi,
1412 1980 1490 2027 capi
1515 2008 1524 2023 ‚
1551 1981 1667 2018 teneri
1691 2009 1701 2025 ‚
1727 1981 1942 2031 semperque
1966 1985 2024 2022 sua
2047 1985 2156 2023 habet
2179 1987 2274 2026 effu-2

208 2027 290 2064 Lib.
314 2027 417 2064 Vlll.
442 2038 516 2076 cap.
539 2039 594 2066 21.
1250 2029 1318 2075 gia.
1346 2029 1564 2067 SCHEFFER.

258 2091 280 2125 9
309 2077 502 2126 Caelium]
533 2078 574 2115 In
593 2078 666 2115 hoc
687 2079 850 2116 maxime
870 2078 1210 2130 laudaturind0133‚
1301 2091 1319 2126 ς
1351 2078 1514 2129 madia]
1544 2080 1679 2118 subint.
1708 2082 1825 2120 Haec.
1849 2082 2041 2122 flustratuin
2073 2086 2207 2124 Cicero
2231 2090 2269 2127 in

204 2130 302 2165 nitor
327 2157 336 2173 ,
372 2129 409 2166 ὅ(
439 2128 588 2166 altitudo
612 2156 623 2172 ‚
661 2129 698 2166 &
731 2129 921 2176 praecipue
953 2132 990 2168 in
1012 2134 1212 2174 accusando
1248 2129 1428 2167 Verrem:
1459 2135 1502 2168 Te
1521 2144 1603 2168 vero
1626 2132 1779 2177 Caecili,
1808 2135 2108 2182 quemadmodum
2129 2136 2178 2185 fit
2197 2138 2270 2175 elu-

207 2178 319 2216 multa
341 2179 533 2216 urbanitas:
562 2178 620 2216 sed
641 2179 862 2228 asperitatem
878 2207 888 2222 ,
916 2181 956 2218 δε
976 2180 1117 2221 sordem
1133 2197 1213 2223 ver·
1240 2179 1348 2227 surm
1369 2181 1488 2218 ‘vi-scre
1501 2183 1583 2230 jam
1608 2183 1739 2220 videor.
1772 2184 1926 2220 CATAN·

206 2227 339 2266 bmum
362 2230 397 2266 in
419 2239 464 2266 eo
487 2228 668 2266 damnant.
721 2229 819 2266 Nam
841 2230 942 2267 hians
964 2234 1185 2282 compositio
1200 2265 1210 2281 ‚
1297 2230 1320 2265 6
1348 2232 1543 2281 Murena.]
1585 2237 1621 2268 L.
1653 2239 1847 2269 Murenam
1882 2234 2060 2272 accusavit
2084 2237 2179 2273 Cato
2202 2241 2269 2278 cri-

207 2279 246 2315 &
269 2277 441 2317 inconditi
463 2278 577 2317 sensus
600 2279 810 2318 redolebant
831 2281 1093 2330 antiquitatem.
1125 2287 1157 2323 C
1171 2299 1212 2323 Α-
1246 2282 1347 2318 mine
1359 2281 1514 2319 ambitus
1528 2310 1538 2326 ‚
1567 2282 1700 2319 Cicero
1715 2281 1903 2326 defendit,
1929 2284 2108 2322 absolutm
2141 2288 2266 2326 consul

204 2340 228 2365 τ
244 2342 263 2364 A
281 2341 314 2365 Ν.
1248 2339 1385 2368 creatus
1407 2331 1466 2368 est.
1494 2332 1603 2368 Extat
1626 2343 1693 2380 pro
1716 2332 1875 2368 Murena
1909 2334 2026 2369 oratio
2051 2362 2061 2378 ‚
2089 2335 2178 2374 sicut
2201 2350 2269 2386 pro

257 2393 300 2417 to
329 2384 382 2416 M.
403 2379 598 2428 Tullium]
628 2383 718 2428 Quo
741 2392 855 2418 nemo
867 2384 1069 2421 tammulta
1089 2394 1211 2422 orato-
1247 2380 1398 2416 Vareno
1423 2379 1549 2428 (cuius
1571 2380 1674 2429 saepe
1708 2380 1748 2418 fit
1781 2383 1922 2419 mentio
1957 2383 2053 2431 apud
2088 2385 2267 2440 Fabium)

202 2438 241 2465 re
256 2457 265 2472 ,
294 2442 338 2467 ne
361 2431 396 2467 in
420 2430 563 2467 Graeco
585 2431 733 2479 quidem
756 2432 839 2468 ocio
861 2430 1012 2479 scripsit:
1041 2436 1116 2469 vim
1149 2445 1213 2471 cu·
1245 2429 1434 2467 intercidit.
1461 2431 1577 2469 IDEM-

199 2479 259 2527 jus
282 2492 317 2517 m
341 2481 494 2517 dicendo
520 2483 556 2518 &
580 2481 722 2529 copiam
749 2509 759 2524 ,
794 2492 814 2517 a
836 2479 946 2517 Fabio
970 2482 1082 2519 Libro
1106 2483 1148 2519 X.
1173 2486 1210 2522 &
1299 2490 1316 2524 7
1346 2478 1581 2531 Subscriptio]
1612 2482 1778 2519 Not-atio.
1807 2481 1920 2520 IDEM.
1949 2482 2048 2521 Nam
2060 2485 2267 2536 subscriptio

207 2530 342 2566 Seneca
376 2529 617 2567 Suasoriarum
650 2531 676 2566 I.
711 2530 1009 2569 commendatam
1032 2534 1187 2581 pluribus
1203 2563 1212 2579 ‚
1248 2530 1392 2577 ΡΥΟΡΥῘΘ
1414 2531 1662 2568 accusatorum
1684 2532 1978 2570 secundariorum
2004 2562 2014 2578 ‚
2043 2538 2104 2586 qui
2126 2536 2161 2574 se
2185 2540 2266 2576 iun-

204 2590 318 2627 quam
341 2589 381 2617 ut
402 2579 527 2617 deceat
548 2582 584 2617 in
608 2583 893 2618 commentarios
916 2581 1083 2621 conferre
1097 2612 1107 2628 ,
1135 2585 1227 2623 satis·
1246 2579 1377 2626 gebant
1399 2581 1568 2628 primario
1588 2610 1602 2626 ς
1649 2594 1718 2620 nec
1738 2582 1877 2632 scmpffl‘
1899 2583 1936 2620 111
1958 2588 2128 2624 Omnibus
2161 2598 2267 2626 accu-

205 2628 378 2668 habemus
399 2630 575 2668 lectorem
598 2630 835 2670 admonuisse.
865 2632 976 2670 IDEM.
1246 2629 1387 2667 sationis
1410 2632 1603 2679 capitibus,
1630 2631 1690 2670 sed
1713 2632 1927 2682 quibusdam
1949 2660 1963 2677 ‚
2002 2636 2058 2674 alii
2083 2638 2136 2675 his
2160 2665 2170 2681 ,
2208 2640 2266 2680 alii

257 2692 271 2717 1
301 2683 402 2728 Qae
422 2679 622 2728 mxima]
651 2683 777 2729 Qualis
800 2682 847 2719 cst
869 2695 935 2731 pro
949 2683 1121 2722 Cluentio
1135 2714 1144 2730 ‚
1173 2687 1212 2724 ὃς
1246 2679 1308 2717 illis
1333 2693 1340 2716 :
1371 2679 1549 2730 fiebatque
1573 2683 1607 2719 in
1629 2682 1749 2720 libello
1770 2683 1990 2720 accusatorio
2013 2698 2076 2733 per
2098 2688 2267 2726 subnot-a..

207 2739 272 2777 pro
290 2730 406 2768 domo
428 2731 484 2767 suat
506 2730 602 2779 apud
621 2731 825 2769 Pontifices,
855 2734 968 2771 ΙΒΕΜ,
1247 2731 1388 2770 tionem
1412 2733 1570 2770 nominis
1593 2734 1766 2783 cuiusque
1780 2761 1791 2776 ‚
1818 2735 1856 2771 ὃ(
1878 2733 2178 2781 significationem
2200 2738 2265 2778 de-

255 2790 277 2815 2
303 2782 453 2831 Qisque
476 2780 583 2829 m.e.]
614 2783 713 2818 Cum
727 2787 977 2832 comparativo
991 2794 1117 2822 contra
1130 2788 1209 2835 opi·
1247 2780 1318 2818 heti
1335 2809 1343 2824 ‚
1373 2782 1471 2818 cuius
1494 2793 1595 2820 reum
1628 2783 1867 2821 accusandum
1900 2782 1969 2822 effe
2000 2787 2168 2825 censeant
2197 2788 2263 2827 suo

210 2829 358 2868 monem
374 2833 569 2869 Laurentii.
598 2832 1136 2885 IDEM.Meliorestq1¹1isquehoc
1150 2849 1208 2874 or-
1249 2842 1400 2879 quoque
1434 2834 1586 2870 nomine
1602 2862 1611 2877 ,
1641 2844 1726 2870 cum
1747 2833 1954 2872 adieffione
1976 2837 2142 2884 perbrevi
2166 2840 2264 2878 caus-

213 2875 294 2914 dine
324 2881 485 2919 Riccard.
519 2882 684 2930 Bongars.
719 2886 758 2921 ὅτ
789 2885 846 2922 alii
869 2897 952 2922 cum
977 2888 1208 2926 curatioribus
1249 2882 1362 2918 samm
1391 2890 1500 2930 atque
1522 2884 1718 2920 sationum·
1756 2886 1777 2922 S
1793 2896 1814 2921 C
1829 2896 1886 2922 ΗΕ
1901 2897 1919 2921 F
1936 2898 1954 2922 F
1970 2898 2043 2923 ER·
2078 2887 2177 2927 Vide
2202 2890 2265 2928 Ci-

212 2927 386 2973 impreffis.
438 2931 646 2970 Deteriores
667 2932 806 2983 quisque
826 2935 946 2972 melior
965 2936 1010 2981 est
1035 2963 1044 2979 ‚
1083 2939 1209 2985 quibus
1249 2943 1316 2969 Ges·
1341 2932 1502 2969 Divinat.
1533 2934 1569 2970 in
1599 2934 1703 2971 Verr·
1735 2945 1810 2984 cap-
1843 2934 1929 2972 XV·
1962 2937 2000 2974 δί
2035 2937 2126 2986 Scip.
2159 2940 2262 2977 Gen-

212 2974 420 3032 adli-:terebat
463 2981 662 3020 Hackiana.
721 2985 917 3024 Lindenbr.
972 2986 1016 3033 est
1072 2988 1210 3037 quisque
1248 2983 1295 3019 til.
1329 2982 1365 3019 111
1409 2982 1552 3030 Apulei·
1606 2984 1767 3032 Apolog·
1796 2996 1874 3033 pag·
1909 2998 1962 3032 17·
2001 2988 2054 3025 18·
2108 2988 2168 3025 Est
2208 2998 2262 3027 ta-

204 3032 355 3062 mnittit.
1249 3044 1334 3069 men
1359 3061 1369 3075 ,
1395 3033 1456 3071 ubi
1477 3032 1677 3083 subscriptio
1696 3046 1762 3082 pro
1786 3035 1854 3084 ipsa
1876 3037 2043 3084 primaria
2064 3039 2260 3077 accusatio-

262 3086 279 3123 3
311 3074 444 3123 Vides,
469 3092 508 3118 ut
518 3080 696 3133 stanam]
737 3085 889 3135 Elegqns
907 3087 1065 3126 formula
1088 3087 1133 3127 de
1167 3099 1206 3126 re
1248 3095 1294 3121 ne
1308 3111 1318 3128 ,
1355 3082 1455 3122 brevi
1474 3083 1604 3174 libell}
1616 3084 1709 3121 faeta
1730 3085 1880 3140 sumitur
1904 3114 1915 3132 ,
1952 3095 1992 3125 ut
2014 3088 2110 3138 apud
2132 3090 2259 3178 Senes.

2243 3150 2264 3177 ο

1259 1277 1367 1315 obvia
1390 1278 1429 1316 δε
1451 1272 1603 1314 sensibus
1628 1278 1801 1330 exposita.
1831 1276 1991 1318 Ovidius
2003 1290 2048 1316 ex
2058 1279 2184 1319 Ponto
2199 1280 2283 1322 Lib.·

1260 1328 1286 1364 Ι.
1308 1327 1415 1377 Epist.
1439 1327 1507 1364 IV.
1530 1339 1565 1364 n.
1592 1341 1645 1387 1t.
