2616 3686
271 230 369 287 ²54
524 204 1041 268 c.P1.1N11
1106 193 1616 259 CAECILII
1669 161 2203 257 secuntur

272 301 444 361 reeta!
485 307 497 330 ¹
524 293 917 352 Callimachum
942 303 1062 355 me,
1099 288 1187 343 vel
1209 283 1226 302 ²
1251 279 1554 346 Heroden,
1592 279 1680 334 vel
1705 278 1741 334 si
1763 281 1897 353 quid
1934 282 2015 340 his
2045 285 2274 350 melius,
2313 287 2393 343 tei

279 391 410 431 nere
445 367 753 426 credebam.
792 376 1029 437 quorum
1068 373 1250 416 tamen
1291 374 1306 401 υ
1341 366 1533 413 neuter
1569 365 1865 436 utrumque
1899 367 1988 409 aut
2008 356 2264 422 absolvit,
2300 370 2392 414 aut

202 473 233 524 5
285 445 479 515 attigit.
555 437 931 495 Hominemne
964 436 1279 493 Romanum
1318 442 1428 484 tarn
1465 424 1682 481 Graece
1718 423 1869 494 loqui
1899 426 1917 477 ?
1956 426 2120 484 Non⁴
2145 445 2232 484 me
2273 430 2393 487 dius

282 517 439 576 fidius
478 512 611 587 ipsas

283 745 463 788 utraque:
491 748 600 788 quam
622 732 739 772 dulcia
752 732 842 776 illa,
868 741 980 780 quam
992 728 1172 778 antiqua,
1222 739 1309 764 uam

282 792 451 838 arguta!
491 797 650 835 eamque
681 784 738 822 ille
771 782 980 830 scripturam
1013 791 1092 817 non
1123 789 1189 816 mo
1217 789 1310 835 o'ex

282 837 580 889 praestantissimo
603 864 613 880 ‚
651 842 691 871 ut
713 841 848 870 notum
871 831 920 869 est
942 859 954 876 ‚
989 831 1082 869 libro
1115 828 1309 871 desumht,

287 889 349 927 sed
382 887 603 925 confirmant
633 886 745 923 etiam
778 894 891 932 penes
925 893 993 920 nos
1016 878 1180 919 Riccard.
1207 877 1311 916 Voff.

286 939 415 974 Oxon.
449 939 488 975 &
522 935 771 983 Lindenbrog.
803 933 975 981 adeoque
1005 932 1134 969 locum
1176 932 1310 968 merito

283 986 492 1026 emendavi.
540 986 705 1025 Barthius
738 984 956 1032 conjiciebat
988 981 1158 1018 halantia
1178 1007 1190 1024 ‚
1243 991 1311 1030 pro

284 1038 451 1076 amantia
466 1065 476 1083 ‚
503 1045 546 1075 ut
566 1038 606 1075 in
628 1048 676 1076 eo
699 1034 864 1074 Lucretii
884 1033 965 1071 Lib.
989 1032 1037 1069 11.
1060 1043 1111 1071 vs.
1135 1031 1217 1077 847.

324 1155 403 1172 n-·
456 1158 528 1170 --
582 1139 702 1176 „enar
726 1136 786 1187 qni
807 1135 952 1173 naribus
973 1134 1108 1173 halant.

281 1239 355 1280 Sed
374 1241 449 1278 hoc
470 1237 623 1290 quidem
650 1237 879 1276 durissimum
902 1236 961 1275 est.
989 1235 1091 1274 Nihil
1109 1234 1181 1273 tale
1201 1233 1312 1272 habes

283 1291 379 1331 infra
411 1290 523 1341 Epist.
554 1289 717 1326 XXVII.
749 1300 784 1326 n.
830 1301 859 1326 1.
913 1287 1097 1325 Poematia
1139 1284 1313 1334 adpellat.

284 1342 404 1380 multa
426 1342 579 1380 tenuiter
594 1368 604 1386 ,
626 1339 744 1377 multa
759 1338 963 1388 sublimiter
980 1366 989 1383 ‚
1005 1337 1123 1375 multa
1138 1334 1288 1374 venuste
1302 1363 1313 1381 ,

285 1392 406 1430 multa
428 1403 541 1430 tenere
565 1420 576 1436 ,
615 1390 734 1428 multa
757 1389 908 1427 dulciter
929 1417 939 1434 ‚
977 1386 1096 1426 multa
1119 1399 1196 1424 cum
1237 1385 1315 1424 bile.

286 1441 352 1480 nifi
375 1442 461 1481 illud
483 1453 596 1480 tenere
615 1442 691 1478 hoc
710 1440 880 1477 amantia
902 1439 1061 1478 indicare
1083 1446 1199 1487 putes.
1241 1437 1313 1476 Sed

284 1494 345 1530 vel
374 1492 461 1530 illud
485 1520 496 1537 ‚
533 1491 637 1541 quod
669 1491 833 1528 humana
858 1518 869 1535 ,
897 1489 1046 1537 venusta
1072 1516 1083 1534 ‚
1112 1487 1227 1526 dulcia
1254 1488 1314 1527 hic

286 1550 527 1592 opponuntur
548 1542 708 1592 antiquis
731 1570 742 1586 ,
768 1542 906 1590 argutis
929 1543 968 1579 &
989 1539 1087 1578 renis
1109 1567 1119 1584 ‚
1150 1539 1196 1578 ad
1218 1550 1314 1588 quae

287 1602 380 1631 mox
414 1604 606 1643 uerumque
628 1621 638 1637 ‚
702 1590 779 1629 uod
800 1591 929 1630 auctor
951 1591 1131 1639 subiungit
1154 1619 1166 1635 ,
1205 1592 1315 1639 perti—

286 1652 376 1688 net,
406 1644 539 1682 docere
560 1644 664 1692 potui
695 1651 755 1687 et,
787 1641 878 1680 istud
899 1655 1010 1692 quam
1030 1641 1198 1679 amantia
1229 1642 1316 1680 nihil

283 1693 443 1738 habere,
471 1695 574 1743 quod
594 1695 654 1732 hic
674 1701 766 1742 agat.
812 1692 980 1742 Antiqua
1009 1692 1114 1731 idem
1149 1692 1316 1731 Barthius

288 1746 443 1793 exponit
475 1745 682 1781 veneranda
717 1746 767 1782 &.
784 1743 917 1793 gravia
941 1771 953 1790 ‚
981 1746 1021 1783 ὃ(
1042 1754 1111 1782 nos
1133 1741 1180 1781 de
1202 1754 1249 1781 eo
1269 1742 1317 1781 ad

290 1793 372 1832 Lib.
397 1794 446 1832 11.
470 1793 639 1832 diximus.
667 1795 823 1832 Come.

339 1854 355 1880 1
386 1843 693 1892 callimachum]
722 1843 967 1883 callimachus
989 1843 1205 1892 Cyrenaeus
1220 1845 1316 1884 Batti

291 1896 332 1935 δε
353 1895 581 1934 Maesatmae
601 1893 693 1933 filius
707 1920 718 1939 ‚
747 1894 1000 1934 Hermocratis
1023 1894 1213 1944 discipulus
1240 1922 1252 1940 ‚
1279 1907 1319 1934 a-

291 1946 365 1986 deo
386 1945 507 1985 studio
529 1947 690 1985 intentus
713 1944 782 1984 fuit
796 1972 807 1990 ‚
833 1953 874 1982 ur
896 1956 960 1994 per
981 1956 1097 1983 omne
1114 1956 1228 1994 genus
1239 1958 1320 1985 me·

290 1998 337 2035 tri
368 2004 543 2046 poemata
574 1995 726 2035 ediderit
751 2022 762 2040 ,
792 2005 953 2045 quorum
984 1996 1139 2044 plurima
1170 2008 1190 2034 a
1213 1997 1322 2035 Suida

292 2055 556 2085 numerantur:
584 2046 645 2085 sed
675 2048 768 2084 inter
798 2053 939 2084 caetera
972 2046 1181 2094 composuit
1214 2046 1294 2084 Ibin
1311 2076 1322 2093 ‚

293 2108 434 2147 poema
456 2097 538 2136 sane
555 2096 747 2135 obscurum
763 2124 774 2141 ,
802 2095 1132 2140 &conviciosum,
1158 2098 1197 2134 in
1208 2108 1324 2147 quen-

293 2146 383 2186 dam
405 2149 597 2187 inimicum
624 2147 725 2191 Ibin,
754 2146 1001 2195 Apollonium
1034 2147 1201 2185 nomine.
1241 2147 1325 2184 Cla-

293 2201 367 2237 ruit
389 2198 592 2236 Ptolemaei
614 2197 835 2245 Philadelphi
858 2198 897 2234 &
919 2197 1110 2244 Euergetis
1147 2199 1325 2247 tempori-

293 2248 372 2287 bus.
399 2248 481 2287 Fuit
500 2251 540 2286 &
560 2248 648 2286 alius
668 2246 918 2285 Callimachus
947 2248 1158 2295 Cyrenaeus
1189 2257 1301 2297 poeta
1315 2278 1326 2295 ‚

296 2297 392 2339 filius
413 2299 544 2337 sororis
563 2299 692 2347 prioris
716 2298 942 2336 Callimachi.
971 2297 1127 2335 Carnu.

349 2360 371 2388 2
401 2350 582 2387 Herodem.
603 2347 618 2396 ]
659 2347 786 2392 Julius
820 2349 971 2393 Herodes
995 2347 1123 2396 (qu‘us
1146 2351 1317 2388 meminit

298 2401 485 2439 Lucianus
505 2400 542 2437 in
565 2398 828 2446 Demonacte)
852 2398 994 2435 summa
1017 2397 1187 2436 facundia
1223 2410 1326 2449 prae-

302 2450 396 2489 ditus
414 2478 424 2495 ,
452 2448 653 2488 secundum
675 2450 816 2498 aliquos
829 2449 995 2499 patricius
1010 2477 1020 2493 ‚
1048 2448 1200 2497 quidam
1215 2451 1326 2488 etiam

303 2501 547 2539 Consularem
576 2499 800 2537 tradiderunt
823 2527 833 2543 ,
873 2499 964 2537 filius
988 2499 1101 2538 Attici
1125 2527 1135 2543 ,
1164 2501 1227 2549 qui
1249 2502 1330 2539 the-

302 2549 408 2589 sauro
427 2553 582 2590 invento
605 2549 649 2586 ab
673 2549 899 2598 Imperatore
923 2550 1048 2588 Nerva
1084 2550 1239 2589 donatus
1269 2551 1329 2589 est.

306 2602 538 2651 Quanquam
551 2604 587 2639 in
600 2601 674 2636 vita
695 2600 856 2638 Herodis
870 2628 880 2645 ,
902 2611 1000 2649 quae
1023 2600 1182 2639 scribitur
1204 2612 1225 2637 a
1247 2602 1330 2641 Phi-

307 2652 457 2690 lostrato
481 2650 656 2690 mendose
679 2651 816 2698 legatur
837 2650 983 2697 Νεξέπι
1007 2661 1074 2699 pro
1101 2650 1241 2697 Νέρεας
1259 2679 1268 2697 ,
1292 2653 1328 2690 id

309 2702 359 2740 est
388 2710 516 2741 Nerva
542 2730 552 2747 ‚
589 2702 627 2739 in
658 2700 810 2738 summis
843 2701 972 2750 opibus
1008 2701 1233 2739 declamator
1255 2731 1265 2747 ‚
1294 2705 1333 2742 &

309 2761 418 2799 poeta
438 2752 605 2802 insignis,
632 2751 922 2801 altiloquusque,
951 2750 987 2788 Τ
992 2753 1118 2800 rajano
1152 2754 1192 2790 &
1224 2753 1332 2792 Adri—

311 2812 386 2839 ano
408 2803 677 2852 imperantibus.
705 2802 864 2843 Moritur
888 2802 989 2841 sexto
1014 2802 1331 2852 &septuagesimo

312 2856 438 2889 aetatis
469 2864 568 2890 anno
602 2881 612 2896 ,
652 2854 709 2890 cui
739 2853 810 2891 tale
832 2852 1041 2901 inscriptum
1074 2853 1222 2890 tumulo
1256 2856 1332 2903 epi-

312 2902 478 2948 taphium
508 2914 517 2937 :
576 2909 785 2937 Αττικοῑ
842 2907 1045 2938 urum-12
1102 2910 1332 2940 ΜΑΡΑΘΩ-

316 2955 460 2993 Nioz,
495 2955 553 2983 or
595 2956 725 2985 τΑΔε
768 2958 936 2988 ΠΑΝΤΑ
965 2958 1127 2994 ΚΕιτΑι
1160 2959 1227 2991 To.
1268 2960 1329 2991 ΔΕ

313 3004 450 3035 ‘raon
471 3027 481 3042 ‚
524 3005 791 3034 nam-onom
832 3008 1117 3040 ετΔοιειΜοΣ
1149 3031 1160 3046 ,
1200 3004 1234 3042 id
1259 3005 1332 3049 est,

316 3050 438 3087 Anici
474 3049 620 3084 Herodes
658 3048 907 3084 Marathonius
929 3077 939 3092 ‚
989 3053 1086 3099 cujus
1109 3053 1192 3091 baec
1213 3055 1332 3092 omnia

310 3107 496 3152 femur
508 3096 803 3147 bocscpulcbro,in
813 3111 866 3135 om
872 3100 971 3138 nibus
977 3102 1158 3148 probatus.
1178 3105 1334 3146 Canu.

650 510 662 537 ³
708 511 948 567 Athenas
990 519 1101 562 tam
1145 505 1355 559 Atticas
1393 497 1642 556 dixerim.
1717 497 1871 570 Quid
1908 498 2072 555 multa
2107 501 2125 552 ?
2178 502 2396 558 invideo

2145 569 2368 630 Graecis
2383 614 2400 640 ,

1381 722 1564 761 Mendosa
1595 734 1673 761 vox
1705 725 1892 762 Herodem.
1945 723 2056 761 Forte
2100 722 2257 761 Philetas
2281 751 2292 769 ,
2340 727 2402 768 vel
2424 768 2444 775 ὁ

1383 781 1549 811 remotus
1569 774 1694 823 aliquis
1715 775 1811 814 latet.
1867 774 2018 812 Tamen
2042 774 2188 812 Herodis
2211 774 2323 813 exstat
2354 776 2409 814 E..

1381 823 1586 871 pigramma
1606 823 1856 863 doctissimum
1880 837 1899 862 a
1925 824 2145 863 Cal'aubono
2170 826 2207 862 &
2229 825 2403 866 Salmafio

1383 871 1606 911 illustratum.
1631 873 1785 913 Bima.
1812 874 1876 912 Ille
1898 876 2027 913 auetor
2050 875 2333 924 Epigrammatis
2356 877 2405 917 est

1385 924 1535 962 Herodes
1559 924 1706 962 Atticus
1720 952 1731 970 ,
1758 924 1784 962 st
1805 936 1893 962 vera
1913 926 2038 964 docuit
2051 924 2239 965 Salmasius
2254 955 2264 971 ,
2319 940 2407 968 uem

1387 975 1499 1012 etiam
1519 973 1624 1012 adeas
1646 975 1692 1012 ad
1717 975 1913 1024 Capitolin.
1956 975 2014 1014 M.
2034 976 2176 1014 Anton.
2200 989 2277 1028 cap.
2321 979 2347 1016 Ι.
2370 981 2409 1019 &

1387 1023 1433 1063 de
1453 1025 1528 1063 hoc
1545 1027 1618 1073 agit
1642 1025 1845 1064 Catanaeus
1860 1052 1870 1069 ,
1898 1026 1937 1064 &
1961 1025 2014 1064 Cl.
2036 1027 2176 1065 Minos.
2227 1029 2262 1066 Si
2284 1039 2411 1069 tamen

1388 1082 1558 1125 tempora
1590 1077 1657 1115 rite
1689 1076 1853 1115 aestimes
1875 1102 1887 1120 ,
1923 1087 2009 1113 cum
2038 1076 2130 1114 haec
2159 1076 2325 1119 scriberet
2343 1080 2415 1120 Pli-

1387 1127 1467 1164 nius
1483 1155 1493 1172 ,
1521 1126 1692 1165 Herodes
1713 1127 1770 1165 ille
1793 1125 2001 1164 admodum
2023 1137 2112 1175 puer
2136 1136 2210 1165 erat
2226 1155 2244 1177 Ι,
2282 1131 2344 1180 qui
2365 1143 2414 1172 an

1387 1176 1449 1214 ista
1469 1176 1578 1216 laude
1600 1177 1709 1216 fuerit
1731 1177 1858 1226 dignus
1873 1205 1883 1222 ‚
1909 1178 1947 1215 ὃ(
1971 1188 2057 1214 cum
2071 1175 2298 1217 Callimacho
2312 1181 2413 1232 iungi

1388 1229 1562 1266 meruerit
1587 1256 1598 1273 ,
1639 1241 1718 1266 non
1749 1237 1892 1270 temere
1933 1227 2097 1265 dixerim.
2151 1228 2415 1271 Remotiorem

1388 1279 1516 1328 utique
1538 1279 1650 1317 latere
1671 1279 1822 1318 arbitror
1847 1308 1857 1324 ,
1886 1280 1924 1317 ὃς
1948 1278 2051 1328 quod
2069 1276 2115 1316 de
2139 1277 2279 1317 Phileta
2310 1279 2417 1333 suspi-

1391 1336 1491 1376 catus
1523 1329 1571 1368 est
1605 1330 1769 1369 Barthius
1795 1359 1805 1376 ,
1843 1342 1891 1368 eo
1924 1329 2063 1367 factum
2098 1328 2247 1368 arbitror
2275 1359 2286 1376 ,
2340 1334 2418 1374 uod

1388 1379 1658 1419 Callimachum
1677 1383 1715 1420 δε
1741 1380 1919 1419 philetam
1946 1379 2156 1429 Propertius
2180 1408 2190 1424 ,
2234 1382 2312 1420 Ovi
2340 1384 2418 1431 ius,

1391 1431 1521 1469 Statius
1543 1434 1784 1481 coniungunt.
1813 1432 1902 1469 Hoc
1923 1440 2049 1470 tamen
2071 1441 2091 1467 a
2109 1431 2232 1469 litteris
2255 1433 2414 1474 nimium

1389 1481 1536 1520 recedit.
1587 1482 1700 1521 Forte
1732 1483 1902 1533 scriptum
1937 1481 2005 1518 fuit
2047 1479 2296 1527 Eratosthenen
2317 1512 2328 1529 ,
2367 1486 2415 1526 de

1388 1543 1466 1582 quo
1509 1533 1634 1572 Suidas
1652 1560 1662 1577 ,
1705 1535 1832 1572 Strabo
1871 1533 1951 1571 Lib.
1986 1529 2112 1569 XVII.
2147 1544 2227 1582 pag.
2251 1533 2335 1583 837.
2373 1538 2414 1576 &

1387 1583 1471 1628 alii,
1498 1585 1562 1634 qui
1593 1595 1672 1622 non
1705 1595 1786 1621 raro
1818 1595 1905 1620 cum
1936 1582 2163 1621 Callimacho
2198 1582 2304 1622 simul
2324 1597 2413 1635 pro-

1389 1632 1543 1672 ducitur.
1599 1632 1752 1673 Talibus
1774 1634 1968 1672 immorari
1987 1644 2066 1670 non
2094 1641 2207 1672 vacat.
2263 1635 2417 1680 Interim

1389 1696 1436 1722 ex
1467 1685 1645 1724 Mediceo
1689 1687 1727 1723 &
1771 1684 1937 1723 Riccard.
1987 1683 2214 1733 reposuimus
2257 1688 2418 1725 Heroden

1389 1735 1493 1785 quod
1524 1737 1599 1774 iam
1633 1735 1750 1774 Aldus
1782 1747 1828 1774 ex
1856 1735 1922 1773 suo
1946 1733 2106 1780 fecerat,
2131 1743 2172 1773 ut
2193 1747 2286 1775 mox
2306 1737 2418 1788 Epist.

1388 1787 1487 1835 sequ.
1511 1785 1706 1835 Aeschinen
1721 1815 1731 1831 ,
1763 1788 1801 1825 &
1821 1786 1923 1836 supra
1937 1785 2092 1824 Periclen
2108 1815 2119 1831 ‚
2143 1787 2391 1834 Demosthenen
2404 1813 2419 1834 ,

1391 1835 1468 1875 alia.
1492 1837 1621 1875 Oxon.
1640 1839 1858 1876 Herodorum
1879 1837 1923 1875 al.
1947 1837 2131 1875 Herodem.
2161 1837 2315 1877 Conni.

1441 1899 1461 1938 3
1493 1894 1626 1926 Neuter
1656 1899 1857 1939 utrumque.
1881 1887 1896 1938 ]
1940 1886 2122 1935 Significat
2143 1897 2317 1927 neutrum
2338 1890 2419 1928 illo-

1393 1949 1473 1976 rum
1490 1966 1501 1984 ,
1529 1951 1624 1988 quos
1646 1941 1883 1986 nominavit,
1908 1938 2061 1985 Jambos
2082 1940 2121 1977 &
2142 1938 2420 1988 Epigrammata

1393 1984 1500 2027 simul
1521 1989 1687 2038 scripsisse
1702 2018 1713 2034 ‚
1739 1998 1801 2027 aut
1823 1990 2068 2028 consummati
2092 1987 2235 2027 artificii
2265 1990 2421 2031 retulisse

1393 2037 1555 2077 laudem.
1585 2040 1685 2078 Nam
1708 2041 1792 2078 licet
1813 2037 2057 2078 Callimachus
2080 2040 2298 2086 Jamborum
2325 2053 2420 2092 quo-

1396 2101 1469 2140 que
1501 2089 1630 2139 poesin
1665 2092 1811 2129 tentarit
1832 2119 1844 2136 ‚
1894 2089 2051 2129 destituit
2083 2098 2210 2128 tamen
2243 2103 2286 2129 ea
2317 2092 2418 2138 laus,

1395 2151 1507 2189 quam
1530 2141 1804 2190 Epigrammata
1831 2140 1895 2191 ipsi
1914 2148 2140 2189 pepererant.
2169 2143 2317 2180 Herodes
2329 2153 2420 2181 vero

1395 2190 1548 2229 alterum
1573 2202 1687 2240 genus
1710 2204 1758 2230 ne
1780 2193 1945 2240 attigerat
1970 2189 2121 2240 quidem
2138 2219 2149 2236 ,
2175 2203 2253 2229 uno
2266 2200 2419 2232 conten-

1393 2247 1459 2279 tus.
1497 2242 1706 2281 Euenum.
1748 2249 1882 2280 Neuter
1912 2253 2103 2290 utrumque
2126 2270 2137 2286 ,
2172 2242 2356 2290 perfectus
2379 2244 2417 2282 in

1394 2302 1472 2329 uno
1504 2303 1649 2341 genere.
1691 2293 1719 2331 B
1736 2307 1755 2330 A
1770 2307 1794 2330 a
1813 2307 1835 2331 τ
1851 2306 1887 2331 Η.
1911 2291 2009 2330 Infra
2032 2291 2225 2329 Mediceus
2247 2306 2333 2331 nam
2353 2305 2417 2331 ne-

1393 2341 1506 2390 glexit
1541 2357 1549 2380 :
1611 2343 1831 2383 hominemne
1885 2350 2087 2380 Romanum
2129 2343 2271 2382 Graece
2305 2341 2415 2392 loqui,

1395 2392 1499 2442 quod
1520 2394 1779 2442 praecedentes
1798 2395 1938 2433 litterae
1961 2391 2173 2432 effecerunt.

1448 2456 1471 2490 4
1501 2445 1641 2483 Medius
1666 2443 1827 2495 fidius.]
1868 2445 1968 2492 Jurat
1999 2455 2064 2493 per
2093 2444 2196 2491 jovis
2217 2440 2408 2481 nuncium.

1398 2494 1628 2533 Mercurium
1655 2496 1784 2535 scilicet
1798 2525 1808 2541 ,
1833 2498 1897 2545 qui
1919 2495 2075 2533 creditur
2094 2492 2258 2530 vocisac
2274 2488 2409 2543 sermo-

1399 2546 1452 2583 nis
1486 2546 1632 2594 praeses.
1685 2549 1812 2597 Quare
1842 2544 2007 2596 apposite
2037 2541 2271 2596 interponitur
2295 2548 2409 2584 JUSJU-

1400 2595 1554 2634 randum
1578 2627 1588 2642 ,
1626 2609 1711 2635 curn
1747 2598 1793 2636 de
1823 2597 1997 2645 elegantia
2029 2593 2196 2647 sermonis
2226 2587 2406 2642 loquatur.

1403 2647 1542 2685 Scimus
1561 2649 1673 2686 etiam
1689 2647 1868 2686 Herculem
1881 2644 2026 2691 intelligi
2038 2641 2177 2692 sontum
2192 2663 2202 2678 ν
2230 2647 2405 2683 (llfflmlln

1402 2698 1429 2734 is
1449 2708 1469 2733 a
1493 2699 1628 2736 sabinis
1651 2699 1791 2737 sancius
1815 2699 1957 2740 noim,
1989 2701 2031 2728 ac
2050 2693 2233 2743 sen-,poter
2255 2687 2410 2744 appui-‚1-

1405 2756 1501 2785 retur
1525 2777 1535 2792 ‚
1582 2743 2039 2793 auctoribusrropertio.
2088 2735 2229 2795 Qvffilo
2254 2763 2263 2778 s
2316 2738 2411 2793 &ql-0·

1405 2799 1437 2835 C
1452 2812 1471 2835 A
1489 2814 1511 2837 τ
1528 2813 1545 2837 Α
1562 2813 1598 2835 N.
1628 2800 1707 2837 Nos
1726 2797 1846 2846 paullo
1867 2791 2017 2830 cunnus
2039 2787 2082 2824 'de
2105 2786 2167 2825 istu
2188 2787 2326 2824 iurandi
2341 2791 2414 2822 tor-

1406 2849 1506 2887 mula
1527 2863 1581 2888 me
1603 2851 1694 2887 Dius
1708 2847 1819 2895 fidius
1839 2844 1885 2880 ad
1910 2835 2041 2879 Sallust.
2061 2837 2144 2875 Cat.
2167 2847 2243 2885 cap.
2261 2836 2414 2876 XXXV.

1408 2911 1441 2936 n·
1459 2912 1673 2996 52'Athenas
1703 2955 1782 2981 ram
1813 2940 1969 2978 Atticas.
1993 2938 2008 2986 l
2049 2938 2164 2976 Color
2202 2938 2273 2981 est,
2300 2948 2413 2987 quem

1407 2999 1586 3035 Rhetores
1619 2996 1760 3039 ἄυξησ-ιν
1784 2991 1929 3028 dicunt:
1959 2988 2022 3026 nisi
2048 2991 2140 3026 sinte
2164 2996 2265 3036 putet
2289 2990 2416 3038 aliquis

1404 3047 1449 3083 ad
1481 3045 1719 3082 differentiam
1753 3042 1789 3079 id
1824 3040 1974 3078 dietum.
2022 3041 2077 3077 Ex
2110 3041 2296 3087 Stephano
2313 3041 2413 3078 enim

1406 3094 1594 3135 didicimus
1615 3121 1626 3140 ‚
1664 3091 1771 3132 urbes
1801 3091 1862 3131 sex
1889 3092 2121 3131 Athenarum
2150 3091 2303 3131 nominc
2319 3091 2414 3176 folilrin

2337 3152 2369 3177 ui
2399 3150 2419 3176 e
