2616 3686
215 309 272 344 lo

217 385 267 418 ¹1

216 664 271 697 12

318 225 375 277 30
522 202 2187 260 C.PLI'NIICAECILIISECUNDI

321 287 638 342 Accedebat
660 286 742 343 his
773 286 964 351 caulis,
1005 285 1157 359 quod
1185 290 1330 340 n0n¹
1364 281 1520 336 ludos
1545 293 1633 332 aut
1659 278 2037 348 ²gladiatore3,
2075 279 2413 347 sed³annuos
2494 325 2497 327 -

316 362 554 432 sumptus
590 361 643 415 in
677 361 928 414 alimenta
961 366 980 390 ⁴
1010 362 1371 429 ingenuorum
1399 349 1805 423 pollicebamur.
1880 350 2181 411 Oculorum
2206 359 2218 386 ⁵
2246 377 2414 431 porro
2478 412 2479 415 ,

320 434 374 488 &
411 436 616 488 aurium
651 434 951 502 voluptates
990 431 1129 486 adeo
1165 446 1274 484 non
1312 438 1479 498 egent
1502 422 1995 507 ‚commendatione
2018 463 2034 488 ‚
2079 441 2138 482 ut
2165 446 2275 487 non
2300 450 2409 490 tam

315 508 524 562 incitari
563 505 797 561 debeant
839 503 1085 557 oratione
1109 542 1125 567 ‚
1173 518 1335 573 quam
1374 513 1612 568 repr1m1.
1690 495 1770 550 Ut
1809 513 1939 551 vero
1975 498 2162 568 aliquis
2183 503 2413 563 libenter

316 579 646 634 educationis
675 576 911 632 taedium
930 616 946 642 ,
984 576 1335 646 laboremque
1356 570 1626 640 suscipiat,
1666 587 1776 624 non
1800 571 2047 641 praemiis
2073 571 2242 628 modo
2265 615 2281 639 ‚
2317 597 2414 635 ve-

315 671 435 707 rum
476 654 634 708 etiam
673 649 942 722 exquisitis
977 646 1439 704 adhortationibus
1481 641 1880 714 impetrandum
1907 645 1999 698 est.
2075 643 2213 700 Nam
2242 646 2276 701 fi
2303 666 2414 707 me..

316 727 425 781 dici
462 724 687 780 salubres
713 763 729 786 ‚
784 722 870 777 scd
907 730 925 753 ⁶
960 724 1236 793 voluptate
1275 731 1520 774 carentes
1549 756 1565 780 ,
1602 715 1751 772 cibos
1781 716 2144 773 blandioribus
2169 719 2416 793 alloquiis

315 798 736 871 prosequuntur:
781 809 987 867 quanto
1012 797 1178 868 magis
1206 794 1388 849 decuit
1415 791 1629 863 publice
1667 791 2038 845 consulentem
2080 792 2417 854 utilissimum

308 1123 462 1172 piston&
492 1124 524 1160 C
540 1137 558 1160 Α
575 1135 599 1161 τ
616 1138 634 1159 Α
652 1137 690 1162 Ν.

310 887 542 935 munuS,
579 869 672 925 sed
707 868 722 895 ⁷
757 886 872 925 non
907 870 1136 942 perinde
1175 868 1466 941 populare,
1505 865 1762 919 comitate
1786 863 2044 920 orationis
2072 864 2087 890 ⁸
2113 865 2415 926 inducere?

312 1082 397 1110 mus
416 1070 437 1109 a
459 1079 600 1110 natura.
651 1072 752 1112 Vide
775 1071 821 1111 de
849 1069 998 1110 avaritia
1031 1069 1211 1109 Senecam
1237 1068 1274 1108 in
1304 1081 1366 1130 es

372 1187 385 1211 1
419 1173 571 1222 Lucifer]
619 1176 696 1223 Qui
728 1174 981 1218 evanescunt,
1031 1185 1108 1212 non
1131 1171 1259 1212 relicto
1279 1172 1367 1210 ali-f

313 1236 394 1274 quo
416 1225 574 1263 utilitatis
593 1226 626 1262 in
648 1225 830 1273 posterum
856 1224 1032 1273 exemplo
1047 1254 1056 1269 ,
1077 1230 1138 1274 seu
1157 1224 1343 1273 spectacu-

312 1276 369 1314 la:
401 1285 502 1313 crant
522 1277 621 1314 enim
644 1277 817 1315 ludorum
839 1288 987 1326 genera.
1016 1276 1092 1314 lui-2
1110 1291 1148 1315 m.

365 1339 386 1364 2
416 1326 676 1377 Gladiatores]
723 1331 832 1376 Quos
865 1330 901 1366 in
933 1328 1120 1365 funeribus
1152 1325 1340 1364 illustrium

316 1376 392 1415 dari
416 1378 555 1426 populo
578 1387 734 1423 nomm,
765 1382 803 1416 &
839 1378 917 1427 post
941 1390 1100 1415 coenam
1128 1377 1314 1415 interdum
1332 1404 1343 1421 ,

311 1430 496 1466 referente
515 1430 713 1467 Athenaeo
727 1457 736 1472 ‚
764 1430 827 1478 qui
850 1442 895 1467 ex
913 1429 1133 1466 aucftoritate
1155 1428 1342 1476 ‘Hermip-

310 1480 346 1526 pi
366 1479 506 1525 arserit,
537 1480 786 1519 Mantinenses
806 1479 983 1518 invenisse
996 1480 1233 1528 gladiatores,
1263 1480 1342 1516 De-

2258 939 2423 998 Prae-

1383 1065 1526 1116 populo
1545 1072 1711 1115 gratum:
1740 1076 1825 1103 nam
1850 1064 2001 1115 perinde
2023 1066 2182 1105 multum
2216 1067 2418 1118 fignificat,v

1363 1135 1365 1156 l
1390 1120 1428 1157 ὅ(
1459 1129 1591 1168 aeque.
1613 1117 1852 1167 Tranquillus
1877 1131 1884 1154 :
1922 1119 2043 1166 §Quare
2065 1121 2240 1157 adventus
2258 1123 2326 1169 ejus
2347 1136 2418 1160 non

1385 1170 1527 1219 perinde
1553 1180 1677 1218 gratus
1709 1169 1794 1211 tuit.
1839 1169 2025 1206 CATAN.
2069 1169 2122 1206 lta
2158 1170 2291 1209 Cicero
2316 1173 2344 1212 Ι.
2369 1177 2418 1214 de

1389 1221 1506 1259 Finib.
1546 1232 1624 1268 cap.
1657 1220 1760 1258 XXI.
1796 1219 1946 1257 Vivendi
1971 1230 2086 1256 artem
2109 1231 2252 1258 tantam
2274 1232 2417 1274 tamque

1385 1274 1554 1322 operosam
1579 1300 1588 1314 .
1624 1283 1669 1311 <9⁶
1696 1272 1848 1319 perinde
1871 1274 2108 1320 sruffuosam.
2161 1273 2294 1311 Plinius
2322 1277 2416 1315 infra

1387 1323 1470 1362 Lib.
1498 1324 1543 1361 ll.
1565 1323 1674 1370 Epist.
1695 1323 1722 1360 1.
1742 1334 1779 1360 n·
1806 1334 1836 1360 1.
1872 1324 2031 1360 Maximi
2051 1335 2093 1362 ω’
2116 1323 2288 1372 clarissimi
2300 1326 2386 1364 civis
2402 1356 2415 1373 ,

1383 1374 1535 1424 perinde
1552 1373 1672 1416 felicis.
1691 1373 1826 1411 Sallust.
1846 1373 1990 1420 Fragm.
2011 1385 2045 1422 p.
2062 1387 2172 1422 1004.
2217 1377 2420 1414 Mithrida.

1386 1437 1435 1464 tes
1462 1434 1592 1473 corpore
1624 1425 1756 1473 ingemi
1775 1452 1786 1468 ‚
1824 1426 1975 1474 perinde
2006 1438 2181 1464 armatus·
2217 1426 2310 1464 Item
2339 1429 2419 1478 lug.

1387 1489 1465 1527 cap.
1497 1477 1564 1516 1V.
1596 1476 1800 1514 Helmstad.
1831 1477 2000 1515 Riccard.
2031 1479 2070 1515 &
2089 1478 2333 1528 Arnzen.sed
2353 1491 2420 1529 pe·

310 1542 396 1567 mea
420 1530 658 1574 ostendente,
688 1532 749 1580 qui
771 1532 807 1569 in
828 1531 917 1569 urbe
937 1532 1096 1580 primuni
1120 1531 1273 1568 Brutum
1304 1531 1342 1568 in
1385 1530 1489 1566 rinde
1507 1540 1583 1565 non
1603 1527 1814 1576 popularem.

311 1582 498 1620 honorem
523 1584 628 1630 patris
651 1582 816 1621 defuncti
837 1611 848 1627 ‚
875 1582 934 1620 sed
964 1583 1156 1621 Valerium
1190 1583 1226 1619 in
1257 1582 1342 1620 foro

305 1632 445 1672 boario
467 1634 626 1680 primum
649 1645 783 1672 munus
806 1633 941 1672 dedisse
960 1633 1118 1672 testatur.
1147 1633 1266 1671 IDEM.

1432 1579 1458 1616 8
1491 1576 1691 1626 hedmere]
1722 1578 1913 1615 Instituere
1940 1605 1951 1620 ‚
1979 1578 2194 1626 persuadere
2218 1590 2283 1626 per
2312 1580 2421 1619 indu-

1382 1630 1547 1668 &ionem
1563 1659 1572 1674 ,
1600 1640 1719 1679 quae,
1748 1627 1947 1666 secundum
1964 1630 2151 1674 rhetores,
2178 1629 2225 1667 est
2241 1632 2361 1669 oratio
2373 1631 2423 1671 de

369 1695 388 1733 3
418 1685 776 1733 Annuossmnptu50]
808 1686 861 1722 Ut
883 1697 928 1723 ex
946 1685 1064 1723 reditu
1077 1685 1151 1733 agri
1166 1713 1175 1728 ‚
1203 1686 1344 1733 (quem
1389 1683 1493 1720 rebus
1515 1693 1590 1718 non
1611 1681 1727 1718 dubiis
1750 1688 1897 1728 captans
1915 1677 2155 1718 affenfionem
2169 1681 2246 1729 ejus
2259 1682 2419 1731 reiquae

317 1734 434 1772 aftori
457 1735 602 1782 publico
624 1738 943 1783 emancipaverat,
972 1737 1011 1773 &
1038 1729 1216 1783 imposito
1231 1735 1346 1772 veiti-
1388 1732 1618 1771 institutaest.
1645 1732 1802 1769 Canu.
1830 1729 1993 1767 Inducere
2006 1732 2422 1781 Catanaeuspersuadere

318 1786 388 1834 gali
408 1786 683 1830 conduxeram)
713 1787 816 1834 pueri
835 1797 1010 1834 pauperes
1028 1786 1180 1834 ingenui
1207 1785 1348 1823 aleren-
1382 1793 1442 1833 per
1463 1783 1720 1825 indufflomm,
1748 1780 1846 1828 quali
1866 1781 2029 1819 rhetores
2043 1790 2207 1820 utuntur.
2225 1783 2422 1821 Immoin-

323 1847 381 1873 tur
402 1841 436 1873 ἃ
461 1836 726 1882 educarentur,
755 1838 928 1874 meminit
947 1836 1056 1885 hujus
1075 1839 1126 1875 rei
1155 1837 1260 1874 latius
1286 1836 1348 1875 lib.

323 1888 410 1925 Vll·
434 1887 480 1925 ad
500 1889 718 1926 Caninium.
747 1887 864 1925 Influ-

313 1945 326 1950 “
372 1952 394 1984 4
434 1937 705 1988 Ῑηζζεηιιονιινη-]
736 1939 791 1976 Ut
811 1951 857 1977 ex
880 1938 1000 1978 reditu
1018 1938 1091 1985 agri
1108 1965 1118 1983 ,
1149 1950 1262 1988 quem
1287 1949 1349 1977 ac-

319 1994 393 2028 tori
427 1990 573 2038 publico
602 1990 902 2038 emancipaverat
924 2017 935 2034 ,
974 1990 1208 2038 &imposito
1232 1990 1347 2028 veeti-

320 2043 389 2090 gali
409 2042 657 2085 conduxerat,
687 2042 789 2089 pueri
816 2053 992 2090 pauperes
1023 2041 1175 2089 ingenui
1206 2041 1346 2080 aleren-

317 2100 377 2129 tur
395 2093 434 2130 &
457 2092 710 2130 educarentur.
741 2093 919 2131 Meminit
933 2092 1043 2131 huius
1062 2093 1111 2129 rei
1133 2092 1237 2131 latius
1262 2092 1345 2131 Lib.

314 2143 402 2180 VIl.
431 2142 557 2180 Audio
580 2143 700 2181 adhuc
722 2143 837 2182 Comi
858 2143 998 2182 exstare
1031 2143 1224 2192 vestigium
1257 2143 1348 2182 libe·

314 2195 462 2232 talitatis
492 2193 686 2231 Plinianae·
717 2192 837 2242 [Satis
866 2196 1008 2233 constat
1027 2220 1037 2237 ‚
1076 2194 1283 2233 Mediolani
1311 2196 1347 2233 in

313 2245 458 2293 lapide,
486 2255 718 2294 quamquam
745 2245 863 2282 fracto
887 2273 898 2290 ,
925 2246 998 2294 legi
1024 2245 1184 2285 Plinium
1218 2247 1254 2284 in
1284 2246 1347 2284 aii-

314 2305 443 2334 menta
465 2307 664 2343 puerorum
688 2297 727 2334 &
752 2295 953 2344 puellarum
976 2297 1092 2336 multa
1111 2297 1266 2335 sestertia
1284 2297 1347 2335 de-

315 2346 432 2396 diffe]
455 2347 613 2384 Cum.
631 2346 797 2385 Barthius
831 2348 1045 2397 ingeniorum
1072 2348 1251 2392 malebat,
1279 2359 1347 2396 pro

315 2398 566 2446 ingenuorum,
593 2398 653 2435 sed
681 2409 887 2447 perperam.
940 2399 998 2437 Sic
1027 2399 1121 2436 infra
1154 2399 1235 2436 Lib.
1258 2399 1347 2438 VII.

317 2448 427 2496 Epist,
449 2449 593 2486 XVIII·
611 2461 645 2487 n·
665 2461 701 2491 2.
726 2455 791 2486 Pro
800 2449 1155 2499 quingentismillibus
1167 2448 1318 2488 numam
1331 2479 1342 2497 ,

317 2513 407 2550 quae
427 2500 463 2535 in
482 2500 654 2537 alimenta
674 2501 925 2547 ingenuorum
942 2502 1177 2550 promiseram.

370 2564 391 2600 ς
422 2549 563 2599 Porro]
600 2550 812 2589 Praeterea:
842 2559 882 2589 ut
908 2553 1004 2600 apud
1026 2554 1185 2591 Terent.
1201 2554 1238 2591 in
1263 2553 1342 2591 He-

315 2612 418 2649 cyra,
439 2601 514 2639 aliis
534 2601 746 2639 affirmantis
765 2603 994 2641 adverbium.
1023 2603 1199 2652 fignificat
1229 2606 1342 2642 etiam

318 2654 442 2690 minus
465 2679 476 2696 ‚
503 2651 687 2690 interdum
720 2652 868 2700 postea;
909 2655 1136 2704 quandoque
1164 2659 1344 2704 temporis

315 2703 555 2740 adverbium:
584 2703 668 2740 alias
696 2703 880 2751 expletiva
902 2731 912 2748 ,
951 2717 1225 2754 nonnunquam
1259 2718 1344 2754 pro·

320 2755 398 2791 cul:
429 2754 513 2792 alias
530 2754 722 2792 hortantis.
776 2755 957 2804 Exempla
979 2755 1097 2794 sumes
1130 2756 1150 2793 a
1188 2757 1346 2797 Terent.

324 2804 362 2840 δε
386 2805 490 2850 Virg.
520 2805 553 2841 C
572 2818 719 2843 ATAN.

373 2854 395 2888 6
427 2855 598 2895 Voluptate
616 2855 803 2906 tarenta]
838 2857 913 2895 Alii
935 2856 1127 2906 voluptatis
1138 2867 1265 2907 parum
1279 2859 1343 2897 ha-

321 2902 444 2940 bentes.
475 2905 681 2944 Boxnoim.
711 2907 912 2946 Helmstad.
940 2909 1344 2957 Bongars.&Riccard.

323 2954 675 3002 voluptatiparemes.
707 2959 870 2996 Arnzen.
891 2960 1067 3008 voluptati
1088 2971 1253 3009 parentes.
1291 2964 1343 3000 At

322 3005 516 3042 Medic-eus
549 3009 585 3042 ὃ(
607 3007 760 3053 τι’1κ]υἰ;
782 3010 961 3055 voluptate
998 3024 1170 3057 carentes,
1199 3014 1344 3060 optime

325 3056 364 3094 δι
393 3067 491 3092 vere.
516 3057 609 3092 Mor
643 3058 844 3096 Hclmssad.
885 3059 1150 3097 blandicioribus
1174 3064 1346 3112 alloquiis.

377 3118 394 3154 7
427 3113 507 3143 Non
532 3107 672 3154 perinde
701 3107 799 3157 pop]
823 3153 829 3157 ·
851 3108 941 3149 Non
977 3113 1137 3148 muitum
1161 3115 1218 3152 vel
1241 3127 1345 3162 aeque

1391 1836 1510 1872 ducere
1529 1846 1657 1870 munus
1681 1832 1891 1881 simpliciter
1910 1831 1959 1869 est
1974 1832 2057 1870 dare
2081 1860 2091 1878 ,
2115 1833 2272 1882 primum
2293 1835 2421 1882 offerre.

1393 1886 1498 1923 Haec
1512 1883 1717 1933 scripseram
1734 1911 1743 1927 ,
1759 1894 1844 1920 curn
1860 1893 1921 1919 me
1933 1892 2143 1932 opportune
2154 1892 2286 1922 monet
2299 1887 2353 1922 vir
2363 1886 2423 1925 Cl.

1392 1937 1446 1975 10.
1476 1936 1706 1981 Columbus‚
1735 1933 1897 1972 Poeseos
1916 1934 1954 1972 in
1981 1936 2050 1972 hac
2070 1934 2422 1974 UniverfitatePro-

1392 1987 1501 2026 feflor
1522 1989 1657 2036 Regius
1673 2014 1684 2030 ,
1709 1996 1823 2034 gener
1845 1996 1951 2022 meus
1971 1985 2240 2031 dileetiffimus‚
2264 1987 2423 2024 reindu-

1395 2053 1464 2078 cere
1485 2038 1601 2077 videri
1624 2038 1686 2076 sibi
1708 2036 1869 2086 positum
1890 2047 1957 2084 pro
1977 2049 2100 2074 ornare
2123 2064 2133 2080 ‚
2158 2038 2423 2084 commendare,

1392 2089 1591 2141 quomodo
1620 2101 1725 2127 arma
1757 2088 1905 2127 indum
1936 2097 2077 2136 argento
2113 2085 2287 2136 leguntur
2321 2090 2420 2138 apud

1394 2142 1586 2180 lustinum.
1639 2140 1736 2177 Puto
1774 2149 1900 2176 veram
1930 2137 2002 2176 esse
2033 2139 2424 2186 hancinterpretatio-

1396 2205 1498 2232 nem.
1551 2192 1651 2230 Nam
1677 2191 1714 2228 δε
1740 2189 1919 2227 tec'torium
1943 2190 2119 2238 reperitur
2130 2189 2421 2236 didimeam,

1395 2246 1433 2283 &
1458 2241 1571 2288 crusta
1598 2241 1786 2278 marmoris
1818 2240 1916 2288 apud
1953 2240 2134 2279 Senecam
2155 2270 2166 2287 ,
2215 2240 2421 2281 Palladium

1397 2297 1435 2333 &
1469 2294 1571 2332 alios.
1623 2292 1746 2330 Etiam
1779 2291 1897 2328 colores
1929 2291 2101 2331 dicuntur
2121 2292 2240 2331 induci
2260 2291 2363 2342 quod
2382 2294 2422 2332 in

1398 2345 1587 2394 Graphice
1609 2343 1682 2382 iam
1704 2342 1848 2394 pridem
1870 2345 1997 2382 notavi
2017 2355 2099 2394 pag.
2128 2345 2190 2394 63.
2244 2342 2423 2384 Horatius

1398 2399 1435 2436 in
1456 2398 1566 2434 Arte:

1444 2505 1611 2536 Humano
1639 2497 1746 2549 capiti
1772 2497 1940 2536 cervicem
1964 2498 2070 2547 ρὶέῖον
2093 2500 2261 2551 equinam

1450 2556 1591 2599 Iungere
1619 2548 1681 2598 fibi
1703 2549 1789 2589 velit
1817 2561 1860 2590 Θ·
1887 2552 2010 2590 varias
2038 2552 2215 2591 inducere
2234 2544 2390 2602 pluma&

1394 2652 1560 2690 Barthius
1580 2663 1657 2691 non
1691 2652 1872 2691 intellexit
1893 2679 1904 2695 ‚
1940 2652 2001 2691 sed
2026 2650 2245 2691 existimavit
2264 2651 2415 2692 Medice

1393 2704 1561 2742 locutum
1578 2731 1588 2748 ,
1614 2704 1699 2753 quia
1727 2703 1936 2742 &Medici
1969 2704 2137 2742 dicuntur
2162 2700 2318 2740 inducere
2338 2731 2348 2747 ,
2389 2702 2413 2741 fi

1393 2756 1545 2805 quando
1567 2764 1754 2804 unguenta
1785 2755 1822 2793 &
1842 2755 1879 2793 id
1896 2765 2014 2804 genus
2033 2754 2226 2807 inungunt.
2271 2753 2414 2792 Contra

1396 2806 1531 2844 Plinius
1560 2808 1680 2855 potius
1699 2807 1766 2845 hos
1785 2805 1978 2853 respexerit
1991 2802 2165 2850 praesenti
2179 2802 2289 2849 loco,
2318 2817 2415 2854 quo-

1395 2859 1493 2896 niam
1527 2857 1572 2895 de
1603 2858 1756 2895 medicis
1777 2853 1972 2903 praecedit.
1996 2852 2018 2888 S
2031 2863 2055 2888 c
2069 2863 2093 2888 Η
2108 2863 2127 2888 ε
2143 2864 2161 2888 F
2177 2865 2195 2889 ιτ
2212 2866 2230 2890 ε
2245 2868 2282 2893 R.
2325 2858 2414 2894 Non

1395 2908 1535 2948 constat
1553 2907 1615 2945 sibi
1640 2909 1692 2945 vir
1710 2907 1859 2947 doctus,
1888 2905 1975 2939 dum
2005 2901 2235 2942 Catanaeum
2264 2907 2418 2946 meliora

1399 2961 1535 2998 docere
1571 2958 1682 3005 cupit.
1735 2955 1897 2992 1nducere
1928 2951 2137 2999 simpliciter
2173 2956 2336 3007 intellige
2364 2960 2419 2995 in-

1394 3011 1570 3046 troducere
1590 3034 1600 3050 ,
1631 3005 1813 3042 instituere
1833 3030 1843 3046 ‚
1883 3010 1923 3040 ut
1953 3003 2083 3040 millies
2113 3007 2209 3053 apud
2240 3009 2419 3056 quossibet

1394 3059 1595 3106 scriptores.
1649 3055 1798 3091 Decore
1819 3062 1942 3091 autem
1966 3054 2153 3093 Secundus
2175 3061 2421 3098 munusindu-

1395 3122 1464 3147 cm
1481 3107 1595 3152 dixit,
1620 3106 1723 3154 quod
1742 3104 1839 3154 apud
1862 3105 2055 3144 Romanos
2075 3119 2220 3149 munera
2240 3110 2418 3161 gladiato-

2369 3162 2421 3201 ria

2576 1375 2611 1522 axem-.-
2585 1282 2591 1291 -
2578 1245 2594 1259 ι
