2616 3686
141 226 154 232 -
396 207 413 235 2
517 178 1950 238 LIBERV1.EPIVST0LAXXV11.
2152 198 2248 247 457

126 264 434 328 fflverfitate
455 257 708 316 censendi
734 275 751 312 :
791 253 943 328 quod
969 255 1141 325 ipsum
1165 260 1180 282 ¹
1203 253 1621 308 diffimulatione
1648 255 1702 308 &
1731 255 1937 308 silentio
1964 268 2074 307 non
2099 268 2247 320 prae-

129 343 292 401 terii,
351 353 420 391 ne
476 333 619 388 forte
668 346 781 386 non
826 326 1092 398 judicium
1142 326 1277 381 illud
1312 342 1536 388 meum,
1573 325 1664 379 sed
1716 324 1918 379 oblivio
1955 324 2248 378 videretur.

131 426 150 448 ⁸
194 411 326 467 Hoc
375 422 505 462 tunc
550 420 696 478 ego:
746 400 836 456 sed
875 416 987 453 non
1027 399 1276 454 omnibus
1315 397 1506 452 eadem
1542 397 1798 468 placent,
1850 410 1864 436 ³
1904 413 2004 449 nec
2045 411 2244 448 conve-

124 487 282 542 niunt
331 479 569 554 quidem.
643 470 962 535 Praeterea,
1011 470 1243 526 faciendi
1293 469 1494 541 aliquid
1546 470 1630 524 vel
1679 485 1789 523 non
1838 466 2068 521 faciendi
2116 483 2244 520 vera
2289 479 2294 483 ·

128 558 293 617 ratio,
330 571 456 609 cum
492 550 771 606 hominum
811 544 1074 616 ipsorum,
1111 557 1228 599 tum
1252 560 1432 600 rer-um
1459 544 1620 598 etiam
1646 560 1706 595 ac
1733 554 2042 609 temporum
2072 544 2090 568 ⁴
2111 554 2244 592 eon-

130 630 338 684 ditione
385 637 634 680 mutatur.
706 622 719 648 ⁵
769 619 904 673 Nam
951 618 1189 671 recentia
1226 632 1390 688 opera
1429 615 1646 670 maximi
1687 613 1945 684 Principis
1983 610 2243 681 praebent

130 701 429 756 facultatem
455 735 471 759 ‚
521 711 655 749 nova
684 731 701 755 ‚
752 707 944 761 magna
972 727 988 751 ‚
1035 707 1160 744 vera
1186 729 1202 753 ‚
1252 687 1546 744 censendi:
1597 686 1788 760 quibus
1838 702 1906 739 ex
1945 682 2106 738 causis
2150 684 2248 751 (ut

127 774 276 843 supra
311 767 518 838 scripsi)
557 765 779 827 dubit0,
813 779 885 818 an
922 761 1068 818 idem
1106 778 1253 817 nunc
1292 759 1422 823 tibi,
1459 760 1610 832 quod
1639 774 1768 815 tune
1796 757 1926 813 mihi
1941 795 1958 821 .‚
1981 754 2245 836 suadeam.

111 843 255 899 ,lllud
305 858 410 895 non
461 838 651 893 dubito
678 876 694 900 ‚
732 835 968 892 debuisse
1010 839 1097 890 trie
1134 829 1152 853 ⁶
1188 836 1244 890 in
1281 846 1431 904 parte
1468 832 1672 888 consilii
1709 831 1786 887 tui
1823 847 2027 902 ponere
2051 868 2068 894 ,
2109 825 2244 901 quid

125 915 232 986 ipse
270 911 519 969 fecissem.
559 911 708 967 Vale.

285 1029 1230 1114 XXV111.C.PL1N11-1s
1305 1035 1692 1109 Pomm
1775 1051 1954 1107 SUO
2028 1049 2081 1104 s,

116 1203 380 1260 'Admittit
420 1203 601 1259 Pontii
639 1186 1023 1272 excufizti'onem
1056 1239 1069 1263 ,
1106 1198 1245 1273 quod
1268 1199 1365 1265 fibi
1405 1218 1501 1254 non
1541 1199 1837 1266 occurriffet
1866 1215 1883 1246 .·
1934 1193 1989 1252 {5
2024 1193 2248 1263 frucffus

187 1295 309 1351 quos
346 1279 560 1348 miserat
584 1277 781 1346 scribit
817 1276 1050 1347 recepzffe
1077 1312 1092 1339 ‚
1145 1272 1464 1328 denuntians
1489 1311 1505 1337 ,
1559 1271 1623 1325 'in
1650 1272 1903 1342 futurum
1941 1279 2001 1321 ut
2048 1264 2245 1321 modum

187 1350 334 1404 donis
361 1350 658 1422 imponeret.
1564 1366 1574 1383 ¹

111 1473 264 1607 SC
305 1559 324 1597 i
359 1561 392 1598 o
482 1558 618 1615 quae
692 1541 791 1596 tibi
875 1543 1024 1597 causa
1111 1541 1272 1597 fuerit
1346 1541 1737 1614 impedimento
1776 1578 1792 1605 ,
1882 1552 1995 1611 quo
2039 1539 2247 1637 ¹minus

2054 1675 2060 1680 ¹
2091 1627 2246 1682 prae-

111 1764 175 1802 ·ubi
197 1764 295 1801 hunc
319 1763 431 1811 ipsum
455 1761 561 1800 Plinii
578 1759 705 1798 locum
726 1758 934 1798 vindicavit.
962 1760 1072 1800 Adde
1095 1760 1137 1800 sis
1202 1761 1328 1798 ciatur.
1357 1759 1516 1807 Vulgata
1539 1759 1614 1798 fere
1630 1786 1640 1803 ‚
1666 1746 1861 1796 conditione
1878 1759 2008 1798 initur.
2051 1755 2245 1795 Gaurus

118 1814 235 1851 nostra
256 1814 299 1851 ad
323 1812 454 1852 Sallust.
478 1813 559 1850 Cat.
584 1822 659 1859 cap.
686 1811 767 1848 LII.
788 1822 823 1848 n.
843 1822 875 1856 4.
905 1811 1059 1850 Coa'ra.

174 1877 187 1902 1
219 1863 498 1909 Diffimulatione
545 1872 588 1901 υ·
628 1861 763 1910 fitentio
811 1874 880 1898 non
922 1861 1098 1910 pr'aeterii.
1120 1863 1135 1913 ]

120 1914 303 1961 Quamvis
332 1922 477 1960 rogatus
509 1913 721 1950 sententiam
755 1913 913 1962 primum
941 1940 951 1956 ‚
979 1914 1052 1961 jam
1077 1914 1141 1952 de-

120 1962 273 2010 signatus
294 1963 431 2000 Consul
452 1992 461 2007 ,
498 1964 630 2002 Plinius
653 1963 803 2012 Trajani
825 1962 946 2001 laudes
967 1964 1065 2002 haud
1087 1974 1140 2002 at-

118 2021 265 2059 tigeram
296 2025 371 2051 non
394 2023 518 2052 tamen
539 2013 573 2052 se
595 2012 733 2059 causas,
762 2025 824 2050 cur
846 2025 925 2050 non
946 2015 1136 2063 attigisset,

118 2062 344 2102 dinimulaffe
377 2066 414 2102 &
448 2063 659 2112 praeteriisse
691 2064 725 2102 se
757 2066 815 2102 ait.
869 2064 916 2102 Et
948 2077 1006 2103 eas
1042 2065 1136 2104 adeo

117 2113 319 2160 allegandas
349 2114 409 2152 sibi
439 2113 599 2153 habuisse
630 2114 769 2160 scribit,
797 2127 844 2152 ne
866 2117 981 2164 magis
1005 2117 1135 2155 oblitus

117 2165 382 2204 consu-:tudinis
415 2174 579 2214 receptae
603 2195 613 2211 ,
687 2178 772 2204 uam
805 2164 946 2213 judicio
970 2169 1008 2205 &
1031 2170 1135 2206 certis

114 2213 289 2252 adductus
340 2217 532 2254 rationibus
580 2217 648 2255 feci
679 2229 698 2253 e
735 2216 821 2254 illud
859 2217 972 2255 videri
1010 2217 1138 2267 posset.

114 2262 322 2303 Bucnxffi.

166 2326 185 2351 2
215 2323 286 2354 Hoc
315 2329 398 2354 tunc
421 2317 515 2368 eg0.]
549 2319 681 2357 Censui
704 2329 788 2357 cum
813 2318 952 2356 Consul
973 2319 1137 2369 designa·

111 2369 168 2402 tus
194 2378 303 2404 eram.
335 2369 489 2406 Casan.

161 2428 179 2466 3
212 2423 280 2454 Nec
305 2420 519 2456 conveniunt
543 2420 693 2468 quidem.
717 2418 731 2467 ]
766 2419 871 2456 Tum
894 2419 1054 2468 iespec‘ku
1074 2432 1138 2459 na-

109 2474 234 2512 turae,
259 2481 354 2517 quae
377 2471 441 2506 alia
464 2470 652 2519 aliaquein
673 2471 746 2508 aliis
769 2469 816 2507 est
831 2499 840 2513 ‚
872 2470 985 2516 (nihil
1010 2480 1134 2509 autem

110 2518 222 2556 invita
247 2521 416 2558 Minerva
432 2521 666 2568 faciendum)
690 2530 770 2557 tum
782 2523 908 2558 aetatis
919 2528 1029 2567 atque
1046 2533 1136 2558 con-

110 2567 266 2608 ditionis.
296 2572 409 2620 Saepe
442 2573 480 2608 ὰ
513 2572 624 2619 ipsum
650 2581 796 2618 tempus
819 2579 928 2620 atque
951 2572 1135 2610 necessitas

108 2618 212 2657 aliam
237 2629 345 2670 atque
368 2622 471 2659 aliam
498 2623 687 2668 personam
714 2622 814 2660 nobis
838 2622 1007 2669 imponit.
1039 2623 1134 2660 Vide

112 2668 226 2708 Cicer.
274 2673 356 2710 Lib.
395 2672 422 2709 I.
461 2672 505 2709 de
544 2671 684 2709 Officisss
723 2684 798 2720 cap.
828 2671 966 2708 XXXI.
995 2673 1033 2709 ὅ(
1061 2672 1133 2722 seq.

114 2718 320 2760 Euenum.

158 2782 181 2816 4
205 2772 452 2822 conditiones]
484 2773 698 2811 Hominum
724 2787 732 2810 :
771 2773 795 2810 si
832 2773 922 2811 siunt
945 2774 1131 2818 clariores,

111 2821 169 2858 vel
192 2823 432 2866 obscuriores,
459 2835 501 2861 ac
513 2823 692 2872 dtinceps.
720 2825 818 2862 Nam
834 2824 893 2862 nisi
909 2825 1107 2861 hominum
1123 2853 1132 2869 ‚

110 2881 228 2908 rerum
244 2901 254 2916 ,
283 2877 320 2913 δε
341 2885 553 2923 temporum
577 2875 831 2912 conditionem
857 2880 954 2913 recte
967 2874 1132 2911 confi-„ic-

114 2924 242 2959 ravetis
265 2951 275 2966 ‚
319 2935 515 2975 antequam
550 2927 696 2973 negotia
729 2926 941 2974 aggrediaris
968 2954 977 2969 ,
1029 2925 1131 2962 facile

1205 1811 1317 1848 Arnz.
1339 1811 1580 1848 conditionum
1605 1810 1720 1848 initur
1743 1825 1754 1854 3
1796 1811 1927 1849 Oxon.
1948 1808 2098 1848 conditio
2123 1806 2265 1844 termi-·

1204 1873 1316 1899 natur
1330 1877 1341 1905 ;
1372 1861 1526 1898 Helmst.
1550 1861 1699 1899 conditio
1721 1859 1929 1899 hunciamr.
1983 1859 2054 1899 Sed
2076 1858 2243 1906 Veterr'tff

1205 1923 1309 1951 mus:
1340 1912 1532 1949 conditione
1548 1920 1733 1950 mutatur.
1797 1939 1816 1952 0

1254 1976 1272 2012 ς
1305 1969 1404 2000 Nam
1427 1963 1579 2000 recentia
1601 1971 1699 2010 opera
1721 1961 1876 2000 maximi
1889 1962 2062 2010 Principis
2070 1957 2238 2010 praebent

1197 2014 1547 2060 facultatemmova,
1561 2013 1652 2063 eya]
1669 2014 1884 2051 Laudamur
1898 2015 1936 2052 ὅ(
1948 2014 2176 2050 honoramur
2191 2022 2237 2049 ex

1211 2063 1312 2103 fadis
1339 2075 1449 2115 atque
1469 2064 1656 2113 operibus:
1675 2066 1804 2114 quibus
1815 2064 2001 2112 praeclaris
2013 2071 2123 2112 atque
2135 2072 2236 2109 egre-

1208 2116 1271 2162 giis
1285 2128 1369 2153 cum
1385 2117 1627 2165 principatum
1641 2115 1744 2153 suum
1758 2116 1796 2152 T
1801 2115 1942 2163 rajanus
1955 2111 2161 2161 insigniiffet
2183 2124 2238 2150 re-

1209 2167 1409 2210 censssnud
1425 2166 1532 2205 futilis
1545 2175 1642 2204 certe
1654 2165 1797 2204 occasio
1809 2173 1919 2214 atque
1934 2165 2080 2201 facultas
2088 2163 2237 2200 laudan-

1209 2216 1245 2255 di
1266 2228 1308 2255 ac
1325 2217 1535 2256 honorandi
1548 2218 1715 2265 principis
1729 2216 1890 2264 praeberi
1903 2215 2072 2251 omnibus
2088 2211 2234 2250 videba-

1207 2274 1273 2305 tur.
1303 2269 1456 2306 Dubitat
1469 2269 1591 2314 itaqu:
1604 2267 1751 2309 Plinius,
1765 2275 1886 2302 utrum
1902 2263 2079 2300 silendum
2097 2264 2235 2300 Severo

1209 2318 1254 2356 de
1266 2319 1306 2357 iis
1320 2347 1330 2363 ‚
1344 2317 1512 2365 sicutipse
1527 2317 1773 2363 siluerat‚jam
1789 2313 1992 2361 designatus
2008 2312 2160 2356 Consul,
2179 2311 2240 2352 sed

1211 2370 1274 2416 qui
1295 2371 1334 2406 in
1357 2369 1467 2404 talem
1504 2367 1818 2415 opportunitatem
1843 2375 1919 2400 non
1942 2363 2126 2401 incidisset.
2168 2363 2242 2401 Ce-

1208 2427 1327 2455 terum
1360 2419 1424 2466 qui
1455 2418 1548 2453 inter
1579 2415 1800 2453 censendum
1834 2415 2041 2463 Principum
2080 2413 2172 2452 faeta
2199 2425 2242 2451 ac

1209 2469 1332 2506 laudes
1353 2468 1603 2515 attingebant,
1631 2478 1708 2502 non
1729 2466 1801 2503 illas
1824 2465 2133 2513 prosequebantur
2157 2475 2239 2502 ver-

1208 2519 1340 2557 borum
1363 2527 1508 2555 tantum
1534 2518 1684 2565 elogiis;
1708 2516 1766 2556 sed
1789 2527 1889 2553 nova
1911 2514 2095 2564 quaedam
2115 2515 2239 2553 hono-

1209 2571 1251 2607 ris
1273 2580 1407 2615 genera
1432 2597 1442 2612 ‚
1470 2569 1586 2611 tituli,
1616 2567 1773 2611 statuae,
1800 2578 1901 2604 arcus
1925 2574 1965 2603 ut
1995 2565 2237 2603 decerneren-

1207 2628 1264 2656 tur
1288 2622 1327 2658 iis
1349 2619 1503 2656 ornandi
1526 2617 1627 2655 causa
1642 2646 1652 2663 ‚
1679 2617 1814 2656 fiebant
1835 2616 2013 2654 aue‘tores.
2043 2615 2100 2652 Eo
2114 2617 2238 2665 itaque

1208 2672 1392 2717 pertinent
1415 2669 1524 2706 verba
1535 2669 1591 2706 illa
1605 2697 1616 2713 ‚
1643 2681 1738 2705 nova
1752 2697 1762 2713 ‚
1790 2680 1921 2716 magna
1937 2694 1947 2710 ,
1969 2679 2056 2703 vera
2072 2667 2239 2715 censendi.

1209 2727 1314 2757 Nova
1330 2750 1339 2765 ‚
1369 2719 1539 2757 nondum
1561 2721 1836 2757 communicata
1860 2729 1945 2755 cum
1969 2718 2065 2761 alii53
2081 2729 2237 2766 magna,

1207 2782 1302 2819 quae
1325 2770 1493 2818 operibus
1516 2771 1684 2818 principis
1707 2769 1950 2817 respondent;
1973 2780 2061 2805 vera
2077 2795 2088 2812 ‚
2114 2768 2238 2814 idest,

1207 2833 1284 2857 non
1308 2820 1390 2858 fieta
1412 2824 1450 2858 δε
1474 2820 1574 2857 falsi:
1605 2819 1927 2869 quemadmodum
1951 2818 2013 2856 sub
2029 2819 2132 2856 malis
2145 2819 2241 2867 prin-

1205 2872 1341 2919 cipibus
1365 2872 1461 2909 haud
1485 2882 1565 2908 raro
1591 2871 1761 2909 veniebat
1783 2871 1857 2908 usu.
1913 2868 2083 2917 Exempli
2105 2870 2241 2916 gratia:

1205 2933 1289 2958 cum
1319 2923 1554 2959 Domitianus
1578 2922 1790 2959 Germanici
1813 2920 2057 2971 appellatione
2092 2928 2242 2958 ornatus

114 2969 306 3017 decipieris.
334 2976 399 3012 CA
417 2990 437 3014 τ
454 2989 474 3012 Α
490 2988 526 3012 Ν.
554 2977 762 3013 Conditione
795 2987 960 3012 mutatur
986 3004 995 3019 ,
1022 2974 1129 3022 eya]
1164 2989 1167 3030 3
1204 2972 1273 3015 est;
1305 2975 1343 3011 ὃς
1367 2975 1399 3010 ei
1423 2973 1588 3010 decretus
1611 2972 1842 3020 triumphus:
1872 2970 1972 3020 quasi
1996 2970 2134 3008 vicisset
2159 2983 2241 3009 eam

114 3021 170 3057 Sic
205 3022 399 3062 Catanaeus
430 3040 449 3064 e
472 3026 668 3064 Pontificio
692 3028 888 3076 exemplari
906 3055 915 3068 ,
944 3029 1131 3072 proxime-

110 3082 182 3121 que
203 3072 235 3110 ei
257 3073 326 3112 Pal.
348 3075 386 3112 &
405 3075 504 3129 Yett.
528 3077 620 3130 Edd.
644 3079 680 3132 in
701 3079 829 3128 quibus
851 3078 1000 3132 cqndz'tio
1038 3089 1129 3114 aun-
1160 3075 1163 3126 ζ

1166 3033 1167 3039 ’
1202 3033 1376 3072 g;1itcm‚
1402 3034 1421 3059 a
1444 3034 1515 3073 qua
1526 3031 1671 3061 tantum
1685 3034 1762 3060 non
1781 3023 1899 3062 vietus
1913 3031 2000 3060 erat.
2028 3022 2238 3079 Rucuma.

1252 3076 1274 3127 6
1304 3081 1347 3114 ln
1379 3082 1495 3126 partes
1525 3073 1652 3121 confilii
1687 3073 1739 3110 tui
1765 3072 1938 3126 ponera]
1992 3065 2166 3125 Optimus
2201 3071 2238 3105 ὀε

1448 3126 1451 3128 “
1550 3125 1595 3165 M
1624 3136 1661 3163 in
1692 3136 1729 3163 m
2121 3124 2252 3157 oxon.
