2616 3686
347 170 444 222 5'60
591 157 1104 215 C.1>L1N11
1172 155 1685 222 cAEcrer
1752 151 2268 228 SECUNnr

343 244 359 305 ,¹
377 240 499 313 jure
533 243 761 308 vatum,
798 244 1063 299 invocatis
1091 241 1208 297 Diis
1229 279 1246 305 ,
1274 241 1330 295 &
1355 237 1684 303 interDeos‚
1723 243 1741 267 ²
1764 237 1879 311 ipso
1900 274 1916 302 ,
1945 237 2094 309 cujus
2131 256 2213 296 res
2237 279 2255 306 ,
2287 253 2454 312 opera
2465 243 2486 306 3

352 318 368 348 ³
410 315 626 373 confilia
666 316 908 375 diRurus
945 333 1003 373 es
1033 355 1052 383 ‚
1110 322 1130 351 ⁴
1160 317 1397 372 immitte
1437 313 1695 369 rudentes
1715 351 1733 379 ,
1775 314 1953 386 pande
1984 315 2101 369 vela
2132 357 2145 378 ,
2170 332 2232 370 ac
2257 312 2298 369 fi
2319 330 2486 388 quan-

350 388 428 446 do
479 393 599 447 alias
631 429 648 457 ‚
699 405 825 449 toto
867 392 1089 465 ingenio
1121 391 1334 446 vehere.
1372 387 1490 444 Cur
1530 389 1674 444 enim
1720 406 1832 444 non
1878 403 1984 462 ego
2023 405 2246 464 quoque
2282 396 2296 424 ⁵
2350 405 2485 463 poe-

306 466 459 527 stice
489 483 615 522 cum
648 470 847 540 poeta?
899 467 1034 523 Illud
1054 467 1165 538 jam
1203 481 1348 520 nunc
1381 463 1623 536 paciscor
1647 503 1664 529 ‚
1713 467 1887 536 prima
1923 481 2172 539 quaeque
2203 476 2266 521 ut
2312 464 2490 521 absol-

353 541 492 596 veris
521 585 533 604 ‚
572 543 592 572 ⁶
626 544 831 597 mittito
853 580 871 607 ‚
920 545 1090 597 immo
1125 543 1287 594 etiarn
1321 551 1612 610 antequam
1648 537 1884 595 absolvas
1913 579 1930 604 ,
1963 545 1983 576 ⁷
2021 539 2091 595 fic
2116 553 2177 595 ut
2212 552 2373 595 erunt
2403 557 2490 595 re-

308 619 532 682 7centia
553 616 607 670 δι
631 616 816 680 rudia,
848 616 906 670 δε
929 614 1107 670 adhuc
1132 612 1315 669 fimilia
1349 615 1366 686 ζ
1401 612 1758 672 nascentibus.
1795 614 2172 689 Respondebis
2194 631 2309 670 non
2330 611 2484 686 poss'e

397 857 512 885 ;.......
538 870 653 906 ⁸——
679 869 791 881 —-
815 858 885 888 nec
904 846 965 889 dat
971 846 1123 900 suspiria
1139 847 1255 901 cursus

403 903 571 941 Vulnerts.

347 1003 389 1042 δε
403 1002 614 1053 saepissime.
649 1001 794 1041 Poterat
822 1001 931 1040 etiam
959 1001 1156 1051 elegantiae
1176 1000 1318 1040 videri:
1347 999 1384 1039 si

347 1055 478 1093 datur.
487 1082 497 1093 .
511 1084 520 1093 .
533 1066 594 1092 cur
611 1053 675 1092 tibi
693 1066 759 1092 non
772 1053 877 1091 detur
887 1081 898 1099 ‚
910 1060 950 1091 ut
961 1053 1058 1102 apud
1068 1053 1232 1091 Tullium
1245 1052 1340 1090 dixi.
1351 1079 1361 1089 .
1373 1079 1384 1091 .

348 1117 418 1143 non
445 1106 522 1144 dixi
531 1120 544 1150 ;
571 1104 760 1145 ademit...
774 1117 841 1142 non
872 1105 1028 1149 ademit;
1056 1103 1153 1152 apud
1178 1103 1218 1142 T
1221 1104 1353 1142 acitum
1369 1130 1381 1148 ,

345 1155 544 1194 Lucanum
571 1157 611 1194 δι
637 1156 753 1194 alios:
788 1154 1028 1205 potest...non
1049 1155 1181 1204 potest;
1210 1155 1250 1192 &
1282 1154 1380 1204 apud

346 1206 524 1246 Nostrum
552 1206 634 1245 Lib.
654 1205 725 1245 1V.
759 1205 867 1254 Epist.
887 1205 1010 1244 XVII.
1046 1216 1087 1244 n.
1116 1217 1149 1243 1.
1182 1206 1380 1244 Admoneri

347 1256 440 1296 enim
462 1257 604 1303 debeo,
631 1267 670 1294 m
684 1256 795 1307 fliam
808 1256 942 1306 nagan·
958 1267 1035 1295 non
1045 1255 1185 1301 debeo,
1209 1267 1250 1295 ut
1252 1258 1380 1307 sciam,

346 1309 387 1348 δε
408 1308 489 1348 Lib.
510 1308 578 1347 111.
603 1307 713 1357 Epist.
729 1307 831 1347 XVI.
855 1319 892 1346 n.
915 1319 971 1346 ιι.
995 1307 1142 1346 Potestis
1161 1307 1253 1346 enim
1273 1309 1378 1360 effice-

345 1372 402 1404 re,
433 1369 473 1397 ut
488 1358 581 1398 male
601 1358 732 1397 moriar
752 1386 764 1404 ‚
801 1368 842 1397 m
868 1370 937 1395 non
967 1358 1099 1397 moriar
1126 1369 1206 1396 non
1224 1359 1383 1408 potestis.

342 1409 405 1448 ubi
424 1409 521 1448 vide.
574 1408 634 1447 Est
652 1417 779 1448 tamen
797 1410 853 1448 illa
878 1409 969 1448 ratio
996 1407 1194 1459 paullulum
1221 1409 1381 1456 diversa,

345 1460 411 1504 &,
447 1459 512 1498 nifi
545 1459 737 1499 auctoritas
771 1460 1064 1498 membranarum
1099 1471 1179 1500 rem
1214 1461 1383 1506 conficit,

343 1509 494 1549 venuste
514 1510 590 1549 satis
611 1511 720 1549 datur
738 1512 778 1549 &
797 1522 944 1561 negatur
961 1512 1234 1563 conjunguntur
1246 1539 1258 1560 ‚
1283 1520 1324 1551 ut
1343 1512 1382 1551 in

343 1560 406 1600 illo
425 1562 567 1600 Lucani
593 1561 675 1601 Lib.
696 1563 728 1602 1.
752 1572 806 1602 νε.
827 1563 915 1613 348.

821 1675 926 1702 arma
952 1665 1084 1704 tenenti

401 1715 534 1754 omnia
562 1714 646 1760 dat,
672 1714 732 1765 qus·
752 1712 849 1763 justa
876 1723 998 1764 negat.

347 1812 544 1855 Conrm

402 1876 435 1904 1.
461 1866 555 1912 ,Ἱππ
579 1876 702 1907 vatum
719 1866 894 1906 invocatis
913 1865 1035 1916 Diis.]
1059 1865 1190 1905 Poeras
1209 1867 1382 1906 invocare

343 1914 450 1954 Deos
480 1918 519 1955 in
534 1918 660 1956 limine
678 1917 729 1956 sui
750 1918 868 1968 operis
889 1944 901 1962 ‚
932 1928 1048 1956 nemo
1067 1917 1217 1957 dubitat.
1268 1917 1383 1955 Invo-

345 1974 472 2004 cantur
502 1975 626 2007 autem
654 1969 776 2008 musae
815 1969 925 2007 etiam
952 1967 998 2006 ad
1030 1976 1254 2006 concentum
1279 1967 1381 2019 adju-

343 2016 510 2055 vandum
535 2046 545 2063 ,
583 2029 672 2068 quas
702 2026 775 2058 tres
809 2025 953 2057 tantum
990 2016 1062 2057 effe
1095 2020 1212 2057 voluit
1245 2020 1380 2058 Varro.

343 2066 474 2106 Unam
495 2078 588 2116 quae
609 2081 655 2106 ex
673 2081 766 2120 aqua
785 2070 936 2107 nascitur
957 2083 967 2107 ι
994 2069 1142 2107 alteram
1162 2080 1273 2119 quarn
1293 2070 1381 2107 aeris

344 2117 419 2156 ictu
441 2117 548 2156 sonus
566 2118 695 2158 efficit:
721 2121 864 2158 tertiam
886 2130 979 2169 quae
997 2129 1098 2157 mera
1120 2127 1262 2158 tantum
1284 2130 1380 2159 voce

343 2167 513 2207 consistit.
561 2170 636 2209 Alii
667 2181 689 2208 a
723 2169 982 2219 precationibus
1019 2169 1175 2208 deorum
1204 2170 1380 2218 incipien-

344 2217 435 2257 dum
449 2246 461 2264 ‚
486 2218 588 2269 quod
611 2220 696 2259 nihil
723 2222 789 2260 rite
814 2220 974 2270 nihilque
997 2221 1234 2269 providenter
1257 2222 1380 2260 horni-

346 2280 412 2308 nes
430 2268 505 2308 fine
527 2269 683 2309 deorum
702 2271 967 2310 immortalium
986 2282 1083 2321 ope,
1109 2271 1283 2318 consilio,
1309 2272 1379 2311 ho·

345 2331 438 2360 nore
459 2319 732 2369 auspicarentur.
759 2323 791 2360 C
803 2335 826 2360 A
840 2334 864 2361 τ
876 2333 901 2360 A
915 2336 950 2362 N.

398 2382 437 2410 2.
465 2370 574 2422 φῇ]
610 2373 774 2422 Traiano
809 2374 985 2412 virtutum
1022 2374 1232 2412 excellentia
1251 2401 1263 2418 ‚
1289 2374 1381 2413 inter

344 2420 451 2461 Deos
486 2424 728 2464 numerando.
788 2423 841 2462 Ita
875 2424 1043 2473 Virgilius
1065 2453 1076 2471 ,
1110 2425 1378 2473 Georgicorum

343 2473 507 2521 pincipio
527 2473 604 2520 post
624 2475 728 2514 Deos
745 2503 756 2520 ,
793 2476 997 2524 Augustum
1027 2477 1183 2514 invocat.
1220 2475 1248 2514 B
1262 2489 1284 2514 u
1298 2487 1321 2513 c
1339 2488 1380 2514 n-

348 2533 460 2562 Νεκ.
520 2523 686 2564 Similiter
716 2527 885 2565 Manilius
922 2527 1001 2566 Lib.
1033 2527 1060 2565 I.
1108 2539 1164 2566 vs.
1191 2537 1226 2574 7.
1270 2529 1379 2578 Seqq.

349 2573 559 2630 Germanic.
585 2575 686 2616 Arat.
703 2578 813 2625 princ.
836 2578 874 2615 &
894 2578 963 2617 alii.
983 2579 1181 2617 Rationem
1200 2578 1276 2627 ejus
1296 2590 1381 2616 mo·

277 2675 282 2678 -
347 2632 396 2662 ris
418 2652 429 2668 .
475 2635 548 2675 qua
583 2628 757 2676 principes
782 2628 983 2674 invocant,
1023 2630 1061 2667 &
1088 2639 1211 2667 revera
1238 2629 1382 2674 utilius,

349 2685 464 2724 quam
486 2675 511 2714 fi
531 2675 742 2725 Apollinem
762 2687 823 2716 aut
849 2678 1030 2717 Bacchum
1058 2681 1094 2718 in
1120 2679 1293 2718 auxilium
1320 2680 1382 2720 ad·

351 2727 520 2773 sumunt,
545 2729 693 2777 exposui
711 2729 757 2768 ad
780 2730 919 2769 Lucani
946 2731 1026 2769 Lib.
1048 2730 1077 2770 1.
1102 2742 1154 2769 vs.
1173 2730 1235 2780 63.

403 2827 469 2862 Sed
489 2827 575 2882 mihi
589 2831 668 2878 jam
687 2843 814 2869 numen
826 2848 837 2868 .·
865 2844 944 2876 nec,
971 2844 1004 2870 te
1013 2832 1187 2884 fipec'iore
1206 2843 1306 2873 vates

407 2879 546 2923 Acctpro
557 2904 568 2921 ,
594 2881 765 2919 Cirrhaea
782 2883 889 2920 velim
898 2895 901 2898 ’
911 2890 982 2921 cet.

357 2970 564 3011 Mediceus:
593 2985 635 3014 (ε’
651 2978 739 3015 inter
756 2992 818 3017 eos
835 2983 898 3029 ipso
912 3009 922 3025 ,
950 2994 1016 3030 pro
1036 2986 1122 3024 deos.

408 3033 443 3072 3.
468 3023 612 3072 confina
622 3027 811 3068 amaturus
821 3031 881 3079 cs.]
908 3032 1055 3082 Melius,
1066 3033 1388 3088 diffurusesffluod

2266 696 2282 720 ¹
2308 690 2496 761 perinq

1461 797 1500 837 ὃ(
1520 800 1558 839 ἰη
1574 801 1731 851 quadarn
1749 801 1913 842 editione
1930 800 2052 841 exstat.
2085 799 2221 841 Poetae
2237 800 2320 840 sane
2334 812 2414 840 non
2431 800 2492 842 soi

1459 848 1535 888 lent
1555 852 1604 890 ita
1629 851 1734 902 loqui
1755 880 1768 898 ,
1802 852 1838 891 se
1855 852 1928 892 aliis
1952 853 2011 890 sua
2034 853 2194 891 carmina
2231 852 2364 891 dictare
2386 879 2397 897 ,
2422 853 2488 893 sed

1459 908 1608 946 contra,
1629 901 1759 941 dietata
1780 901 1842 940 fibi
1862 902 2009 942 aMufis
2027 912 2088 941 aut
2097 904 2268 953 Apolline
2280 904 2439 942 carmina
2449 904 2485 944 se

1459 951 1640 1001 excipere.
1691 953 1885 1002 Propterea
1902 952 2082 996 ὑποφήτης
2105 955 2140 992 se
2163 962 2297 993 vocant
2321 968 2329 992 :
2360 955 2399 992 ὃ(
2418 966 2491 996 no-.

1456 1009 1538 1040 turn
1555 1002 1642 1043 illud
1663 1001 1709 1042 de
1726 1003 1873 1043 summo
1890 1009 1996 1047 vate,
2019 1002 2250 1052 ingeniorum
2270 1005 2452 1055 principe:

1503 1102 1688 1154 Ε”γροιψεν
1708 1105 1769 1150 μὲν
1791 1102 1932 1154 Ουμηρος
1943 1131 1955 1149 ,
1965 1102 2062 1141 dela-e
2073 1100 2113 1141 δὲ
2124 1106 2250 1150 Φοῖβος
2262 1107 2448 1152 A'xbym.

1455 1202 1491 1243 Si
1506 1204 1602 1254 legas
1627 1206 1825 1244 dictaturus
1845 1232 1856 1250 ,
1891 1205 2026 1245 referes
2050 1203 2097 1243 ad
2124 1205 2308 1244 notarium
2331 1231 2344 1251 ‚
2383 1204 2488 1258 cujus

1455 1265 1570 1294 manu
1604 1258 1717 1297 Poeta
1743 1265 1905 1296 uteretur
1924 1285 1938 1302 ,
1979 1266 2058 1294 non
2086 1255 2159 1294 sua.
2194 1257 2227 1294 C
2242 1266 2289 1294 As
2301 1267 2323 1293 Α
2337 1270 2360 1295 u
2376 1269 2432 1296 130
2446 1270 2489 1299 κ.

1451 1305 1684 1347 Casaubonus
1698 1309 1777 1347 vult
1794 1308 1962 1346 diffusus.
2011 1307 2095 1355 Ego
2108 1305 2258 1345 arbitror
2278 1334 2291 1352 ,
2325 1306 2494 1358 scripfiffe

1455 1356 1630 1398 Nostrum
1649 1359 1886 1398 diffluxuras.
1937 1357 2064 1397 Sensus
2085 1384 2098 1403 ,
2133 1357 2233 1408 cujus
2253 1356 2398 1397 confilia
2417 1360 2491 1399 fre·

1452 1418 1606 1458 quenter
1623 1422 1660 1450 es
1680 1410 1905 1461 expositurus
1924 1417 2034 1460 atque
2055 1416 2269 1446 narraturus.
2293 1408 2369 1447 hoc
2387 1410 2491 1450 enim

1454 1459 1626 1500 difftitare.
1659 1461 1716 1499 Sc
1728 1474 1751 1498 Η
1767 1473 1788 1500 ε
1803 1474 1822 1499 ε
1837 1473 1857 1497 ιτ
1871 1471 1942 1500 εκ.
1993 1459 2112 1498 Recte
2146 1458 2380 1498 casaubonus
2400 1488 2413 1506 ‚
2449 1462 2490 1501 δι

1455 1510 1721 1552 dubitationem
1736 1512 1778 1550 in
1798 1510 1982 1562 posterum
2013 1507 2134 1549 abeffe
2157 1510 2289 1561 jubent
2304 1511 2492 1559 membra«,

1454 1572 1546 1609 nae,
1570 1564 1611 1602 in
1629 1563 1756 1613 quibus
1773 1564 1866 1601 clare
1888 1563 2044 1601 diflums
2062 1574 2107 1599 es.

1507 1625 1542 1661 4.
1571 1615 1725 1653 Immitte
1741 1615 1926 1658 rudentes,
1949 1613 2063 1664 pande
2082 1610 2203 1662 vela-J
2233 1611 2489 1653 illustravimus

1453 1662 1500 1702 ad
1525 1664 1603 1703 Lib.
1619 1664 1689 1703 IV.
1717 1664 1822 1715 Epist.
1844 1664 1928 1702 XX.
1962 1673 2000 1702 n.
2022 1675 2057 1701 2.
2094 1669 2135 1700 In
2155 1675 2220 1714 qao
2239 1673 2280 1702 tu
2298 1663 2426 1715 ingenii
2439 1663 2492 1717 fi·

1457 1715 1532 1752 mul
1550 1716 1736 1767 dolorisque
1755 1716 1840 1754 velis
1860 1715 2018 1766 latiffime
2039 1715 2157 1751 vectus
2176 1728 2222 1753 et.

1508 1778 1543 1816 ς.
1571 1768 1733 1819 poetica]
1763 1765 2018 1816 Grandiloquis
2035 1764 2150 1803 verbis
2159 1774 2264 1813 agam
2276 1771 2317 1803 ut
2328 1763 2490 1815 poetae?

1457 1816 1548 1854 Non
1569 1820 1669 1857 enim
1693 1829 1758 1868 per
1775 1817 1811 1856 se
1829 1827 1884 1855 res
1915 1816 2032 1866 gestae
2059 1813 2217 1854 versibus
2245 1818 2488 1866 comprehen-

1453 1866 1593 1907 dendae
1606 1869 1700 1915 sunt,
1711 1868 1814 1919 quod
1824 1868 1933 1916 longe
1943 1867 2070 1905 melius
2081 1865 2236 1905 historici
2247 1866 2384 1906 faciunt
2395 1895 2407 1914 ‚
2424 1866 2487 1908 sed

1454 1928 1518 1968 per
1539 1920 1706 1969 ambages
1731 1920 1963 1969 deorumque
1981 1917 2148 1968 mysteria
2172 1944 2182 1962 ‚
2217 1917 2256 1955 &
2281 1917 2482 1958 fabulosum

1455 1971 1710 2010 sententiarum
1737 1978 1966 2009 tormentum
2000 1967 2284 2018 praecipitandus
2317 1969 2367 2007 est
2398 1970 2485 2009 liber

1453 2021 1588 2068 spiritus
1612 2050 1621 2067 ‚
1668 2030 1711 2059 ut
1746 2022 1864 2071 potius
1902 2021 2052 2058 furentis
2089 2019 2259 2056 vaticinio
2293 2027 2481 2070 appareat,

1451 2081 1561 2120 quam
1580 2072 1761 2120 religiosae
1779 2071 1951 2109 orationis
1971 2071 2033 2108 sub
2059 2068 2201 2108 testibus
2227 2068 2330 2110 fides.
2381 2070 2479 2108 Haec

1451 2122 1640 2160 Petronius
1657 2123 1815 2161 Arbiter.
1841 2121 1874 2158 C
1886 2134 1910 2159 A
1923 2133 1945 2159 τ
1962 2135 1981 2159 A
1995 2133 2035 2160 N.

1504 2173 1541 2212 6.
1566 2174 1715 2221 Mina]
1751 2171 1991 2212 Membranae
2017 2170 2150 2211 mittito
2177 2197 2189 2216 ,
2231 2170 2335 2220 quod
2363 2167 2470 2220 sperni

1447 2233 1526 2261 non
1551 2232 1721 2262 meretur.

1506 2284 1541 2319 7.
1570 2275 1622 2312 Sic
1644 2303 1654 2322 ,
1682 2285 1724 2313 ut
1744 2273 1885 2321 erunt]
1917 2271 1972 2311 Sic
2002 2270 2118 2310 Aldus
2149 2282 2234 2309 cum
2265 2267 2476 2309 membranis

1451 2323 1630 2373 distinguit
1648 2353 1659 2370 ,
1704 2327 1741 2363 &
1759 2335 1828 2362 nos
1849 2325 1947 2373 plura
1966 2321 2012 2362 de
2027 2321 2147 2362 modo
2155 2320 2326 2373 loquendi
2342 2319 2387 2360 ad
2399 2318 2479 2364 Lu<

1453 2376 1532 2413 cani
1555 2376 1636 2415 Lib.
1658 2375 1705 2415 ΙΙ.
1727 2386 1780 2414 vs.
1804 2375 1891 2425 365.

1505 2476 1587 2524 Sic,
1612 2485 1652 2517 ut
1676 2485 1752 2517 erat
1770 2474 1892 2524 moesta
1905 2476 2032 2527 servat
2051 2472 2211 2525 lugubria
2231 2472 2354 2512 cultus:

1501 2580 1537 2620 8.
1567 2579 1832 2631 Nascentibus.]
1860 2577 1958 2618 Belle
1978 2577 2024 2616 de
2052 2575 2154 2615 libris.
2172 2570 2355 2612 Claudian.
2377 2564 2476 2609 Pan-f

1447 2644 1507 2682 eg.
1533 2631 1649 2669 Mallii
1678 2643 1731 2670 vs.
1751 2642 1833 2680 ης.

1689 2732 1873 2771 nascentes
1891 2728 1988 2768 ibant
2007 2725 2044 2763 in
2055 2717 2195 2771 saecula
2211 2716 2298 2756 libri.

1453 2834 1537 2872 vide
1566 2833 1793 2873 Lib.XX[lI.
1819 2825 1966 2867 Advers.
1990 2821 2141 2877 capdx.
2172 2820 2209 2856 &
2237 2816 2470 2877 mixtam

1449 2896 1524 2933 cap.
1544 2884 1628 2922 XV.
1665 2884 1758 2921 Bau
1776 2892 1847 2918 τη.
1899 2873 2025 2913 Noster
2061 2871 2142 2909 Lib.
2160 2869 2229 2907 Vl.
2265 2870 2372 2919 Epist.
2405 2869 2476 2908 Vl.

1457 2946 1492 2972 u.
1514 2936 1547 2970 6.
1572 2934 1690 2975 primis
1710 2932 1813 2969 etiam
1833 2940 1876 2967 cy
1896 2937 1971 2960 cum
1988 2924 2140 2960 maxime
2154 2921 2371 2960 nascentibus
2383 2931 2478 2970 opu-

1453 2983 1552 3021 sculis
1573 2984 1653 3019 meis
1669 2979 1810 3025 interest.
1851 2976 1974 3021 Atque
1992 2973 2122 3011 eadem
2144 2974 2282 3011 ratione
2295 2982 2416 3022 parere
2435 2972 2474 3009 δὲ

1450 3032 1627 3072 excludere
1643 3030 1788 3070 delibris
1798 3026 1922 3067 dicitur
1941 3024 2021 3065 Lib.
2044 3024 2075 3065 Ι.
2098 3023 2206 3073 Epist.
2227 3023 2292 3064 III.
2319 3036 2356 3063 n.
2375 3022 2475 3111 4Li8bt
