2616 3686
239 538 274 673 -η-μ·

319 183 415 237 420
573 135 1671 226 c.PL1N11'cAECI*L11
1741 176 2264 233 SECUNDI

325 247 454 320 Egit
490 248 750 307 Claudius
791 250 992 322 Capito
1035 253 1390 307 irreverenter
1429 252 1596 323 magis
1632 288 1645 313 ,
1687 268 1846 321 quarn
1872 252 2201 317 constanter,
2251 255 2265 277 ¹
2291 260 2466 330 utqui

321 324 492 391 ipsum
522 325 1056 389 Senatusconsultum
1082 326 1221 397 apud
1253 327 1511 381 Senatum
1554 325 1842 380 accusaret.
1918 326 2227 395 Respondit
2266 328 2471 386 Fronto

322 394 511 450 Catius
539 399 772 468 graviter
803 398 1026 453 &firme
1051 417 1062 452 z
1103 412 1119 431 ²
1142 399 1367 454 Senatus
1394 400 1501 470 ipse
1527 398 1795 453 mirificus,
1838 398 1975 454 Nam
2004 399 2074 453 illi
2096 416 2349 473 quoque,
2381 405 2474 475 qui

323 470 467 539 prius
492 484 750 542 negarant
783 471 1023 533 vareno,
1064 489 1201 542 quae
1235 472 1451 542 petebat
1480 512 1494 534 ,
1532 471 1723 526 eadem
1749 471 1922 525 danda
1965 511 1980 535 ‚
2020 476 2297 544 postquam
2325 490 2476 533 erant

326 541 446 596 data
473 582 487 606 ,
537 545 877 599 censuerunt.
957 545 1206 613 Singulos
1246 545 1390 597 enim
1424 583 1438 607 ‚
1487 548 1501 574 ³
1528 547 1733 616 integra
1775 563 1832 598 re
1860 583 1875 608 ,
1927 545 2202 600 dissentire
2241 548 2316 602 fas
2342 548 2476 615 esse,

327 614 534 684 perafia
560 656 575 680 ,
625 617 776 688 quod
822 616 1060 686 pluribus
1088 614 1359 685 placuisset
1386 655 1400 678 ,
1448 617 1650 672 cunRis
1678 618 1959 672 tuendum.
2037 618 2240 674 Acilius
2268 635 2477 679 tantum

326 689 533 752 Rufus,
571 690 622 741 &
655 707 778 742 cum
808 705 876 740 eo
903 689 1103 758 septem
1132 706 1196 741 an
1223 687 1383 742 octo?
1423 688 1626 759 septem
1654 693 1852 754 immo,
1890 710 1906 734 ⁴
1935 694 1987 745 in
2014 693 2191 762 priore
2217 698 2490 759 sententia,

327 764 746 832 perseverarunt.
791 759 958 815 Erant
999 762 1053 815 in
1092 761 1187 814 hac
1229 760 1495 832 paucitate
1534 765 1807 827 nonnulli,
1848 782 2080 834 quorum
2109 782 2122 809 s
2155 771 2479 835 temporaria

328 835 596 904 gravium,
649 835 733 887 vel
775 834 952 902 potius
990 835 1264 906 gravitatis
1302 832 1530 901 imitatio
1572 833 1862 891 ridebatur.
1902 837 1995 890 Tu
2031 852 2206 892 tamen
2236 841 2475 906 aestima,

327 920 590 976 quantum
631 907 891 978 praelium
921 944 937 970 ‚
998 920 1198 978 quanta
1235 915 1254 937 ⁶
1289 923 1473 976 pugna¹
1503 908 1784 960 certamini
1836 924 2082 970 maneat,
2141 910 2292 982 cujus
2337 915 2482 987 quasi

329 976 346 1025 ἶ
370 979 634 1051 praelulio
667 993 828 1055 atque
856 979 1157 1054 praecursio
1185 980 1273 1035 bas
1304 981 1686 1035 contentiones
1717 980 1986 1035 excitavit.
2027 983 2175 1038 Vale.

2225 1144 2228 1145 ν
2308 1110 2481 1170 XIV.

330 1230 457 1271 Nostri
490 1244 622 1272 omnes
649 1233 788 1283 absenti
818 1231 972 1281 principi.
1027 1230 1140 1270 Auel.
1179 1231 1276 1269 Dial.
1319 1230 1365 1268 de

331 1284 436 1322 Orat.
462 1295 539 1333 cap.
565 1284 688 1323 XLII.
731 1290 783 1321 Ac
800 1285 910 1334 simul
935 1285 1126 1333 adsurgens
1153 1294 1196 1322 <J
1224 1289 1364 1334 Aprum

329 1335 526 1384 complexus
551 1342 617 1385 Ego
645 1365 654 1381 ‚
684 1337 829 1385 inquit,
857 1343 894 1374 te
918 1338 1059 1385 poetis;
1088 1333 1275 1383 Messalla,
1304 1345 1368 1370 zin-

329 1388 491 1435 tiquariis
516 1387 804 1425 criminabimur.
846 1392 898 1424 At
922 1400 977 1435 ego
1002 1397 1070 1423 vos
1094 1386 1296 1423 rhetoribus
1324 1395 1368 1423 ω’

329 1435 565 1482 scholasticis,
592 1438 723 1488 inquit.
751 1438 903 1476 Sueton.
928 1437 1042 1485 Calig.
1061 1448 1137 1485 cap.
1163 1436 1268 1474 LVI.
1299 1442 1370 1473 Nec

330 1486 475 1536 cessavit
496 1502 537 1527 ex
562 1503 597 1526 eo
621 1490 711 1527 crim
728 1491 805 1528 nari
831 1491 988 1527 alterum
1002 1490 1102 1526 alteri
1117 1517 1126 1534 ‚
1155 1489 1367 1538 atqttcinter

319 1538 366 1584 se
386 1553 503 1578 omnes
525 1542 754 1578 committere.

386 1603 400 1628 1
436 1596 480 1627 Ut
513 1593 572 1642 qui
595 1593 707 1643 ipsum
733 1598 801 1630 SC.
825 1593 920 1643 apud
935 1593 1106 1643 senatum
1130 1604 1200 1628 acc.
1223 1589 1240 1640 ]
1282 1591 1368 1628 Me-

334 1640 457 1679 diceus
481 1651 626 1681 tantum
651 1658 659 1681 z
702 1655 742 1681 ut
766 1645 825 1693 qui
839 1647 1009 1694 senatum
1032 1642 1225 1691 accusaret.
1257 1643 1372 1679 Arnz.

337 1693 376 1730 &
400 1692 468 1730 Ed.
491 1694 579 1733 Vet.
604 1694 700 1733 deest
721 1696 831 1744 ipsum
848 1724 857 1740 ,
885 1707 953 1743 pro
976 1707 1052 1744 quo
1079 1694 1232 1732 Helmst.
1257 1705 1297 1731 ut
1310 1694 1371 1743 qui

335 1755 401 1792 per
433 1750 499 1783 SC.
532 1747 627 1795 apud
649 1745 727 1795 sen.
760 1758 831 1783 acc.
881 1746 979 1783 Infra
1008 1745 1159 1795 quidem
1184 1746 1373 1794 impreffi:

331 1796 500 1844 graviter
525 1799 638 1845 magis
661 1808 705 1836 <5⁴
721 1796 827 1845 firme
842 1825 852 1842 ‚
880 1805 1007 1835 contra
1019 1795 1279 1834 auctoritatem
1294 1809 1374 1847 me-

335 1846 471 1884 liorum
496 1848 618 1886 Codd.

386 1910 407 1935 2
438 1905 586 1937 Senatus
617 1899 682 1948 ipse
714 1900 930 1950 mirificus.]
973 1898 1029 1937 Sc.
1062 1908 1147 1938 erat.
1175 1900 1371 1949 Perpcram

335 1947 441 1986 Vols.
474 1952 512 1988 &
549 1951 700 1990 Helmst.
739 1959 887 1990 Senatus
921 1951 986 2001 ipsi
1021 1951 1201 2000 mirificus.
1243 1952 1372 1989 Oxon.

339 2005 490 2039 Senatus
513 2003 578 2050 ipse
601 2003 763 2042 mirifice.

393 2063 411 2101 3
447 2059 587 2101 Integra
611 2054 695 2104 re.]
729 2053 914 2092 Nondum
947 2053 1096 2093 decreto
1128 2054 1372 2098 Senatuscon-

340 2102 443 2141 fulto.
473 2105 627 2142 CATAN.
957 2120 960 2121 ⁷

391 2167 415 2201 4
447 2162 484 2190 ln
505 2159 617 2204 priore
632 2155 826 2205 sententia.
851 2156 866 2206 ]
896 2157 952 2194 Ut
975 2167 1054 2193 non
1072 2157 1198 2196 liceret
1222 2157 1375 2196 Vareno

341 2205 447 2245 testes
471 2219 638 2245 evocare.
669 2209 681 2246 Ι
700 2221 724 2244 D
738 2221 757 2245 E
774 2221 813 2245 M.

357 2257 360 2260 ⁴
399 2271 417 2306 ς
452 2257 728 2307 Temporaria.]
770 2257 1040 2297 Moment‘anea
1065 2288 1077 2304 ,
1120 2260 1158 2297 δε
1190 2259 1235 2297 ad
1269 2260 1380 2300 breve

343 2315 503 2358 tempus.
560 2309 838 2348 Annotavimus
859 2311 932 2347 hoc
956 2313 1109 2349 verbum
1131 2311 1182 2349 bis
1205 2313 1300 2361 apud
1330 2315 1381 2351 A-

345 2360 465 2399 sinum
501 2360 647 2410 Apuleji
684 2362 773 2410 poni
804 2363 840 2399 in
874 2362 1035 2400 eundem
1071 2361 1223 2400 sensum.
1279 2365 1376 2404 Nam

349 2413 429 2450 Lib.
453 2411 542 2449 Vll.
572 2414 831 2461 Temporariam
850 2413 995 2462 sedem,
1025 2413 1139 2451 &XL
1164 2413 1276 2452 larem
1290 2427 1378 2462 tem-¹

341 2465 528 2517 porarium
555 2464 645 2502 dixit
670 2478 676 2501 :
706 2464 895 2502 Secundus
919 2467 1049 2514 pariter
1070 2466 1106 2502 in
1129 2469 1377 2515 panegyrico:

350 2523 434 2554 „Non
463 2529 538 2564 ergo
571 2518 823 2564 temporarium
855 2515 1073 2564 &subitum
1097 2516 1151 2562 est.
1176 2519 1214 2555 ὃς
1239 2517 1379 2556 Seneca

349 2567 473 2617 primo
508 2567 740 2615 epistolarum
772 2567 1002 2614 temporarias
1024 2568 1196 2604 amicitias
1218 2570 1268 2605 ad
1291 2582 1380 2607 tem-

348 2628 413 2668 pus
445 2616 550 2654 breve
573 2629 808 2666 comparatas.
833 2620 871 2655 ὅ(
894 2618 1076 2666 Ulpianus
1099 2618 1143 2656 de
1176 2622 1355 2660 tutoribus
1371 2652 1381 2668 ,

354 2673 391 2708 δε
422 2669 644 2707 curatoribus
676 2669 765 2707 dans
802 2671 1054 2710 temporarium
1093 2677 1269 2709 tutorem.
1322 2673 1383 2712 Sic

351 2720 483 2757 Paulus
507 2721 551 2757 de
575 2720 787 2764 usufructu,
817 2720 1034 2759 indictiones
1068 2723 1312 2770 temporarias.
1343 2728 1381 2764 ὃς

351 2771 602 2819 temporari-cm
626 2773 774 2810 exilium
791 2800 800 2816 ,
830 2783 907 2808 non
931 2773 967 2810 in
989 2782 1233 2822 perpetuum,
1257 2774 1315 2814 sed
1338 2777 1383 2816 ad

351 2828 500 2867 teinpus
536 2824 685 2872 al‘uuQi
712 2825 924 2871 irrogatum.
982 2823 1075 2862 Item
1120 2824 1300 2873 Ulpianus
1338 2827 1384 2867 de

362 2881 456 2916 aqua
479 2873 690 2917 quotidiana
715 2876 967 2923 temporariam
1001 2875 1268 2924 poffeffionem.
1325 2879 1382 2917 Ac

361 2920 439 2956 alibz
475 2920 680 2961 efflictum-s
713 2929 747 2961 in
784 2938 874 2972 opus
910 2928 1092 2973 publi-:um
1119 2955 1129 2970 ‚
1167 2934 1224 2965 vel
1254 2940 1384 2979 perpe-

363 2979 467 3008 tuum
484 2996 492 3010 ‚
524 2971 578 3005 vel
602 2983 849 3020 temporarium
874 2976 945 3013 dari
969 2977 1090 3014 solere.
1122 2976 1176 3014 11>
1193 2992 1212 3016 E
1228 2993 1267 3016 M.

409 3021 432 3055 6
461 3021 627 3068 Pugna}
659 3025 924 3061 (jmtcnrionc.
954 3025 996 3061 111
1018 3027 1160 3064 vetusto
1184 3031 1383 3079 exemplari

356 3071 510 3122 legitur3
544 3075 593 3108 Tu
623 3083 744 3110 tamen
775 3073 938 3112 existima
970 3087 1146 3124 quantum
1179 3081 1381 3131 praelium,

1448 1237 1583 1282 quanta
1602 1238 1722 1279 pugna
1748 1231 1937 1268 certam-ini
1959 1239 2117 1268 maneat.
2161 1229 2216 1267 ln
2232 1242 2252 1268 ε
2267 1244 2306 1268 Μ.
2347 1237 2388 1268 ln
2410 1233 2484 1281 ipsa

1444 1292 1564 1333 pugna
1586 1281 1830 1331 certaminis]
1862 1281 1921 1319 Sic
1947 1282 2045 1319 reste
2067 1282 2178 1319 Palat.
2203 1284 2241 1320 ὃς
2264 1281 2356 1320 Edd.
2380 1283 2485 1324 Vett.

1415 1371 1418 1373 .
1451 1332 1600 1373 exclusis
1622 1335 1760 1371 ceteris.
1790 1333 1823 1370 G
1838 1347 1863 1371 R
1879 1347 1905 1370 υ
1921 1347 1943 1371 τ
1958 1345 1979 1370 13
1993 1346 2031 1370 R.
2071 1333 2144 1371 Alii
2167 1345 2305 1382 nempe
2325 1335 2484 1375 habent:

1451 1396 1630 1435 quantum
1663 1397 1722 1422 nos
1756 1386 1795 1422 in
1828 1385 1900 1433 ipsa
1930 1396 2047 1433 pugna
2080 1385 2204 1434 praelii
2227 1386 2266 1422 &
2287 1387 2489 1426 certaminis

1451 1447 1600 1475 maneat
1625 1464 1636 1480 ,

1451 1501 1537 1526 cum
1562 1488 1726 1525 Palatino
1749 1489 1787 1525 &
1810 1486 1904 1524 Edd.
1931 1488 2031 1524 Vett.
2056 1487 2241 1525 incedunt.
2280 1488 2385 1526 Solus
2401 1490 2486 1529 Me-

1453 1541 1602 1578 diceus:
1633 1543 1684 1575 Tu
1718 1550 1841 1576 tamen
1863 1537 2008 1584 aestima
2035 1567 2044 1583 ,
2075 1550 2255 1588 quantum
2281 1540 2456 1588 praelium
2472 1571 2482 1589 ‚

1453 1599 1590 1641 quanta
1622 1601 1744 1638 pugna
1777 1591 1970 1627 certamini
2004 1601 2150 1627 maneat
2175 1618 2186 1634 ,
2213 1590 2317 1639 quod
2341 1590 2417 1630 fere
2441 1605 2487 1631 ex

1454 1644 1542 1681 Vet.
1573 1642 1671 1678 Cod.
1696 1641 1889 1678 adnotavit
1913 1640 2118 1679 Catanaeus
2144 1670 2154 1686 ,
2183 1643 2222 1678 δε
2245 1649 2386 1679 temere
2409 1655 2488 1682 non

1456 1695 1504 1734 est
1527 1693 1778 1732 reiiciendum.
1809 1691 1988 1729 praelium
2009 1693 2048 1729 &
2065 1701 2222 1742 pugnam
2246 1704 2333 1730 cum
2360 1694 2492 1742 proba-

1455 1749 1499 1785 tis
1531 1746 1756 1792 coniungit,
1793 1752 1835 1781 ut.
1868 1741 2045 1780 Sallustius
2074 1744 2251 1793 praelium
2280 1753 2484 1794 pugnatum

1460 1798 1578 1842 dixit,
1606 1804 1648 1833 ut
1671 1796 1774 1834 Silius
1799 1794 1881 1835 Lib.
1903 1794 1973 1832 VI.
1998 1805 2050 1832 vs.
2072 1795 2156 1833 208.

1508 1905 1619 1948 thue
1640 1910 1718 1935 erat
1741 1900 1778 1936 in
1802 1908 1940 1948 pugnas
1955 1923 1966 1941 ,
1995 1898 2033 1935 ὅ(
2056 1898 2220 1936 Martem
2235 1926 2245 1943 ,
2275 1899 2313 1936 δε
2334 1900 2489 1949 praelia,

1558 1961 1602 1989 (7
1620 1950 1746 1996 hostem
1761 1980 1771 1995 ‚

1510 2009 1633 2052 Igneus
1648 2030 1658 2047 ‚
1685 2014 1730 2041 (φ’
1751 2014 1884 2052 magna
1903 1999 2059 2038 audendi
2075 1999 2262 2049 flagrabat
2281 2013 2413 2050 amore.

1458 2107 1515 2145 Ut
1545 2106 1617 2156 ipse
1652 2104 1798 2143 Tullius
1830 2113 2007 2140 certamen
2028 2113 2072 2141 cy
2089 2103 2265 2152 praelium
2290 2105 2487 2152 coniungit.

1461 2165 1602 2208 Pugnae
1634 2168 1813 2194 certamen
1844 2153 2053 2197 Ovidiiest
2089 2154 2186 2207 Lib..
2213 2154 2298 2193 XIL
2336 2155 2487 2194 Metam.

1461 2221 1514 2248 vs.
1545 2210 1626 2247 180.

1511 2314 1597 2360 Qu
1619 2310 1684 2348 tibi
1706 2309 1833 2348 militia
1849 2337 1859 2355 ‚
1887 2308 1981 2346 cuius
2005 2310 2205 2347 certamine
2223 2319 2364 2358 pugnae

1463 2402 1468 2407 ,
1509 2370 1693 2413 Cognitus.

1462 2466 1555 2504 Item
1583 2466 1681 2505 Livii
1708 2465 1787 2503 Lib.
1809 2462 1991 2501 XXXVI.
2015 2474 2099 2511 cap..
2114 2459 2214 2498 XIX.
2244 2454 2357 2502 Inipfo
2369 2462 2476 2508 ‘frm-

1460 2518 1552 2555 mine
1583 2527 1726 2566 pugnae.
1783 2516 1834 2553 At
1865 2514 2051 2552 certamini
2081 2518 2223 2566 marnac
2257 2501 2478 2565 offendiculo

1466 2571 1543 2608 fuit.
1589 2571 1730 2607 Contra
1764 2579 1831 2604 nos
1860 2567 1905 2604 ad
1941 2564 2082 2602 Lucani
2115 2560 2192 2597 Lib.
2216 2553 2302 2609 Vll.
2324 2560 2371 2587 vs.
2399 2556 2479 2599 ¹²⁴5·

1467 2626 1541 2662 iarn
1566 2621 1782 2658 monuimus
1797 2646 1808 2661 ,
1821 2618 1984 2655 Graecos
2002 2614 2128 2661 pariter
2149 2609 2186 2644 ὃ(
2198 2606 2346 2661 Latinos
2360 2615 2480 2659 maaet

1469 2688 1523 2713 me
1538 2701 1548 2716 ‚
1577 2674 1614 2710 δε
1637 2682 1758 2708 manet
1783 2667 1870 2705 mihi
1891 2667 2008 2703 dicere
2027 2662 2145 2698 solere.
2185 2653 2357 2700 hxempla
2383 2652 2481 2691 dedit

1469 2723 1642 2764 Heinsius
1664 2723 1709 2761 ad
1734 2718 1920 2758 Claudian.
1944 2713 1990 2750 11.
2011 2713 2046 2748 in
2070 2708 2219 2753 Eutrop.
2243 2714 2293 2740 vs.
2319 2704 2401 2749 478,

1518 2817 1588 2828 -.-
1641 2818 1702 2827 ..-
1752 2813 1813 2822 .-
1865 2794 2002 2832 unaque
2021 2776 2153 2814 cumfio

1515 2855 1630 2887 Poena
1649 2851 1771 2884 manet
1788 2838 1921 2889 generi.

1466 2925 1594 2962 Limus
1619 2919 1699 2957 Lib,
1722 2917 1747 2953 Ι,
1766 2925 1842 2960 cap.
1865 2906 1967 2946 LIII.
2000 2906 2096 2939 Nam
2119 2915 2157 2958 ηρ
2181 2912 2342 2938 errarent
2366 2929 2375 2944 ‚
2404 2913 2482 2939 ma·

1464 2984 1550 3011 nere
1573 2972 1624 3007 his
1645 2966 1773 3003 bellum
1799 2989 1809 3004 ‚
1835 2959 1928 3008 quod
1949 2954 2094 3010 post-tum
2117 2952 2313 3001 simuletur.
2353 2952 2482 3002 Itaque

1436 3023 1438 3026 ’
1463 3020 1672 3060 Mediccam
1692 3013 1888 3052 lectionem
1911 3007 2061 3057 reposui.
2091 3006 2242 3042 Coun.

1515 3082 1533 3118 7
1566 3062 1790 3115 Praelufio.]
1827 3057 2110 3100 Praeiueditatio
2135 3085 2145 3103 ‚
2173 3056 2483 3143 praeceiitioa‚ffgt

1674 1436 1778 1485 quod
1813 1437 1850 1474 δε
1883 1435 1990 1473 nostri
2026 1435 2146 1474 Codd.
2181 1436 2354 1484 respuunt
2384 1466 2394 1482 ‚
2423 1441 2488 1488 qui
2555 1455 2558 1457 ·
