2616 3686
505 167 906 225 f-LrnER
971 167 1671 223 muers-rona
1739 176 1830 225 11-1.

2178 194 2269 243 329

147 266 171 295 ο
213 254 281 313 c,
318 247 672 312 Memmium,
710 241 727 261 ²
751 241 1045 299 Lentulum
1082 281 1099 307 ‚
1137 261 1153 291 ³
1185 243 1532 300 Gaetulicum
1554 284 1569 308 ,
1604 251 1622 276 ⁴
1659 247 1945 301 Annaeum
1981 245 2269 310 Senecam,

150 330 209 386 δι
254 322 496 400 proxime
555 315 573 370 Ξ
631 315 958 388 Verginium
1026 315 1278 372 Rufum:
1307 381 1316 387 ,
1345 316 1401 371 δε
1463 316 1500 370 fi
1549 334 1662 373 non
1707 316 1978 396 sufficiunt
2028 324 2271 403 exempla

147 547 274 588 dicunt
288 573 298 591 ,
317 542 496 595 politicon
519 555 530 581 t
557 550 686 580 verum
707 536 744 577 i‘n
767 547 814 595 eo
834 542 936 574 erant
944 536 1124 586 plurimae
1136 539 1176 578 li—

146 607 245 638 terae
258 626 268 642 ,
296 607 366 634 nec
386 595 550 642 vulgares
572 622 582 639 ,
609 589 667 629 sed
688 589 874 627 interiores
896 587 1078 636 quaedam
1094 618 1104 635 ,
1134 593 1173 630 &

148 647 359 688 reconditae
382 658 391 684 :
430 644 550 682 divina
569 639 749 680 memoria
771 666 782 681 .
808 637 952 675 summa
974 640 1176 680 verborum

151 700 190 737 δε
211 699 362 748 gravitas
375 724 386 739 ,
414 696 453 733 &
474 694 669 742 elegantia:
695 697 806 739 atque
824 688 917 726 haec
937 691 1065 729 omnia
1077 693 1173 732 vitae

151 748 342 787 decorabat
355 745 507 794 gravitas
523 745 569 782 «ὅτ
591 741 782 789 integritas.
814 739 882 796 CA
899 752 922 776 ι·
937 752 959 775 A
973 752 1011 778 N.

203 811 219 838 1
247 803 287 836 C.
319 791 580 841 Memmium]
629 798 671 829 C.
704 796 899 829 Memmius
923 819 933 834 ,
975 792 1021 829 L.
1054 792 1174 839 filius,

146 846 323 899 perscitus
345 845 475 889 literis,
500 843 560 882 sed
582 843 750 880 Graecis:
780 840 977 878 fastidiosus
999 843 1081 882 sane
1097 845 1168 882 La-

143 899 296 939 tinarum
329 909 338 933 :
377 902 520 944 argutus
551 901 672 931 orator
695 921 709 938 ‚
733 891 925 941 verbisque
947 891 1081 933 dulcis:
1110 895 1169 935 sed

145 947 282 996 fugiens
312 956 390 983 non
419 944 536 983 modo
570 943 714 982 dicendi
739 971 751 988 ,
776 953 906 980 verum
931 945 1043 982 etiarn
1066 948 1170 994 cogi-

143 997 242 1036 tandi
261 997 447 1034 laborem:
473 1003 618 1033 tantum
642 992 703 1031 fibi
728 993 773 1031 de
797 993 967 1031 facultate
991 994 1167 1042 detraxit,

169 1055 322 1086 uantum
352 1047 540 1084 imminuit
570 1043 771 1084 industriae.
824 1044 931 1082 Haec
965 1045 1099 1085 Cicero
1121 1047 1168 1086 de

2096 407 2270 462 priva.-

1252 537 1393 577 Graeca
1416 537 1553 578 exstant
1573 539 1612 578 in
1633 537 1873 588 Anthologia.
1901 536 2113 587 Conjune'te
2129 537 2203 576 fere
2212 539 2266 577 lex

1247 598 1339 637 gunt
1373 591 1542 630 Lentulus
1575 590 1779 629 Gaetulicus
1804 619 1815 634 ,
1853 597 1893 627 ut
1916 587 2013 637 apud
2037 588 2160 626 Sidon.
2185 588 2267 627 Lib.

1247 640 1295 677 11.
1328 640 1437 690 Epist.
1469 641 1514 678 X.
1549 642 1587 679 ὃς
1619 642 1657 679 in
1690 640 1890 680 excusator.
1923 639 1969 678 ad
1990 638 2161 677 Felicem.
2182 638 2269 677 vide

1246 691 1430 730 Sirmond.
1459 693 1621 729 Vnt-:uin

1292 755 1316 788 4
1343 748 1541 779 Annaeum
1563 741 1762 792 senecam]
1792 743 1919 781 Lucius
1942 744 2116 778 Annaeus
2143 744 2268 777 Seneca

1243 791 1489 831 Cordubensis
1512 822 1521 837 ‚
1567 795 1666 841 cujus
1710 792 1735 829 fi
1768 792 1905 842 fingula
1937 792 2070 840 exequi
2105 790 2268 837 vellem,

1242 842 1405 880 formam
1438 845 1640 892 interpretis
1675 845 1920 890 excederem,
1957 843 2101 890 Cyrum
2124 841 2266 890 Maryl-

1242 893 1333 931 lium
1354 894 1572 932 Eserninum
1595 894 1782 932 rhetorem
1795 901 2070 944 praeceptorem
2087 921 2098 936 ,
2124 893 2266 930 &con-

1244 942 1459 994 discipulum
1481 945 1649 982 Fortium
1674 944 1879 983 Latronem
1901 945 2187 982 declamatorem
2199 943 2264 980 ha-

1239 993 1344 1033 buit:
1374 997 1412 1034 &
1432 995 1667 1033 Phocionem
1697 995 1864 1034 Stoicum
1889 997 1926 1032 in
1946 993 2173 1043 philosophia
2197 1005 2263 1031 au-

1241 1044 1351 1092 divit,
1381 1048 1419 1084 &
1455 1045 1636 1083 Attalum.
1687 1046 1894 1095 Supervixit
1915 1045 1961 1082 ad
1983 1044 2142 1080 multum
2165 1052 2262 1082 aeta-

174 1099 240 1136 aris
259 1096 497 1140 Oratoribus,
524 1097 563 1135 &
585 1107 680 1145 quae
699 1095 909 1145 sequuntur.
937 1095 1043 1134 Tum
1058 1099 1168 1137 etiam
1233 1096 1276 1134 tis
1301 1125 1311 1140 ‚
1337 1106 1378 1136 ut
1397 1097 1556 1147 potuerit
1582 1124 1592 1141 ,
1618 1095 1695 1146 ipso
1719 1095 1944 1134 contestante
1972 1123 1983 1138 ,
2011 1093 2068 1130 M.
2090 1093 2261 1134 Tullium

140 1151 183 1185 C.
215 1150 254 1187 δε
285 1153 323 1185 L.
356 1147 519 1185 Memmii
557 1146 706 1184 fuerunt
737 1153 898 1184 oratores
938 1147 1165 1194 mediocres,

1235 1147 1419 1186 audivisse.
1447 1148 1651 1186 Plurimum
1674 1145 1839 1186 studii-in
1861 1158 1908 1184 eo
1925 1146 2019 1189 fuit,
2043 1143 2262 1181 multarum-

139 1198 361 1237 accusatores
382 1208 478 1236 acres
499 1206 610 1247 atque
632 1197 761 1236 acerbi.
790 1197 921 1246 Itaque
937 1198 1164 1246 injudicium
1234 1209 1307 1246 que
1330 1210 1455 1237 rerum
1478 1199 1641 1248 cognitio
1663 1211 1670 1235 :
1700 1199 1738 1235 in
1760 1209 1832 1247 qua
1851 1204 1979 1234 tamen
2001 1193 2199 1244 aliquando
2218 1194 2264 1234 ab

139 1251 260 1299 capitis
291 1248 428 1287 multos
458 1255 689 1286 vocaverunt
712 1277 721 1293 ‚

139 1297 317 1339 dixerunt.
344 1299 444 1337 Nam
475 1305 517 1336 C.
550 1300 767 1343 Memmius,
801 1297 989 1336 Tribunus
1030 1301 1165 1348 plebis,

137 1347 307 1389 Marcum
332 1349 476 1388 Luculli
496 1349 644 1387 fratrem
667 1360 769 1387 reum
795 1349 906 1394 fecit,
937 1351 976 1388 ὃς
998 1361 1084 1388 cum
1105 1353 1165 1401 ju-

141 1399 277 1440 dicium
297 1401 444 1438 Marcus
466 1398 627 1438 evasiffet
651 1428 662 1444 ‚
688 1401 872 1437 convertit
893 1400 1161 1441 accusationem

134 1450 174 1488 in
205 1457 245 1488 L.
271 1449 455 1488 Lucullum
481 1478 492 1494 ,
528 1450 587 1487 sed
611 1449 877 1497 conspiratione
899 1451 1078 1489 nobilium
1102 1453 1164 1491 de-

136 1500 254 1539 fensus
277 1501 335 1540 est.
390 1500 465 1537 Hic
488 1499 537 1537 est
558 1501 616 1538 ille
635 1500 826 1536 Memmius
855 1527 866 1543 ‚
893 1502 958 1547 qui
981 1500 1069 1538 dixit
1093 1504 1164 1540 Ca-

132 1558 264 1589 tonem
298 1560 391 1589 totas
426 1549 554 1587 noctes
585 1551 724 1587 ebrium
759 1547 854 1591 effe,
882 1550 920 1586 δε
943 1553 1165 1592 orationibus

135 1601 334 1650 asperrimis
357 1600 547 1639 insectatus
571 1599 619 1638 est
642 1599 778 1645 Julium
797 1598 987 1636 Caesarem
1003 1629 1013 1644 ,
1043 1613 1063 1638 a
1086 1615 1163 1653 quo

134 1662 214 1689 non
237 1653 381 1690 minore
403 1650 595 1688 acerbitate
617 1647 811 1698 repressus,
839 1647 898 1686 sed
920 1661 1011 1686 mox
1036 1653 1166 1691 Caesar

133 1702 171 1738 in
200 1704 377 1751 petitione
412 1701 628 1738 Consulatus
661 1699 823 1737 Memmio
854 1697 1063 1747 suffragator
1086 1703 1163 1742 fuit.

135 1754 300 1791 Memmii
322 1753 408 1790 dura
429 1753 689 1800 epigrammata
701 1756 801 1788 notat
815 1749 975 1795 Gellius,
1004 1752 1163 1793 Ovidius

135 1801 272 1841 Latina
295 1804 375 1842 Lib.
397 1801 444 1840 ΙΙ.
467 1803 504 1840 T
509 1801 579 1840 rist.
1136 1803 1140 1809 ’

186 1903 285 1948 Qut
315 1905 465 1950 reseram
500 1903 632 1940 Tindae
654 1911 669 1941 ἒ
703 1901 789 1954 quid
812 1901 959 1940 Memmi
981 1915 1124 1942 carmen
1144 1915 1160 1944 ,ἓ

290 1955 385 2002 apud
406 1966 487 2002 quos

240 2006 377 2041 Nomen
398 2002 492 2050 adest
508 2003 606 2042 rebus
619 2032 630 2049 ,
657 2003 917 2052 nominibusque
929 2004 1055 2053 pudor.

137 2100 210 2187 Fbi
251 2112 376 2143 tamen
406 2103 553 2155 quidam
585 2117 653 2155 pro
686 2105 820 2143 Tindae
847 2102 974 2151 legunt
1007 2105 1156 2144 Ticidae.

171 2164 193 2187 D
209 2165 227 2189 E
245 2167 284 2190 M.

186 2214 203 2238 2
237 2203 452 2250 Lentulum]
466 2211 508 2242 C.
522 2206 688 2244 Lentulus
697 2203 1156 2253 MarcellinusCensbrinus,

136 2262 204 2307 nec
216 2265 379 2301 unquam
393 2255 588 2301 indisertus,
601 2259 638 2296 δε
653 2259 688 2294 in
703 2256 901 2294 Consulatu
915 2259 1156 2307 pereloquens

134 2302 226 2340 visus
251 2306 296 2343 est
321 2320 328 2343 ;
356 2318 431 2344 non
454 2307 572 2345 tardus
594 2307 798 2350 sententiis,
823 2317 898 2343 non
911 2309 1015 2356 inops
1027 2310 1156 2346 verbis.

134 2352 287 2399 Legitur
319 2357 428 2393 etiarn
452 2363 520 2394 Cn.
545 2357 712 2395 Lentulus
737 2385 746 2402 ,
782 2358 844 2407 qui
866 2356 1076 2395 testimonio
1100 2360 1156 2396 M.

134 2402 247 2442 Tullii
270 2408 388 2444 multo
409 2409 588 2456 majorem
611 2409 826 2458 opinionem
852 2406 994 2445 dicendi
1009 2407 1156 2446 actione

134 2448 307 2500 faciebat,
335 2469 447 2506 quam
470 2467 604 2508 quanta
624 2461 661 2496 in
684 2470 730 2496 eo
754 2457 900 2495 facultas
926 2465 1000 2494 erat
1023 2470 1031 2493 ε
1077 2470 1155 2496 non

133 2514 341 2553 peracutus,
369 2520 578 2558 quanquam
605 2512 641 2548 ὃς
663 2521 706 2547 ex
731 2508 820 2546 facie
844 2510 881 2546 &
904 2518 949 2544 ex
972 2508 1076 2545 vultu
1101 2511 1154 2548 vi-

135 2553 280 2594 debatur
303 2571 310 2595 :
340 2570 408 2596 nec
439 2559 623 2598 abundans
656 2559 769 2598 verbis
796 2587 805 2602 ,
845 2560 883 2596 ὃς
904 2555 928 2594 st
955 2556 1095 2596 fallebat
1117 2561 1154 2598 in

137 2616 183 2642 eo
213 2608 288 2656 ipso
309 2637 319 2653 ,
358 2608 404 2646 fic
427 2610 619 2648 intervallis
643 2638 652 2652 ‚
681 2607 1003 2647 exclamationibus
1018 2637 1031 2653 ‚
1057 2621 1152 2649 voce

137 2654 231 2694 suavi
253 2659 291 2698 ὅ(
313 2670 446 2697 canora
471 2688 482 2704 ,
509 2660 722 2698 admirando
743 2658 932 2698 irridebat:
961 2659 1095 2697 calebat
1118 2672 1155 2698 a·

144 2707 257 2789 fendo
271 2738 281 2754 ,
302 2718 341 2748 ut
364 2722 405 2749 ea
420 2738 430 2756 ,
458 2722 552 2760 quae
573 2712 747 2756 deerant,
769 2722 846 2747 non
861 2708 1155 2749 desider-arentur.

178 2764 283 2798 ῦεκ.

194 2811 224 2851 3·
241 2810 493 2859 Gaetulicum]
527 2812 624 2852 Cum
646 2812 734 2855 Caso
757 2809 1169 2851 Gaetulicoinimicitias·

147 2852 298 2904 geffiffe,
322 2861 401 2903 Lib.
433 2863 497 2902 IV.
519 2871 635 2902 natur.
659 2861 791 2910 quaest.
815 2861 968 2899 affirmat
994 2863 1151 2901 Seneca:

147 2903 240 2950 apud
267 2909 370 2951 alium
404 2916 611 2964 quempiam
636 2913 722 2951 nihil
753 2913 872 2951 adhuc
893 2911 937 2948 de
960 2912 1021 2950 illo
1046 2924 1152 2952 com-

759 1259 826 1297 pro
860 1249 926 1286 reis
963 1259 1040 1286 non
1063 1250 1166 1299 saepe
1232 1247 1309 1294 his,
1335 1251 1464 1300 quibus
1486 1247 1706 1300 inquirenda
1724 1248 1908 1298 quaedam
1943 1244 2139 1284 mandabat
2161 1274 2172 1290 ,
2200 1244 2265 1284 de-

1232 1307 1357 1348 ceptus
1381 1300 1440 1339 est.
1493 1301 1610 1338 Natus
1633 1301 1784 1346 ingenio
1806 1309 1971 1336 amoeno
1987 1325 1997 1341 ,
2025 1298 2064 1334 &
2085 1297 2265 1345 temporis

1233 1348 1324 1388 illius
1350 1352 1495 1390 auribus
1517 1349 1818 1388 accommodato.
1873 1348 2066 1386 Tractavit
2090 1349 2264 1386 omnium

1238 1398 1313 1438 fere
1344 1401 1548 1440 studiorum
1581 1401 1772 1438 materiam
1798 1413 1807 1437 :
1847 1410 1936 1436 nam
1971 1399 2073 1448 plura
2106 1397 2264 1447 scripfit,

1239 1461 1351 1498 quam
1388 1464 1488 1490 nunc
1510 1459 1646 1489 extant.
1701 1450 1743 1487 In
1767 1449 1924 1488 dicendo
1948 1451 2098 1497 copiam-
2121 1459 2207 1497 prae
2228 1449 2265 1489 se

1238 1501 1341 1538 tulit:
1367 1510 1404 1540 at
1426 1504 1463 1540 in
1485 1501 1712 1551 philosophia
1734 1512 1861 1549 parum
1887 1498 2036 1547 diligens
2059 1526 2075 1542 ,
2099 1500 2264 1546 egregius

1238 1559 1363 1588 tamen
1396 1554 1572 1590 vitiorum
1605 1551 1818 1590 insectator:
1848 1550 1986 1588 multae
2008 1551 2045 1588 in
2069 1560 2116 1586 eo
2132 1549 2264 1589 clarae·

1240 1613 1312 1650 que
1343 1603 1566 1646 sententiae,
1605 1603 1721 1640 multa
1754 1603 1866 1639 etiam
1896 1611 2047 1638 morum
2080 1600 2192 1648 gratia
2211 1600 2266 1638 le-

1237 1651 1360 1698 genda
1381 1682 1392 1698 ,
1440 1654 1499 1691 sed
1540 1654 1577 1690 in
1619 1651 1831 1701 eloquendo
1875 1657 2045 1698 corrupta
2082 1649 2266 1700 pleraque.
2304 1668 2311 1674 ·

1236 1701 1358 1739 Velles
1393 1715 1482 1742 eum
1511 1703 1575 1740 suo
1609 1703 1756 1750 ingenio
1782 1699 1906 1739 dixisse
1932 1729 1949 1745 ,
1970 1700 2091 1738 alieno
2110 1699 2264 1749 judiciot

1237 1752 1329 1790 Sane
1361 1753 1517 1791 fractum
1553 1751 1696 1790 dicendi
1729 1762 1844 1800 genus
1862 1751 2012 1796 habuit,
2040 1762 2082 1788 ac
2104 1752 2148 1789 ab
2170 1752 2263 1790 anti-

1237 1804 1316 1851 quis
1339 1804 1497 1842 deflexit.
1542 1803 1711 1841 Potiores
1733 1803 1767 1840 se
1789 1803 1951 1841 nimium
1972 1802 2120 1840 inceffit.
2154 1801 2260 1850 Lege

1237 1853 1398 1892 Gellium
1413 1855 1494 1893 Lib.
1508 1854 1594 1891 XII.
1608 1865 1685 1902 cap.
1699 1853 1746 1890 Il.
1758 1854 1938 1891 Poemata
1951 1852 2066 1889 Fabio
2078 1852 2261 1901 prodente

1232 1904 1376 1954 scripsit.
1417 1906 1585 1944 Moriens
1606 1905 1669 1944 fibi
1690 1904 1764 1943 hoc
1788 1904 2013 1954 epitaphium
2035 1902 2221 1941 condidit:

1280 2031 1378 2063 Cura
1393 2055 1404 2072 ,
1431 2027 1530 2066 labor
1544 2057 1555 2074 ,
1582 2030 1772 2076 meritum,
1796 2031 1931 2081 sumpti
1946 2039 2009 2080 pro
2032 2044 2174 2071 munere
2197 2030 2260 2083 hoff

1387 2091 1484 2115 nores

1337 2134 1414 2173 Ite,
1441 2129 1534 2167 alias
1560 2130 1630 2180 post
1653 2129 1719 2167 hac
1735 2131 1913 2181 solicitate
1934 2132 2087 2170 animas.

1287 2183 1348 2215 Me
1368 2179 1487 2228 procul.
1510 2193 1532 2216 a
1557 2181 1656 2217 vobis
1680 2186 1775 2218 Deus
1796 2194 1917 2219 evocat
1933 2211 1942 2227 ,
1968 2182 2075 2218 illicet
2094 2184 2184 2222 αέῖἱι

1336 2228 1443 2266 Rebus
1466 2231 1634 2275 terrenis,
1670 2231 1802 2280 hospita
1825 2243 1921 2269 terra
1936 2261 1944 2276 ‚
1973 2231 2067 2268 vale.

1284 2282 1416 2326 Corpus
1440 2293 1559 2316 avara
1585 2292 1706 2318 tamen
1722 2281 1936 2328 fhlemnibus
1959 2282 2070 2330 accipe
2091 2282 2191 2325 saxis

1335 2335 1502 2378 Namque
1524 2331 1689 2368 animam
1712 2331 1796 2368 coelo
1820 2331 2001 2368 reddimus
2017 2359 2027 2375 ,
2054 2327 2122 2380 0ffi²
2145 2332 2225 2371 tibi.

1236 2455 1406 2495 Sidonius
1442 2458 1661 2507 Apollinaris
1691 2459 1993 2510 hendecasyllabo
2035 2459 2081 2498 ad
2102 2458 2264 2500 Felicem

1235 2519 1279 2543 ex
1302 2506 1463 2555 professo
1485 2508 1594 2547 docet
1616 2510 1818 2559 tragoedias
1830 2511 1874 2548 ab
1896 2512 2010 2548 altero
2038 2515 2160 2548 Seneca
2184 2511 2264 2550 scri-

1234 2566 1323 2605 ptas.
1363 2559 1491 2596 Vitam
1517 2561 1554 2597 &
1579 2572 1722 2605 mores,
1754 2561 1940 2600 fortunam
1958 2590 1968 2604 ,
1996 2563 2124 2600 mortis
2146 2561 2265 2601 causas

1235 2609 1273 2645 &
1306 2619 1419 2656 genus
1451 2621 1532 2647 curn
1569 2622 1686 2650 uxore
1719 2612 1875 2650 Paulina
1895 2642 1904 2658 ,
1933 2611 2063 2660 siquis
2086 2614 2260 2661 requirit,

1231 2658 1326 2706 legat
1351 2659 1527 2697 Tacitum
1552 2689 1562 2704 ‚
1600 2662 1771 2700 Dionem
1797 2664 1834 2701 ὃ(
1859 2664 1906 2700 D.
1933 2663 2215 2710 Hieronymum
2240 2674 2261 2702 a

1234 2710 1408 2757 prioribus
1434 2709 1711 2750 dissentientem.
1754 2714 1907 2751 (ΖΑ-[ΑΝ.
1946 2712 2029 2750 Post
2052 2714 2150 2750 hunc
2176 2717 2263 2751 An-

1232 2772 1359 2797 naeum
1386 2766 1546 2799 Senecam
1571 2762 1761 2801 Hackiana
1777 2792 1785 2806 ‚
1815 2764 2004 2812 Gryphius
2020 2791 2030 2806 ,
2051 2763 2260 2802 Catanaeus

1233 2811 1271 2847 ὃ(
1294 2813 1430 2849 multae
1452 2813 1540 2850 aliae
1556 2812 1650 2850 Edd.
1674 2813 1854 2851 addebant
1879 2813 2039 2851 Luceium
2066 2842 2076 2858 ,
2108 2814 2168 2852 vel
2190 2819 2262 2852 Lu-

1233 2874 1372 2900 canum.
1404 2862 1475 2900 Sed
1498 2872 1671 2902 neutrum
1701 2876 1843 2902 nomen
1867 2866 1904 2902 in
1928 2865 2035 2902 MSS.
2059 2864 2183 2903 nostris
2213 2865 2265 2903 Ie-

1228 2913 1323 2959 gitur
1349 2943 1358 2957 ,
1397 2925 1465 2951 nec
1495 2915 1532 2952 in
1564 2913 1632 2951 Ed.
1665 2915 1753 2953 Vct.
1788 2917 1826 2954 ὃς
1863 2914 2015 2953 AldiniS.
2065 2913 2179 2962 Igitur
2202 2915 2264 2957 de-

147 2955 221 2998 peri
243 2982 254 2998 ,
280 2969 412 3005 praeter
441 2976 556 3003 unum
590 2965 798 3003 Martialem
816 2992 827 3009 ,
854 2963 916 3012 qui
939 2963 976 3001 in
998 2964 1148 3012 praefat.
1188 2993 1190 2999 f
1229 2964 1313 3002 levi.

148 3002 248 3059 Libri
276 3010 376 3053 primi
395 3011 527 3059 allent,
549 3015 770 3054 Gaetulicum
786 3015 1049 3064 epigrammata
1069 3014 1149 3055 scri-

143 3052 254 3103 pnffe.
284 3055 338 3096 ln
352 3071 424 3101 nn.
444 3063 692 3120 Gaetulicum.
714 3064 732 3118 ]
769 3066 858 3116 Ejus
882 3066 1143 3116 epigrammata

1280 3016 1548 3064 5Verginium
1597 3014 1785 3064 Rufum]
1833 3016 1889 3054 Sic
1936 3016 2090 3055 scribunt
2138 3015 2261 3055 Medi·

1225 3078 1307 3106 ceus
1336 3095 1348 3113 ,
1387 3065 1550 3157 Riccass'
1596 3066 1796 3107 Lindenbr.
1830 3067 1961 3107 oxon,
2002 3068 2115 3106 Arnz.
2164 3063 2266 3151 Vols.

1570 3124 1585 3155 ἵ
2114 3124 2227 3153 omne
2245 3132 2263 3161 ς
