2616 3686
288 321 291 323 -
354 283 489 336 ultra
526 281 880 337 matronalem
923 277 1149 333 modurn

611 175 1124 257 o.r>L1N11
1194 194 1696 248 CAECILII
1764 192 2316 250 SECUNDr

1189 268 1201 289 ¹
1238 273 1521 345 compaRo
1555 287 1792 344 corpore
1841 272 1896 327 &
1943 271 2176 330 robusto,
2249 276 2496 337 Deceffit

362 355 732 410 lionestissimo
771 353 1107 409 testamento
1183 348 1430 421 Reliquit
1466 345 1695 401 heredes
1720 384 1735 410 ‚
1774 362 1842 401 ex
1877 345 1893 364 ²
1929 344 2070 400 beffe
2102 361 2389 421 nepotem,
2428 371 2499 412 ex

350 430 364 457 ³
412 430 568 484 tertia
603 441 754 501 parte
790 443 1025 498 neptem.
1105 423 1340 493 Neptem
1383 436 1568 492 parum
1607 423 1765 474 novi:
1804 432 2062 493 nepotem
2101 419 2502 483 familiarissime

356 500 553 572 diligo,
592 501 994 557 adolescentem
1037 497 1353 566 slngUlarem
1386 532 1401 558 ‚
1440 510 1541 548 nec
1569 492 1630 547 iis
1657 507 1866 547 tantum
1897 531 1914 557 ,
1947 493 2122 565 *quos
2147 493 2397 566 sanguine
2422 515 2503 555 at-

356 575 515 644 tingit
540 613 555 639 ,
618 575 760 629 inter
795 573 1127 644 propinquos
1166 566 1473 620 amandum.
1552 569 1637 620 Ac
1678 568 1911 636 primum
1952 565 2272 635 conspicuus
2297 569 2500 638 forma,

361 665 550 703 omnes
576 647 845 701 sermones
871 644 1230 711 malignorum
1259 639 1311 691 &
1339 655 1471 708 puer
1498 639 1553 691 δε
1584 638 1791 707 juvenis
1837 639 1996 693 evasit
2026 655 2037 692 :
2075 639 2214 695 intra
2252 656 2502 713 quartum

363 722 418 774 &
459 718 769 774 vicefirnum
820 731 1018 768 annum
1070 710 1289 766 maritus
1319 748 1334 773 ,
1389 709 1471 772 δε,
1510 711 1542 764 fi
1585 712 1731 766 Deus
1783 711 2039 766 annuisset
2070 749 2090 776 r
2145 729 2309 784 pater.
2350 714 2504 772 Vixit

359 792 414 846 in
464 789 824 846 contubernio
877 790 888 815 ⁵
942 785 1088 841 aviae
1140 781 1400 837 delicatae
1452 782 1822 849 severiffime,
1873 787 1924 838 ὅζ
1977 797 2157 840 tamen
2206 785 2504 860 obsequen-

2290 860 2502 919 tissime.

350 182 446 279 52t5

354 1013 419 1042 nes
441 1003 588 1051 vigeant
609 1029 619 1046 ‚
655 1013 726 1041 nec
745 1001 946 1051 quicquam
968 1004 1197 1048 magnopere
1220 997 1266 1036 de
1303 993 1392 1033 flore
1470 1005 1558 1044 quae
1589 1005 1673 1051 {nox
1699 1021 1709 1038 ‚
1746 1005 1786 1032 ut
1823 992 1956 1032 caluere
1985 1005 2126 1046 pugna,
2153 997 2372 1045 insudarem
2392 1001 2504 1046 eunt„¹

356 1064 398 1090 ac
422 1055 550 1102 vigore
572 1055 734 1102 corporis
756 1052 920 1102 perdant.
960 1051 1017 1089 Sic
1039 1050 1266 1100 Quadratilla
1288 1047 1395 1095 igitur
1469 1054 1513 1084 <9⁹
1535 1044 1606 1083 lew
1630 1055 1728 1083 motu
1752 1073 1763 1091 ,
1792 1043 1892 1095 quafi
1911 1045 1982 1083 Sole
2005 1074 2016 1091 ‚
2052 1047 2241 1085 laxantur.
2297 1049 2505 1090 Columella

359 1104 479 1143 Plinio
500 1104 629 1143 dicitur
650 1105 700 1141 ad
722 1103 940 1151 novissimam
965 1101 1210 1139 valetudinem
1243 1099 1370 1137 viridis
1386 1128 1398 1144 ‚

359 1155 464 1204 quod
501 1164 634 1204 vegeto
671 1154 880 1203 floridoque
914 1152 982 1190 fuit
1016 1163 1172 1201 corpore
1197 1181 1207 1195 ‚
1237 1154 1275 1190 ὃς
1310 1151 1401 1188 nihil

361 1206 471 1244 senile
504 1208 540 1244 in
574 1218 620 1244 eo
642 1236 650 1251 ,
691 1207 860 1255 quamvis
894 1204 1003 1242 senex
1028 1231 1037 1247 ,
1067 1201 1161 1251 paffa
1183 1202 1249 1248 sit,
1278 1202 1399 1240 donec

364 1257 564 1295 novtffimo
587 1258 719 1295 morbo
744 1256 915 1295 finiretur.
957 1253 1150 1302 Ejusmodi
1174 1253 1399 1292 seneetutem

363 1307 466 1358 supra
491 1309 530 1346 δε
553 1310 754 1357 Spurinnae
775 1307 900 1345 tribuit
923 1305 1057 1343 Noster
1080 1304 1163 1342 Lib.
1189 1305 1257 1343 III.
1291 1305 1400 1353 Epist.

363 1358 390 1399 1.
413 1359 585 1407 Virgilius
610 1359 789 1397 Charonti
812 1360 848 1396 in
873 1356 944 1394 VI.
975 1355 1186 1399 Aeneidos,
1217 1368 1302 1393 cum
1328 1357 1397 1394 ait:

359 1429 421 1441 ιι-
449 1410 561 1446 cruda
588 1415 654 1447 Deo
679 1409 874 1458 viridisque
885 1408 1053 1456 seneclus.
1085 1407 1183 1443 Nam
1199 1408 1398 1445 &crudum

360 1460 435 1505 est,
463 1460 567 1508 quod
599 1460 770 1496 nondum
806 1471 851 1497 ex
875 1458 1083 1495 maturitate
1105 1458 1221 1502 aruit,
1264 1460 1301 1496 ὃς
1326 1458 1399 1496 sole

360 1510 560 1550 exeooum
576 1538 585 1554 ‚
612 1509 672 1548 sed
693 1510 812 1547 adbuc
835 1509 940 1547 valde
963 1507 1078 1545 viride
1113 1507 1169 1545 est.
1227 1509 1400 1546 Lucanus

361 1573 446 1599 cum
472 1561 553 1599 Lib.
579 1561 647 1598 IV.
677 1560 786 1599 refert
808 1588 818 1604 ‚
855 1558 1055 1610 quomodo
1079 1558 1182 1598 miles
1208 1558 1397 1599 defeetum

360 1623 479 1663 aquae
502 1612 721 1662 suppleverit
746 1614 784 1650 &
806 1610 904 1650 fitim
927 1610 1072 1649 sedarit:

414 1718 512 1751 Tunc
547 1713 671 1752 herbas
701 1715 918 1765 frondesque
951 1722 1076 1751 terunt
1098 1740 1109 1757 ,
1148 1720 1192 1752 (ἓν
1224 1726 1299 1752 rore
1323 1725 1402 1752 ma-

464 1766 583 1804 dentes

411 1815 647 1865 Destringunt
668 1828 810 1860 ramos,
837 1825 880 1855 &¹
903 1814 937 1865 fi
959 1828 1042 1865 quos
1065 1814 1212 1860 palmite
1232 1817 1339 1852 crudo

414 1867 593 1913 Arboris,
621 1878 687 1905 aut
708 1878 830 1906 tenera
843 1866 964 1917 succos
983 1863 1122 1916 prestere
1145 1867 1315 1905 medulla.

363 1969 518 2008 Tacitus
532 1997 542 2013 ‚
567 1968 756 2007 manifesta
777 1969 944 2007 Maronis
967 1969 1174 2007 imitatione
1188 1995 1198 2012 ,
1228 1968 1402 2016 Agricola

365 2032 444 2070 cap.
467 2020 608 2058 XXIX.
640 2020 823 2070 Affluebat
847 2021 961 2058 omnis
974 2019 1152 2068 juventus
1175 2047 1186 2063 ,
1212 2030 1255 2057 <9⁴
1278 2019 1401 2068 quibus

367 2070 476 2109 cruda
500 2084 539 2107 ac
561 2071 682 2109 viridis
704 2071 880 2109 seneecus.
909 2070 1064 2120 Aquilae
1081 2072 1297 2120 seneffutem
1324 2071 1404 2109 Te-

369 2122 505 2159 rentius
529 2121 629 2159 dixit.
687 2122 796 2168 Apud
819 2122 1020 2160 Palladium
1059 2122 1137 2159 Lib.
1175 2121 1244 2157 VI.
1274 2122 1320 2158 de
1348 2122 1404 2159 Re

366 2172 513 2210 Rustica
536 2173 615 2210 Tit.
640 2171 766 2209 XVII.
788 2180 1024 2222 praeceptum
1048 2172 1096 2210 est
1119 2173 1160 2208 de
1181 2170 1262 2219 rosts
1276 2172 1407 2210 viridi-

368 2222 431 2261 bus
465 2222 646 2262 servandis
673 2236 682 2260 ι
719 2224 757 2261 h.
789 2236 822 2261 e.
855 2222 901 2262 de
935 2221 1022 2261 rofis
1053 2223 1100 2260 ita
1132 2222 1337 2273 seryandis‚
1365 2231 1405 2261 ut

366 2285 447 2311 non
471 2283 663 2318 exareant,
694 2275 733 2312 ὃς
754 2275 844 2312 ultra
866 2282 1014 2323 tempus
1035 2275 1120 2312 anni
1132 2274 1254 2312 haberi
1274 2273 1404 2313 virides

373 2324 528 2374 poffint:
557 2323 647 2368 Qie
668 2323 887 2374 nmnfriscbe
907 2325 1019 2371 &insen
1046 2325 1192 2371 balteus
1209 2327 1279 2364 turb
1291 2324 1405 2372 anffit

372 2380 430 2416 brt
460 2375 636 2422 &oscitant
657 2375 769 2422 baben
785 2370 907 2415 tbnne.
936 2376 1147 2414 Rucuma.
1178 2375 1302 2413 Viridis
1320 2388 1405 2425 pro-

373 2427 451 2476 prie
472 2425 519 2464 de
541 2426 694 2464 florente
709 2428 756 2465 ,ὃς
781 2427 929 2465 iuvenili
942 2435 1060 2464 aetate
1075 2427 1141 2466 dici
1158 2455 1168 2472 ‚
1198 2427 1405 2466 observavit

376 2477 456 2514 Cel.
494 2477 725 2515 Burmannus
761 2478 810 2518 ad
847 2479 904 2517 illa
943 2477 1066 2515 Valet.
1105 2477 1220 2516 Flacc.
1261 2478 1345 2516 Lib.
1375 2477 1402 2517 I.

375 2539 424 2566 vs.
454 2539 511 2575 77.

427 2641 527 2652 --·
556 2640 589 2668 te
615 2631 768 2670 viridem
788 2631 890 2671 videt
913 2631 1164 2682 inmunemque
1179 2631 1347 2681 seneflae.

431 2745 445 2771 x
477 2734 664 2781 Compae‘lo
695 2743 827 2784 corpore
858 2745 902 2774 ω’
923 2731 1106 2782 robusto.]
1139 2732 1258 2769 Probe
1280 2732 1409 2771 vineto

380 2785 500 2823 nervis
523 2812 532 2827 ,
570 2792 683 2833 atque
714 2783 762 2822 fic
795 2785 904 2823 firmo
924 2813 935 2829 ‚
963 2785 1078 2823 solido
1103 2812 1113 2826 ‚
1149 2782 1324 2820 robusto:
1356 2785 1410 2823 cui

375 2833 520 2882 fluxum
536 2836 746 2883 opponitur.
759 2836 911 2874 Tacitus
926 2836 1084 2873 Historia
1099 2835 1144 2872 Il.
1157 2845 1235 2882 cap.
1251 2833 1409 2873 XXXII.

385 2887 604 2936 Germanos,
632 2887 722 2934 quoi
750 2901 857 2933 genus
888 2888 1042 2924 militum
1074 2886 1168 2935 apud
1190 2884 1295 2931 hostes
1315 2896 1415 2923 atro—

387 2932 551 2986 crffimum
566 2934 613 2980 sit
639 2963 648 2977 ,
677 2940 791 2975 traffo
811 2939 850 2975 in
872 2937 1038 2983 aestatem
1061 2936 1149 2975 bello
1172 2965 1182 2981 ‚
1207 2935 1321 2986 fluxis
1340 2950 1414 2974 cor-

382 2981 807 3037 pommus-mutationem
839 2989 918 3026 coeli
942 2989 1074 3038 solique
1107 2988 1207 3024 haud
1239 2987 1411 3024 toleratu-

387 3043 453 3068 ros.
483 3031 608 3085 Livius
633 3033 713 3069 Lib.
738 3038 781 3073 X.
805 3050 881 3086 cap.
896 3039 1078 3076 XXVIII.
1105 3038 1410 3075 Gallorumetiam

388 3090 526 3128 ‘'WPOW
558 3081 860 3132 mtoleranttffima
894 3088 1023 3125 laboris
1044 3099 1150 3137 atque
1171 3087 1411 3136 aestusfluere.

377 3135 488 3184 Quae
522 3129 646 3169 florus
676 3130 759 3172 Lib.
795 3137 842 3174 Π.
872 3149 950 3187 cap.
972 3139 1041 3178 IV.
1061 3139 1405 3187 itainterprctatur‚

1474 1096 1556 1134 Lib.
1582 1097 1652 1135 VI.
1686 1108 1765 1145 cap.
1796 1098 1826 1135 I.
1856 1096 1902 1134 de
1935 1096 2052 1134 bubus
2075 1097 2238 1143 parandis
2259 1103 2504 1150 praecipiens:

1472 1147 1619 1186 Umbria
1645 1177 1655 1193 ‚
1693 1149 1812 1198 inquit
1836 1177 1846 1193 ,
1883 1149 1989 1184 ret‘fos
2014 1176 2024 1192 ‚
2063 1147 2222 1196 &fllbos
2241 1150 2427 1201 eademque
2446 1167 2509 1191 ru-

1474 1197 1577 1244 bros,
1607 1211 1664 1236 nec
1698 1201 1818 1237 minus
1848 1198 2041 1247 probabiles
2075 1197 2206 1235 animis
2227 1211 2337 1247 quam
2362 1206 2510 1250 corpori-

1473 1249 1548 1286 bus.
1578 1252 1751 1288 Hetruria
1776 1261 1820 1289 ω’
1843 1250 1989 1286 Latium
2012 1251 2199 1297 compactos
2214 1277 2225 1293 ,
2247 1250 2311 1295 sed
2328 1252 2378 1287 ad
2399 1262 2500 1297 opera

1462 1301 1591 1348 forres.
1647 1302 1725 1340 Ubi
1756 1301 1923 1350 compacti
1956 1300 2108 1338 staturae
2142 1300 2286 1338 mediae
2316 1299 2396 1339 sunt
2419 1331 2431 1348 ‚
2468 1307 2508 1345 ὃς

1474 1363 1569 1402 quos
1591 1354 1788 1403 quadratos
1808 1352 1920 1401 paulo
1943 1351 2022 1400 post
2045 1351 2239 1400 appellavit
2258 1363 2266 1388 :
2294 1351 2386 1390 haec
2409 1350 2509 1395 enim

1474 1414 1630 1452 corpora
1652 1405 1830 1453 imprimis
1853 1402 2073 1451 probantur:
2103 1410 2143 1439 ut
2166 1404 2330 1440 maxime
2354 1407 2510 1445 nervosa

1475 1455 1512 1491 δε
1547 1453 1653 1492 firma
1677 1484 1686 1499 ,
1724 1455 1868 1492 artubus
1908 1455 2001 1491 inter
2034 1453 2068 1491 se
2102 1453 2212 1502 paulo
2243 1453 2372 1492 aretius
2395 1459 2510 1498 nexis,

1477 1505 1599 1543 Celsus
1623 1507 1706 1544 Lib.
1730 1506 1778 1543 II.
1802 1517 1878 1554 cap.
1899 1505 1926 1541 l.
1953 1510 2085 1554 Corpus
2107 1503 2357 1552 habilissimum
2381 1534 2392 1550 ‚
2420 1519 2510 1558 qua.

1475 1555 1619 1594 dratum
1635 1585 1644 1601 ,
1673 1570 1781 1607 neque
1799 1555 1930 1605 gracile
1953 1568 2060 1604 neque
2081 1555 2230 1605 obesum.
2284 1560 2383 1594 Nam
2404 1557 2508 1608 longa

1467 1604 1614 1653 statura
1639 1637 1649 1651 ‚
1686 1609 1795 1646 urin
1822 1608 1981 1657 juventa
2014 1607 2136 1644 decora
2167 1607 2211 1652 est
2237 1635 2247 1651 ‚
2280 1603 2328 1655 fic
2362 1620 2512 1648 matura

1469 1659 1646 1707 senectute
1667 1657 1873 1706 conficitur.-
1903 1656 2030 1707 gracile
2052 1668 2168 1707 corpus
2194 1658 2381 1706 infirmum
2396 1688 2407 1705 ,
2435 1663 2512 1700 obe-

1468 1708 1551 1758 sum
1585 1709 1684 1747 hebes
1715 1709 1771 1756 est.
1825 1709 1930 1748 Idem
1976 1709 2184 1748 Columella
2219 1709 2356 1749 eodem
2396 1712 2511 1759 loco..
2551 1717 2554 1719 ’

1474 1771 1578 1796 crura
1611 1763 1788 1810 compacta
1815 1772 1860 1801 ον
1893 1762 1987 1798 rena
2016 1763 2052 1798 in
2085 1760 2199 1799 bubus
2232 1761 2385 1810 probat:
2416 1776 2512 1811 quae

1476 1812 1675 1858 Palladius,
1694 1812 1814 1860 fhlida
1836 1842 1845 1858 ‚
1874 1814 2024 1860 nervosa
2048 1823 2092 1852 ⁶:7¹
2125 1811 2248 1850 brevia
2274 1812 2375 1851 dixit.
2405 1814 2510 1855 Haec

1477 1864 1624 1913 itaque,
1657 1866 1873 1914 compactum
1896 1871 2022 1901 notat:
2052 1866 2091 1903 ὃς
2114 1865 2162 1901 ita
2183 1863 2318 1902 ibidem
2343 1867 2508 1905 cervicem

1476 1917 1629 1964 torosam
1651 1927 1758 1964 atque
1778 1918 1994 1965 compaffam
2024 1916 2062 1952 in
2095 1914 2194 1953 bove
2221 1915 2354 1953 laudat.
2380 1917 2510 1955 Bucu-

1480 1978 1572 2004 nnn.
1612 1966 1804 2005 Mediceus
1829 1979 1837 2003 ε
1879 1964 2100 2015 compacido
2129 1974 2262 2016 corpore
2294 1977 2337 2006 ω’
2367 1967 2509 2018 robusto.

1478 2025 1659 2065 corrupte.

1526 2080 1554 2105 '2
1580 2067 1679 2118 Beffe.
1698 2066 1714 2117 ]
1745 2067 1899 2105 Duabus
1917 2068 2043 2105 tertiis.
2073 2068 2105 2105 C
2120 2081 2140 2104 A
2157 2082 2179 2106 τ
2195 2081 2216 2104 A
2232 2080 2268 2106 u.

1521 2130 1549 2165 ·3
1581 2120 1699 2156 Tertia
1720 2117 1861 2168 parte.]
1893 2118 2009 2162 Astis,
2036 2117 2074 2156 id
2098 2118 2146 2156 est
2168 2131 2214 2156 ex
2238 2121 2380 2159 triente.
2410 2121 2498 2160 Nam

1475 2169 1571 2208 beffe
1609 2172 1648 2209 ὅ(
1685 2170 1817 2208 triente
1854 2169 2020 2207 universa
2055 2169 2257 2209 haereditas
2295 2173 2500 2210 exhauritur.

1479 2220 1594 2259 Imm.

1526 2285 1549 2319 4
1576 2275 1671 2320 Qos
1695 2272 1871 2322 sanguine
1903 2270 2104 2322 attingit.]
2154 2272 2253 2312 Vide
2286 2274 2332 2313 ad
2365 2273 2499 2311 Lucan.

1480 2322 1561 2361 Lib.
1585 2324 1695 2361 VIII.
1718 2336 1768 2362 vs.
1790 2323 1873 2362 286.

1529 2445 1592 2454 —
1619 2424 1753 2474 obliquo
1789 2424 1953 2462 maculat
1975 2424 2036 2474 qui
2060 2424 2234 2475 sanguine
2255 2436 2421 2475 regnum,

1531 2481 1580 2514 Et
1603 2477 1783 2514 Numidas
1806 2477 1986 2525 contingit
2007 2489 2108 2515 avos.

1531 2592 1548 2627 ς
1580 2579 1703 2617 Aviae
1723 2578 1867 2617 delicate
1881 2607 1891 2624 ,
1916 2577 2014 2627 wa]
2036 2578 2216 2617 Nondum
2238 2578 2319 2614 satis
2338 2571 2501 2626 constitui

1483 2629 1690 2668 existimare
1721 2629 1876 2669 debeam
1901 2658 1911 2674 ,
1937 2640 2062 2667 annon
2084 2657 2094 2673 ‚
2131 2623 2301 2677 scripfiffe·
2318 2621 2500 2666 Plinium,

1475 2680 1678 2730 securtffime
1693 2709 1703 2726 ,
1731 2693 1809 2719 non
1824 2680 2055 2730 severissime,
2079 2682 2152 2717 hoc
2173 2673 2220 2710 cst
2243 2699 2259 2725 χ
2292 2680 2328 2707 ¹¹²
2357 2669 2500 2726 summa

1482 2730 1592 2768 ἀὲέικ
1627 2733 1664 2770 ὅ(
1698 2732 1873 2780 peccandi
1903 2729 2126 2778 impunitate.
2177 2725 2299 2776 Avme
2330 2719 2502 2775 (ieltcate,

1477 2773 1681 2832 fever'iffime
1715 2794 1789 2821 σε.
1813 2782 1828 2831 ]
1867 2779 2012 2818 Prodidi
2041 2773 2175 2827 dudum
2199 2769 2500 2825 insuspicronum

1483 2828 1604 2872 libellis
1627 2863 1637 2879 ‚
1664 2833 1861 2881 legendum
1885 2828 1996 2867 videri
2016 2852 2027 2867 ‚
2054 2832 2157 2857 “W'‘
2178 2819 2347 2875 delicatae
2370 2849 2380 2864 2
2398 2822 2502 2868 sevc-

1483 2884 1605 2933 riffime
1637 2896 1681 2924 ey·
1711 2894 1833 2920 tamen
1865 2880 1931 2927 obs.
1961 2883 2057 2913 nunc
2073 2869 2204 2913 testor,
2233 2879 2279 2907 ita
2303 2871 2440 2910 exstare
2461 2874 2499 2912 in

1483 2936 1649 2973 Palatino
1682 2930 1910 2978 exemplari,
1950 2921 2011 2961 mfi
2035 2920 2137 2969 quod
2161 2920 2259 2959 idern
2280 2921 2398 2959 adhuc
2421 2935 2501 2971 per.

1483 2986 1608 3023 scribat
1645 2979 1875 3031 severissimae
1920 2984 1964 3012 0*
2010 2983 2134 3010 tamen
2180 2971 2501 3021 obsequentiffimae.

1484 3035 1610 3072 Minus
1629 3032 1735 3069 reete.
1764 3028 1873 3064 Mens
1895 3025 1993 3063 enim
2016 3024 2063 3060 est
2077 3023 2178 3061 Plinii
2193 3053 2202 3068 ,
2215 3033 2390 3070 nepotem
2404 3025 2501 3064 hunc

1483 3083 1605 3120 severe
1634 3080 1828 3117 educatum
1861 3076 1922 3113 sub
1953 3076 2033 3112 avia
2057 3074 2229 3116 delicata,
2259 3075 2361 3121 quod
2384 3076 2498 3124 ipsum

1481 3133 1558 3172 satis
1591 3132 1766 3171 evincunt
1795 3127 1908 3167 verba
1929 3155 1941 3175 ,
1967 3137 2063 3178 quae
2093 3125 2212 3166 statim
2243 3123 2503 3176 subsequuntur

2373 3177 2500 3226 (pudet
