2616 3686
397 233 438 255 .-
503 196 867 262 'Linea
930 203 1038 253 1v.
1105 203 1678 254 EPISTOLA
1746 209 1813 256 11.

2154 221 2246 279 251'

144 303 469 364 enunciem‚
516 293 572 348 in
607 287 826 361 Regulo
860 284 1195 341 demerendo
1222 322 1239 348 ,
1302 283 1577 364 Regulum
1622 285 1913 340 imitantur.
1987 285 2170 343 Tenet
2195 294 2244 348 se
2284 304 2318 349 ,3-

147 376 283 435 trans
314 367 566 428 Tiberim
596 361 609 383 ¹
656 364 711 416 in
747 360 916 416 hortis
936 395 952 422 ‚
990 357 1046 412 in
1081 355 1272 429 quibus
1300 353 1608 410 latissimum
1632 356 1802 411 solum
1828 357 2122 427 porticibus
2145 361 2246 417 im-

143 445 360 508 mensiS,
393 443 563 512 ripam
585 433 760 490 statuis
783 431 884 487 suis
913 430 1227 501 occupavit:
1268 440 1330 483 ut
1371 426 1445 480 est
1467 426 1484 444 ²
1525 427 1580 480 in
1615 426 1816 482 summa
1853 430 2069 485 avaritia
2105 431 2243 489 sum-

181 517 388 578 tuosus,
424 515 480 567 in
500 511 701 566 summa·
723 503 939 559 infamia
963 501 1242 574 gloriosus

1320 498 1499 555 Vexat
1521 516 1654 570 ergo
1702 501 1975 554 civitatem
2013 503 2028 530 ³
2061 505 2243 561 insalu-
2284 522 2320 562 6

182 591 380 647 errimo
405 597 681 655 tempore,
714 577 770 630 &
798 573 949 648 quod
973 588 1162 637 vexat,
1200 574 1441 629 solatium
1471 584 1640 642 putat.
1666 572 1798 627 dicit
1825 573 1877 627 se
1903 572 2041 627 velle
2079 572 2243 629 duee-

144 681 203 720 re
242 673 505 717 uxorem:
557 652 662 707 hoc
697 661 916 721 quoque
937 685 952 711 ,
1007 647 1138 702 sicut
1173 648 1269 703 alia
1295 680 1310 706 ‚
1366 645 1627 716 perverse.
1651 644 1830 701 audies
1858 645 2008 700 brevi
2037 648 2242 715 nuptias
2285 656 2321 705 7

147 732 409 807 lugentis,
456 726 660 797 nuptias
699 721 868 776 senis:
919 736 1154 792 quorum
1204 720 1428 774 alterum
1454 754 1472 781 ‚
1536 717 1910 781 immaturum,
1947 720 1966 744 ⁴
1990 717 2239 782 alterum,

148 800 318 862 serum
341 802 430 856 est.
470 793 627 852 Unde
651 794 753 846 hoc
782 809 1046 864 augurer,
1085 792 1324 864 quaeris?
1365 805 1475 843 non
1505 790 1629 861 quia
1652 789 1883 845 affirmat
1912 789 2053 860 ipse,
2093 795 2241 862 (quo
2290 789 2321 851 8,

149 871 448 934 mendacius
469 868 596 923 nihil
623 865 737 930 est)
761 864 850 918 sed
875 866 999 933 quia
1025 877 1236 921 certum
1263 861 1340 918 est
1369 861 1646 932 Regulum
1664 862 1766 918 effe
1779 862 2039 919 saetarum
2055 901 2072 929 ‚
2095 863 2248 937 quic:
2301 914 2312 922 ,,

147 948 276 1024 quid
302 943 414 1000 fieri
444 958 556 1000 non
579 949 812 1012 oportet.
850 937 1002 992 Vale.

231 1067 1009 1164 '111.C.'P1.'1nius
1084 1119 1098 1146 ⁵
1178 1067 1728 1158 Aurosriuo
1812 1098 1992 1157 Suo
2068 1100 2122 1155 S.

190 1381 212 1422 ἰ
243 1385 287 1419 In
309 1380 460 1432 hortis.]
491 1383 566 1421 Rus
584 1382 710 1421 habuit
732 1380 893 1428 Regulus
913 1387 1010 1418 trans
1040 1377 1155 1417 Tibe-

142 1434 212 1472 rim
241 1433 287 1471 ad
313 1435 463 1470 tertium
493 1434 652 1481 lapidem
674 1460 685 1477 ,
721 1432 768 1470 ad
799 1432 889 1468 haec
919 1431 956 1469 in
978 1430 1160 1473 Umbria,

143 1481 328 1527 Thuscia‚
356 1483 558 1526 Thusculi,
585 1483 712 1520 auctor
734 1481 921 1518 Martialis.
951 1481 1106 1518 Cau-An.

191 1546 212 1571 2
243 1540 283 1570 1n
299 1534 446 1581 summa
467 1532 633 1569 avaritia
647 1529 880 1580 sumptuosus.
908 1528 925 1577 ]
954 1530 1076 1567 Acute
1104 1529 1158 1566 di-

143 1582 246 1620 Cium
278 1584 446 1631 quamvis
479 1582 578 1620 fatue
607 1581 780 1618 videatur.
834 1577 933 1615 Nam
966 1580 1005 1616 in
1035 1579 1157 1621 multis

142 1633 271 1671 accidit
292 1632 452 1681 aliquem
475 1629 545 1669 esse
562 1641 715 1668 avarum
745 1658 756 1674 ‚
781 1630 819 1667 in
840 1628 1014 1677 aliquibus
1036 1629 1159 1678 prodi-

143 1691 256 1731 gum:
276 1693 369 1732 quae
393 1693 478 1719 cum
500 1680 698 1729 turpiffima
719 1680 873 1729 separata
891 1679 970 1716 sunt
983 1707 994 1723 ,
1020 1681 1157 1728 turpius

143 1741 272 1772 tamen
288 1734 498 1780 junguntur.
537 1732 650 1768 loen.
687 1730 828 1768 Ultima
851 1727 1023 1766 desumiit
1051 1731 1159 1768 Cata-

144 1792 255 1821 naeus
294 1795 339 1820 ex
374 1783 456 1820 Lib.
487 1781 534 1819 II.
566 1781 671 1830 Epist.
703 1781 772 1820 VI.
792 1787 880 1818 extr.
901 1779 961 1817 ubi
982 1780 1028 1817 de
1049 1779 1155 1822 simili

146 1832 370 1872 diversorum
396 1834 567 1871 vitiorum
589 1831 754 1871 societate
774 1831 916 1870 locutus
938 1828 986 1868 est
999 1858 1010 1875 ‚
1038 1832 1157 1872 &nos

143 1882 270 1921 locum
304 1883 583 1920 memorabilem
614 1884 812 1922 citavimus.
857 1879 1080 1920 Mediceus:
1116 1885 1156 1922 in

140 1929 286 1980 summa
306 1933 460 1978 infamia
482 1934 628 1972 avaritia
644 1931 817 1982 gloriosus.
838 1930 977 1970 vitiose.

201 1994 218 2031 3
252 1982 548 2069 Indsaluberrimo
579 1982 772 2031 tempores]
809 1981 974 2030 Trajano
1009 1986 1154 2033 optimo

150 2041 263 2079 remp.
276 2043 294 2068 a
326 2031 551 2071 ministrante.
571 2034 722 2071 Cum.
738 2038 778 2069 In
785 2030 1016 2081 saluberrimo
1029 2036 1152 2086 ‚cv-c]

149 2082 349 2121 Catinaeus
362 2082 634 2132 saluberrimum
656 2092 786 2133 tempus
802 2111 813 2128 ‚
838 2082 885 2120 ad
895 2083 1154 2134 TraJaniprin-

148 2131 307 2178 ciparum
338 2132 476 2172 refert:
513 2135 575 2183 qui
607 2136 746 2182 optime
769 2161 780 2178 ,
814 2141 896 2171 tum
927 2133 1153 2176 saluberrime

148 2181 240 2218 Rem
259 2213 279 2236 .·
302 2182 569 2222 administrabat.
599 2184 724 2223 Sensus
745 2185 851 2233 igitur
873 2183 922 2222 est
946 2197 955 2221 :
983 2186 1152 2224 nondum

148 2230 244 2268 desiit
263 2247 281 2270 c
316 2235 496 2281 Regulum
526 2235 711 2273 civitatem
742 2245 875 2272 vexare
898 2262 909 2279 ,
948 2235 1058 2273 etiam
1090 2237 1153 2275 sub

147 2283 291 2329 optimo
313 2284 494 2333 Principe:
521 2284 622 2334 quod
643 2285 703 2322 sub
714 2284 870 2333 pessimis
882 2297 1034 2335 quoque
1045 2294 1129 2325 ante
1143 2316 1153 2332 ,

147 2340 187 2371 ut
209 2333 268 2370 sub
290 2334 440 2372 Nerone
463 2337 501 2373 ὅ(
523 2335 740 2373 Domitiano
764 2361 775 2380 ,
813 2333 1080 2382 flagitiofiffime
1103 2337 1156 2374 fe-

148 2392 245 2420 cerat
268 2412 278 2428 ,
307 2383 352 2422 de
400 2396 451 2421 uo
485 2383 615 2422 Noster
648 2385 728 2423 Lib.
761 2385 787 2422 1.
808 2384 917 2434 Epist.
939 2386 988 2421 V.
1013 2387 1052 2422 &
1075 2386 1155 2424 Lib.

147 2430 214 2470 VI.
237 2433 268 2470 E
297 2435 342 2472 ist.
366 2434 380 2472 1
407 2465 413 2472 .
435 2437 473 2473 δε
497 2435 647 2486 Tacitus
664 2435 731 2473 IV.
764 2434 852 2473 Hist.
885 2434 1010 2472 XLII.
1063 2437 1158 2483 Qui-

149 2478 231 2519 dam
281 2485 413 2522 'odices
436 2514 447 2530 ,
473 2485 763 2533 insaluberrimo,
787 2484 946 2529 habent,
988 2485 1091 2533 quod
1113 2487 1158 2524 ad

149 2535 232 2571 anni
249 2535 379 2571 horam
403 2536 535 2573 referre
557 2536 662 2580 licet,
690 2547 766 2586 quo
789 2535 956 2573 discursus
991 2538 1029 2572 ὃς
1049 2535 1160 2573 'labor

151 2591 226 2619 non
256 2583 427 2622 molestus
456 2585 574 2622 modo
598 2615 608 2630 ,
644 2586 705 2625 sed
729 2588 767 2625 &
792 2586 1002 2633 corporibus
1030 2587 1160 2626 noxius

157 2629 247 2672 esset.
298 2634 353 2672 Ut
383 2647 447 2683 per
478 2635 647 2674 aestatem
673 2665 684 2681 ,
731 2648 826 2686 quae
859 2636 1003 2673 Romae
1037 2639 1160 2683 gravis.

156 2674 199 2734 111
219 2695 265 2721 eo
285 2687 384 2723 enim
408 2685 561 2723 vexabat
593 2688 778 2725 civitatem
810 2686 968 2732 Regulus
995 2715 1005 2730 ‚
1033 2687 1134 2734 quod
1151 2716 1162 2732 ,

161 2737 242 2769 tum
261 2735 299 2782 in
316 2734 428 2774 hortis
448 2745 543 2774 trans
566 2736 733 2776 Tiberim
754 2744 895 2774 teneret
916 2735 948 2773 se
964 2764 975 2780 ,
1004 2737 1162 2785 pluribus

162 2777 397 2824 heeeffitatem
426 2788 634 2834 imponeret
662 2800 710 2825 eo
734 2799 778 2825 ex
806 2786 894 2823 urbe
916 2786 1163 2835 proficiscendi

169 2834 243 2865 non
260 2829 331 2871 sine
350 2835 509 2873 molestia
533 2838 570 2874 ὃς
593 2837 815 2877 detrimento
838 2836 1052 2875 valetudinis
1076 2866 1086 2882 ‚
1125 2846 1164 2876 ut

172 2874 470 2940 adeffenttlugenti
490 2914 501 2929 ,
534 2888 801 2937 probarentque
825 2885 987 2925 officium
1014 2917 1024 2932 ,
1051 2899 1165 2938 quem

175 2934 219 2960 ⁸¹
239 2937 434 2982 propinquo
453 2936 550 2974 adire
571 2947 648 2975 non
670 2946 836 2988 poterant
850 2967 859 2982 ‚
889 2941 927 2976 &
945 2946 1069 2977 tamen
1092 2939 1168 2976 adi·

177 2982 214 3009 10
228 3001 239 3018 ι
260 2982 425 3029 tmquam
457 2986 605 3026 obnoxii
628 3017 638 3033 ‚
675 2988 815 3028 necess'e
836 2988 1026 3028 habebant.

2068 1231 2248 1290 Unice

1229 1375 1317 1417 &im
1335 1377 1537 1426 legendum
1556 1377 1823 1430 insaluberrimo
1836 1405 1848 1423 ‚
1874 1377 1913 1417 ὅτ
1925 1372 2190 1425 accipiendum
2201 1373 2249 1430 tle

1229 1429 1315 1466 anni
1354 1436 1525 1479 tempore
1549 1458 1561 1476 ‚
1599 1437 1724 1467 contra
1756 1439 1870 1478 quam
1903 1427 2113 1464 Catari-aeus
2152 1424 2250 1462 fecit.

1231 1479 1448 1518 Sensum.
1473 1480 1523 1517 Et
1542 1480 1590 1518 sic
1610 1479 1690 1518 libri
1711 1479 1834 1516 nostri.

1279 1540 1302 1574 4
1319 1528 1527 1575 Alterum,
1546 1530 1666 1580 strum
1689 1527 1774 1578 est.]
1804 1528 1953 1566 Ducere
1973 1533 2133 1565 uxorem
2147 1525 2185 1564 in
2196 1521 2251 1564 sel

1229 1579 1395 1618 neftute-
1416 1580 1479 1618 An
1500 1582 1621 1630 potius
1641 1581 1764 1629 lugere
1785 1577 1903 1617 filium
1915 1574 2082 1615 amiffum
2098 1603 2111 1620 ,
2137 1582 2253 1625 quem

1230 1628 1402 1668 debuerat
1423 1633 1592 1669 amittere
1613 1640 1698 1669 ante
1721 1628 2059 1677 emancipationem
2081 1625 2140 1664 vel
2151 1632 2255 1664 ante-

1228 1690 1340 1726 quam
1373 1679 1476 1718 fieret
1506 1682 1632 1719 haeres
1657 1679 1673 1717 ἓ
1722 1680 1815 1718 Non
1844 1687 2014 1725 auguror.
2053 1676 2160 1714 Cri-r
2177 1682 2253 1714 au.

1227 1729 1393 1777 Ambigit
1418 1730 1622 1769 Catanaeus
1647 1759 1659 1776 ‚
1695 1741 1742 1767 an
1765 1727 1811 1767 de
1832 1729 1966 1777 nuptiis
1985 1727 2141 1775 lugentis
2164 1754 2177 1771 ,
2204 1736 2253 1766 an

1225 1779 1314 1818 senis
1337 1780 1466 1819 debeat
1487 1782 1648 1830 intelligi.
1678 1780 1749 1818 Sed
1768 1780 1889 1828 palam
1912 1777 1984 1822 est,
2007 1778 2067 1814 vel
2091 1789 2138 1815 ex
2150 1787 2253 1825 prae-

1226 1829 1369 1868 cedenti
1388 1860 1400 1876 ,
1439 1831 1484 1870 de
1516 1834 1649 1882 nuptiis
1680 1831 1772 1869 senis
1803 1830 1918 1878 accipi
1950 1829 2092 1866 debere.
2148 1828 2251 1867 Nam

1224 1880 1442 1920 immaturae
1464 1885 1613 1933 nuptiae
1635 1883 1725 1921 senis
1746 1891 1823 1918 non
1846 1878 1991 1930 poffunt
2005 1878 2086 1916 dici.
2114 1883 2252 1916 Imma·-

1225 1941 1349 1968 turum
1382 1932 1432 1970 est
1454 1961 1465 1978 ,
1502 1934 1605 1983 quod
1623 1931 1784 1971 necdum
1804 1930 1851 1969 ad
1873 1930 2122 1968 maturitatem
2154 1929 2255 1968 suam

1225 1984 1424 2030 pervenit,
1459 1983 1658 2033 quomodo
1690 1983 1837 2031 nuptiae
1868 1981 1960 2019 senis
1992 1991 2072 2018 non
2105 1977 2254 2028 possunt

1227 2030 1299 2069 dici
1319 2034 1548 2073 immaturae.
1604 2035 1657 2072 At
1679 2035 1827 2082 nuptiae
1847 2031 2003 2080 ingenus
2027 2059 2038 2076 ,
2074 2031 2158 2079 quia
2191 2042 2257 2080 per

1227 2081 1368 2121 lustum
1399 2093 1545 2134 tempus
1577 2084 1746 2123 nondum
1770 2091 1845 2121 erat
1868 2089 2056 2119 maturum
2081 2080 2256 2120 faciendis

1229 2134 1360 2182 nuptiis
1374 2162 1385 2179 ,
1411 2134 1470 2173 sed
1492 2135 1644 2173 debebat
1663 2135 1807 2182 longius
1840 2130 1983 2171 differri.
2038 2132 2256 2171 Scnzrran.

1232 2188 1456 2223 Immaturae
1479 2187 1517 2223 &
1538 2187 1647 2224 nimis
1675 2183 1860 2223 festinatae
1893 2184 2041 2230 nuptiae
2072 2182 2253 2228 lugentis,

1259 2235 1430 2273 uomodo
1448 2237 1687 2273 immaturum
1708 2232 1977 2271 matrimonium
1998 2239 2151 2268 vocatur
2164 2231 2258 2279 Leg.

1256 2312 1262 2320 .
1298 2284 1393 2322 Cod.
1427 2286 1472 2323 de
1508 2286 1649 2323 secund.
1671 2292 1773 2331 nupt.
1796 2282 1898 2333 quod
1920 2284 2012 2319 intra
2035 2289 2178 2329 tempus
2200 2281 2255 2319 lu-

1235 2332 1311 2371 etus
1331 2345 1352 2371 a
1375 2334 1512 2373 femina
1525 2335 1748 2373 contrahitur
1763 2361 1773 2377 ,
1796 2331 1898 2381 quod
1922 2331 2124 2369 observavit
2146 2331 2258 2370 Cuia-

1235 2383 1308 2419 cius
1332 2383 1463 2431 Expos.
1486 2385 1633 2422 Novell.
1653 2383 1774 2420 XXII.
1792 2391 1871 2431 pag.
1910 2393 1990 2430 575.
2043 2387 2144 2419 Serae
2173 2381 2255 2420 sunt

1234 2434 1382 2481 nuptiae
1402 2434 1514 2479 senis,
1542 2435 1587 2471 de
1609 2445 1681 2482 qua
1704 2441 1800 2470 voce
1823 2433 1962 2480 egimus
1993 2431 2040 2469 ad
2072 2432 2153 2470 Lib.
2188 2430 2256 2470 ΙΙΙ.

1235 2481 1341 2568 Ibslpist.
1364 2483 1392 2520 I.
1414 2495 1449 2520 n.
1470 2496 1504 2521 2.
1530 2483 1668 2533 Qibus
1691 2482 1863 2531 industria
1885 2481 1958 2520 sera
1982 2510 1993 2527 ‚
2031 2483 2144 2532 turpis
2177 2493 2258 2531 am-¹

1258 2535 1318 2570 itio
1341 2534 1396 2581 est.

1289 2597 1305 2631 ς
1337 2585 1533 2623 Antonino.
1556 2582 1572 2632 J
1612 2585 1701 2622 Non
1721 2584 1888 2622 Adriano
1910 2583 2069 2622 scribitur
2088 2583 2260 2631 epistola}

1239 2633 1298 2671 sed
1333 2639 1385 2671 M.
1409 2635 1520 2672 Arrio
1553 2636 1763 2680 Antonino,
1801 2634 1981 2672 Antonini
2011 2634 2063 2672 Pii
2084 2644 2157 2671 avo
2180 2646 2260 2672 ma-

1239 2692 1345 2721 terno
1359 2714 1370 2730 ‚
1397 2696 1415 2721 a
1439 2697 1516 2732 quo
1538 2685 1596 2723 sua
1620 2688 1779 2724 carmina
1801 2684 1894 2732 diligi
1918 2684 2092 2722 Martialis
2114 2684 2260 2722 testatur

1241 2736 1337 2782 apud
1372 2736 1546 2774 Atticum.
1602 2736 1677 2774 Hic
1709 2738 1815 2784 igitur
1848 2735 1943 2780 Julio
1980 2733 2192 2783 Capitolino
2220 2735 2260 2772 &

1243 2786 1430 2833 Spartiano
1463 2786 1701 2824 referentibus
1726 2814 1736 2830 ‚
1773 2787 1823 2823 bis
1861 2784 1998 2822 Consul
2022 2784 2113 2828 suit,
2138 2786 2261 2822 homo

1243 2836 1380 2873 lintius
1395 2864 1405 2879 ,
1433 2839 1471 2874 ὅ(
1493 2838 1556 2885 qui
1581 2836 1746 2874 Nervam
1770 2834 1951 2873 miseratus
1972 2834 2044 2879 est,
2072 2835 2174 2884 quod
2191 2836 2262 2872 irn-

1245 2898 1368 2935 perare
1391 2887 1573 2936 coepillet.
1602 2887 1685 2926 Scio
1706 2889 1743 2925 in
1766 2885 1976 2936 quibusdam
1999 2885 2262 2934 exemplaribus

1249 2939 1316 2983 legi
1347 2939 1439 2976 lianc
1470 2937 1656 2986 epistolam
1699 2937 1866 2974 Adriano
1889 2964 1900 2981 ‚
1949 2946 2028 2972 non
2075 2936 2263 2973 Antonino

1080 2990 1169 3027 Hoc
1248 2987 1411 3036 scriptam
1427 3016 1437 3033 ‚
1465 2987 1528 3026 etsi
1550 2999 1595 3025 ex
1616 2986 1828 3024 testimonio
1850 2985 2054 3034 praesertim
2089 2987 2262 3035 Spaniam·

179 3021 227 3060 “st
240 3052 250 3068 ’
275 3030 372 3083 quod
391 3036 493 3080 Pwlo
515 3046 597 3077 ante
610 3038 699 3079 dixit
710 3040 829 3080 noster
845 3053 852 3077 :
882 3041 1107 3078 Convenitur
1120 3042 1170 3076 ad
1249 3039 1378 3076 scimus
1393 3067 1402 3082 ,
1419 3040 1519 3077 iilum
1543 3035 1644 3075 fuiffe
1664 3037 1913 3075 doctissimum
1928 3037 1964 3073 ὃς
1979 3045 2132 3085 utraque
2142 3037 2261 3082 lingua

177 3087 257 3113 eum
278 3087 368 3117 ''m‘'
387 3082 568 3131 &ebrum
582 3117 593 3136 ,
618 3100 690 3130 υτ.
715 3089 927 3143 Euenum.
960 3091 1070 3132 Plane
1092 3092 1172 3130 iun-

1252 3091 1414 3130 carmina
1434 3086 1598 3177 scripfiflse
1611 3116 1622 3131 ,
1641 3097 1769 3127 tamen
1788 3089 1856 3127 hac
1879 3086 2105 3136 potissimum
2125 3086 2263 3124 ratione

1590 3151 1601 3177 i
1626 3151 1646 3177 z
2190 3143 2267 3178 non
