2616 3686
394 209 1071 283 FABRICIUS
1134 186 1753 273 BlssLloTH.
1828 207 2242 279 LAT1N.

1051 391 1156 444 Lib.
1193 391 1254 438 11.
1292 403 1392 454 cap.
1430 388 1579 438 XXII.

309 616 318 625 .
357 575 703 623 C.P1.1N1us
741 572 770 617 S
797 583 1137 619 Ecunnus
1187 566 1327 615 CAE
1354 581 1613 616 crL1us
1663 563 1738 630 (a)
1777 584 1835 617 ex
1875 569 2026 617 Novo
2061 571 2210 620 Como
2242 575 2405 623 Italiae

220 587 677 752 ITranspadanae
714 637 914 698 oppido,
951 634 1154 681 Plinium
1185 633 1422 696 Majorem
1454 633 1738 680 avunculum
1762 671 1775 692 ‚
1834 634 2204 702 Quinetilianum
2235 637 2286 686 &
2316 640 2408 688 Ni-

312 702 463 754 cetam
486 702 746 767 Sopliistam
770 704 1104 762 Praeceptores
1125 736 1138 758 ,
1175 698 1336 745 habuit
1358 736 1372 757 ‚
1419 697 1728 746 disertiffimus
1751 699 1799 745 in
1830 699 1934 747 foro
1966 701 2218 750 caussarum
2251 716 2406 764 patro.-

218 787 328 821 nus:
366 772 505 818 variis
537 769 815 824 honoribus,
853 765 1003 828 iisque
1026 764 1240 812 maximis
1267 761 1343 827 (b)
1372 764 1420 810 in
1440 764 1644 827 Republ.
1679 763 1844 826 gestis,
1882 766 2157 828 Imperatori
2196 768 2407 830 Trajano

218 837 465 884 cariffimus
499 833 655 883 obiisse
690 832 882 879 videtur
909 829 1153 893 postremis
1185 830 1317 877 annis
1351 829 1451 892 ejus
1485 828 1685 891 imperii.
1757 830 1954 881 Morum
1989 833 2086 896 ejus
2119 833 2406 897 probitatem

214 902 307 949 hoc
331 903 463 949 versu
494 901 541 947 in
565 896 959 960 hendecasyllabis
982 895 1068 942 suis
1091 893 1346 942 celebravit
1381 894 1569 942 Sentius
1595 894 1866 957 Augurinus
1894 892 1969 957 (c)

893 962 975 1008 Ille
1001 979 1029 1008 0
1053 961 1227 1008 Plinius
1250 998 1263 1017 ‚
1299 961 1371 1005 ille
1404 968 1504 1020 quot
1528 961 1733 1007 Catones!

212 1034 380 1081 Vitam
419 1031 555 1080 Plinii
585 1028 689 1093 post
725 1030 1045 1084 Catanaeum,
1094 1024 1446 1089 Lycosthenem
1468 1063 1481 1084 ‚
1528 1025 1894 1073 Rittershusium
1931 1024 1982 1074 ἃ
2023 1022 2407 1090 Christophorum

214 1099 464 1146 Cellarium
490 1095 781 1159 consignavit
805 1093 970 1140 Saffius
1003 1091 1207 1138 Gallicus
1235 1091 1462 1153 interpres
1486 1128 1499 1149 ‚
1549 1090 1599 1139 ἅ
1640 1090 1986 1154 diligentissime
2024 1092 2230 1153 Joannes
2274 1095 2407 1142 Mas-

210 1163 314 1222 son,
351 1162 429 1226 (d)
455 1179 480 1210 a
511 1179 603 1225 quo
633 1161 803 1222 scripta
830 1158 971 1205 Plinii
992 1157 1117 1215 Vita,
1157 1155 1208 1204 ἅ
1229 1172 1313 1218 per
1337 1172 1483 1203 annos
1512 1155 1687 1219 digesta
1710 1156 1908 1204 editioni
1934 1156 2195 1204 Oxonienfi
2224 1158 2409 1221 Episto-

212 1230 356 1275 larum
380 1227 429 1275 <Sc
453 1226 731 1290 Panegyrici
763 1239 834 1271 an.
878 1238 1016 1284 1703.
1059 1232 1100 1277 8.
1138 1221 1458 1284 praemittitur
1477 1221 1903 1284 ‚-locupletiorque
1925 1220 2101 1283 prodiit
2136 1222 2308 1271 deinde
2341 1224 2406 1271 se·

206 1294 406 1355 paratim
428 1291 685 1340 Amstelod.
729 1304 867 1350 1709.
909 1297 949 1343 8.
990 1287 1286 1351 Castigantur
1317 1287 1366 1333 in
1392 1287 1481 1334 hac
1506 1286 1606 1333 vita
1637 1288 1861 1334 nonnulla
1896 1286 2065 1334 tradita
2099 1289 2155 1335 ab
2190 1288 2406 1336 Antonio

207 1360 319 1422 Pagi
352 1359 398 1406 in
426 1359 600 1405 Critica
630 1355 894 1402 Baroniana
920 1352 970 1402 &
993 1355 1049 1400 ab
1075 1353 1143 1400 H.
1176 1352 1425 1400 Dodwel'lo
1447 1352 1496 1398 in
1521 1352 1779 1400 Annalibus
1803 1352 2025 1399 Statianis
2051 1350 2101 1398 δέ
2130 1352 2406 1419 Quinffilia-

207 1425 306 1471 neis
328 1462 340 1482 ‚
380 1441 404 1472 a
431 1441 522 1487 quo
546 1422 594 1470 ἃ
620 1420 716 1483 ipso
748 1420 853 1468 viro
884 1416 1275 1482 praestantissimo
1309 1417 1516 1465 Annales
1540 1417 1775 1464 Plinianos
1807 1415 2192 1479 exspefftavimus.
2269 1419 2406 1466 Plinii

205 1489 354 1537 vitam
377 1505 485 1536 ante
507 1492 741 1552 Joannem
773 1484 1042 1532 Massonum
1067 1483 1304 1545 descripsit
1327 1483 1470 1531 etiarn
1490 1520 1502 1541 ‚
1541 1498 1596 1529 ac
1617 1498 1700 1545 per
1724 1498 1869 1530 annos
1904 1481 1954 1530 δε
1982 1483 2190 1531 consules
2225 1483 2407 1548 digessit

204 1556 402 1618 Jacobus
431 1555 488 1602 de
526 1555 567 1600 la
599 1554 757 1599 Baune
799 1552 843 1597 S.
882 1552 921 1613 J.
958 1549 1293 1612 praemisitque
1335 1548 1475 1595 Plinii
1509 1548 1803 1611 Panegyrico
1849 1547 1897 1594 in
1932 1546 2061 1594 usum
2092 1549 2323 1611 Delphini
2355 1548 2406 1595 il-

202 1620 393 1668 lustrato
421 1620 562 1667 Paris.
602 1622 738 1678 1677.
778 1632 821 1676 4.
864 1615 1109 1662 'fabellam
1136 1652 1148 1673 ‚
1197 1630 1286 1678 qua
1325 1613 1519 1661 stemma
1546 1613 1684 1660 Plinii
1716 1611 1768 1660 &
1808 1612 2000 1674 cognati
2028 1614 2128 1674 ejus
2164 1628 2407 1676 exponun-

203 1699 306 1743 tur,
343 1685 452 1733 vide
489 1686 541 1732 sis
580 1684 626 1730 in
663 1683 755 1728 Th.
795 1680 1005 1728 Reinesii
1039 1679 1184 1741 Epist.
1220 1681 1355 1728 LIV.
1391 1679 1448 1725 ad
1482 1680 1749 1740 Rupertum
1781 1693 1829 1738 p.
1865 1691 1976 1737 503.
2011 1677 2329 1726 Alexandrum
2367 1679 2406 1727 Ι.

200 1751 378 1813 Papam
402 1750 478 1797 sub
507 1748 644 1796 Plinii
675 1746 873 1810 junioris
901 1743 951 1792 &
977 1745 1212 1792 Plutarchi
1244 1744 1486 1807 disciplina
1513 1741 1788 1790 instrut‘itum
1817 1741 1950 1788 fuiffe
1983 1741 2032 1787 in
2054 1743 2220 1791 litteris
2244 1780 2257 1801 ,
2304 1745 2402 1791 nul-

205 1833 250 1863 io
276 1816 370 1862 fide
395 1815 539 1878 digno
571 1811 760 1862 austore
786 1811 983 1859 traditur
1012 1810 1061 1857 in
1091 1810 1303 1873 Prosperi
1335 1809 1576 1858 Mandofii
1606 1808 1879 1858 Biblotheca
1913 1808 2130 1865 Romana
2165 1810 2303 1856 Tom.
2341 1810 2404 1859 ΙΙ.

243 1916 252 1926 .
291 1895 351 1926 20
388 1918 398 1927 .

202 1897 234 1943 p
264 1947 323 1992 II.
358 1896 562 1992 {Exstant
587 1946 686 2008 ejus
719 1941 1035 2004 Epistolarum
1071 1940 1240 1989 florida
1270 1940 1602 2005 ingeniosaque
1639 1940 1872 2003 elegantia
1902 1938 2151 2003 insignium
2183 1939 2286 1988 libri
2321 1940 2404 1989 de-

198 2027 329 2069 cern,
368 2026 566 2074 quorum
596 2009 784 2056 ultimus
817 2007 1034 2070 epistolas
1071 2007 1269 2070 Trajani
1293 2006 1344 2054 ὃς
1368 2007 1507 2054 Plinii
1542 2018 1726 2053 mutuas
1760 2007 1817 2054 de
1845 2008 1979 2053 rebus
2016 2005 2288 2068 gravissimis
2325 2005 2402 2070 (e)

199 2076 389 2140 scriptas
415 2074 767 2140 complebtitur²
807 2071 858 2121 &
889 2072 1095 2122 Conradi
1119 2072 1422 2124 Rittersliuffi
1457 2072 1810 2125 commentariis
1843 2068 2092 2120 illustratus
2127 2069 2191 2118 est
2215 2106 2230 2128 ,
2285 2086 2404 2186 quiae

2358 2153 2406 2186 e-

1328 2270 1427 2320 Opp.
1454 2268 1616 2309 Postum.
1656 2268 1847 2308 Videndus
1867 2268 1974 2307 etiam
2007 2266 2169 2306 Norifius
2194 2268 2230 2306 in
2250 2266 2407 2317 Epistola

1327 2322 1371 2358 ad
1392 2321 1600 2359 Antonium
1621 2321 1702 2368 Pagi
1727 2320 1847 2358 Tom.
1873 2319 1940 2357 IV.
1968 2320 2069 2368 Opp.
2094 2331 2128 2368 p.
2156 2330 2240 2365 777.
2265 2319 2336 2369 se'q.
2365 2321 2404 2357 ὅτ.

1331 2371 1417 2421 785.
1443 2374 1505 2421 qui
1535 2371 1748 2409 illustrissimi
1770 2368 1979 2419 Asaphenfis
2002 2370 2148 2419 Lloydii
2171 2371 2328 2408 Annales
2349 2369 2408 2408 lit-

1328 2430 1484 2459 terarum
1508 2422 1608 2460 Plinii
1633 2420 1877 2471 dispositioncs
1900 2432 2016 2458 meras
2043 2420 2114 2459 effe
2144 2420 2382 2459 divinationes
2391 2445 2413 2464 μ

1329 2473 1415 2511 nulli
1437 2481 1653 2521 argumento
1668 2473 1829 2510 subnixas
1848 2480 1961 2510 notat.
1987 2483 2020 2521 p.
2051 2472 2138 2517 782.

1378 2526 1430 2572 (c)
1458 2525 1509 2562 lta
1533 2525 1628 2571 apud
1644 2523 1798 2561 Plinium
1812 2522 1889 2560 Lib.
1915 2523 1984 2560 IV.
2011 2522 2119 2571 Epist.
2138 2520 2295 2558 XXVII.
2318 2520 2407 2569 legit

1329 2575 1410 2612 [xic.
1437 2573 1605 2612 Heinsius
1621 2574 1667 2612 ad
1687 2574 1799 2611 Ovid.
1825 2573 1913 2610 Her.
1942 2574 2050 2621 Epist.
2078 2584 2137 2610 vr.
2163 2582 2215 2609 γε.
2245 2581 2326 2616 117.

1377 2624 1433 2671 (d)
1463 2625 1557 2663 At‘ia
1591 2624 1826 2662 Eruditorum
1857 2634 1914 2661 an.
1945 2633 2053 2669 1704.
2089 2634 2122 2671 p.
2165 2621 2247 2660 182.
2280 2622 2319 2659 ὅ(
2345 2631 2402 2659 an.

1328 2685 1438 2722 1709.
1491 2705 1495 2711 .
1553 2686 1611 2720 72.

1375 2727 1428 2774 (e)
1455 2686 1496 2762 Ilii
1526 2687 1650 2774 {rimis
1683 2730 1811 2761 notatu
1842 2723 1947 2773 digna
1972 2723 2117 2773 epistola
2146 2720 2303 2762 XCVII.
2337 2731 2403 2758 cu-

1316 2775 1378 2823 jus
1409 2776 1652 2814 Tertullianus
1677 2775 1715 2813 in
1746 2776 1993 2824 Apologetico
2030 2785 2107 2822 cap.
2143 2774 2197 2811 11.
2232 2771 2403 2810 Eusebius

1323 2826 1387 2864 ΙΙΙ.
1421 2838 1478 2877 ¹3·
1517 2826 1667 2864 Orosius
1697 2827 1777 2865 Lib.
1816 2826 1899 2865 Vll.
1933 2836 1964 2863 c.
2000 2823 2107 2863 VIII.
2138 2822 2276 2862 Paullus
2312 2821 2402 2859 Dia·

197 2879 410 2926 potestatem
439 2881 623 2926 (civilem)
641 2879 814 2918 diversam
836 2878 937 2918 fuisse
957 2879 998 2916 ab
1016 2878 1170 2926 imperio
1182 2890 1270 2916 con·
1321 2888 1458 2922 conus,
1484 2877 1665 2926 Syncellus
1686 2905 1697 2922 ,
1723 2877 1852 2925 aliique
1878 2875 2144 2918 meminerunt,
2171 2875 2208 2910 in
2228 2883 2297 2921 qua
2331 2872 2407 2910 Pli-

196 2929 297 2968 sulari
328 2930 529 2975 (militari).
565 2932 684 2968 Etiam
716 2929 899 2968 consulem
923 2929 1025 2967 fuiffe
1057 2929 1194 2966 conflat
1222 2941 1268 2967 ex
1321 2928 1399 2966 nius
1424 2940 1469 2966 ex
1497 2928 1717 2976 Imperatore
1733 2934 1835 2975 rogat
1858 2951 1871 2971 ‚
1905 2924 2097 2975 quomodo
2119 2935 2204 2961 cum
2236 2922 2402 2960 Christia-

197 2981 302 3029 ipsius
324 2981 557 3028 Panegyrico,
596 2981 696 3018 Licet
716 2982 815 3017 enim
837 2991 857 3016 a
880 2981 1026 3022 Dione,
1055 2979 1270 3017 Cassiodoro
1294 2971 1375 3161 ὶῃὶς
1392 2978 1574 3027 agendum
1598 2977 1640 3015 fit
1660 3005 1670 3022 ,
1705 2979 1742 3015 in
1772 2976 1898 3026 quibus
1918 2982 2054 3024 praeter
2079 2973 2309 3012 inflexibilem
2333 2974 2399 3011 ob-

245 2275 298 2324 (a)
329 2274 360 2312 A
382 2273 538 2323 Josepho
558 2273 736 2321 Scaligero
755 2278 907 2310 vocatur
927 2276 970 2310 C.
997 2270 1131 2310 Plinius
1153 2274 1275 2308 Secun-

196 2327 260 2364 dus
281 2326 501 2366 Caecilianus.
540 2325 609 2362 Sed
630 2325 712 2362 vide
733 2324 903 2361 Voffium
925 2322 970 2361 de
991 2322 1170 2370 Analogia
1195 2323 1276 2360 Lib.

197 2377 225 2415 Ι.
246 2389 276 2416 c.
306 2378 388 2415 Vll.
418 2375 671 2415 veronensem
693 2372 844 2421 adpellat
868 2373 964 2410 Beda
985 2373 1030 2411 de
1050 2372 1107 2410 sex
1137 2374 1275 2411 Aetati-

196 2427 282 2471 bus,
312 2427 384 2465 sive
404 2439 464 2477 per
489 2437 676 2472 errorem,
700 2423 774 2461 sive
796 2431 940 2473 propter
965 2423 1185 2460 avunculum
1201 2423 1276 2461 Ve-

194 2480 385 2517 ronensem
417 2479 569 2516 Plinium
593 2503 605 2521 ‚
638 2487 659 2513 a
684 2486 761 2524 quo
788 2478 854 2514 fuit
883 2473 1081 2522 adoptatus.
1136 2474 1278 2511 Confer

194 2528 252 2574 Jo.
292 2528 522 2566 Mansionarii
549 2527 915 2567 Animadversionem
947 2526 993 2562 de
1030 2523 1169 2561 duobus
1209 2524 1274 2562 Pli—

198 2579 262 2615 niis
284 2578 550 2618 Veronensibus
571 2575 801 2617 Oratoribus.
830 2579 867 2614 ἃ
888 2575 1133 2624 inscriptiones
1162 2574 1275 2612 Vete-

195 2638 252 2713 ΰς
278 2630 370 2677 apud
403 2630 604 2667 OnuftIum
633 2627 847 2676 Antiquitat.
881 2624 1151 2664 Veronensium
1191 2626 1274 2664 Lib.

237 2678 262 2715 I.
359 2680 439 2725 ¹48·
470 2691 550 2726 152.

249 2690 316 2777 (b)p
334 2730 431 2767 Cum
459 2729 630 2767 consulari
656 2727 828 2779 potestate
857 2728 894 2766 in
919 2726 1125 2775 Bithyniam
1153 2725 1274 2765 missus

196 2777 246 2815 est
266 2791 285 2817 a
306 2780 478 2828 Trajzmo.
504 2781 643 2817 Confer
661 2781 807 2818 Gruteri
823 2778 977 2825 Inscript.
1001 2790 1035 2825 p.
1061 2788 1152 2825 454³
1173 2777 1271 2815 &A.

196 2828 281 2876 Pagi
301 2829 344 2866 ad
360 2832 404 2866 A.
431 2830 474 2867 C.
504 2830 637 2868 LXIX.
662 2842 764 2868 num.
791 2842 826 2878 9.
854 2829 910 2866 ubi
923 2828 1030 2866 disces
1047 2826 1270 2866 consularem

200 3034 238 3067 ὃ(
259 3031 329 3070 aliis
345 3031 434 3067 inter
458 3030 617 3066 coniules
635 3041 711 3066 non
735 3030 887 3067 refertur
909 3055 922 3074 ‚
948 3029 1128 3075 Traianus
1147 3032 1182 3067 ei
1203 3037 1271 3068 ter·
1323 3029 1547 3066 stinationem
1567 3027 1651 3065 nihil
1665 3027 1834 3075 supplicio
1851 3026 1999 3073 dignum
2021 3026 2175 3073 potuerit
2202 3023 2402 3073 deprehen-

195 3083 286 3119 tium
318 3081 420 3120 suum
455 3080 674 3117 consulatum
706 3080 754 3116 A.
792 3080 835 3115 C.
868 3091 951 3116 roo.
985 3078 1198 3127 resignavit,
1236 3088 1275 3117 nt
1326 3078 1421 3116 dere.
1473 3077 1627 3126 Epistola
1654 3076 1827 3114 XCVlIl.
1854 3075 2041 3123 respondet
2063 3076 2243 3124 Trajanus
2265 3104 2275 3120 ,
2310 3086 2401 3113 con-

196 3141 336 3179 praeter
352 3133 438 3174 alios
458 3138 624 3170 notatum
644 3128 1012 3178 JoanniLightfooto
1042 3141 1078 3178 p.
1105 3130 1276 3182 155.seq.
1328 3128 1521 3180 quirendos
1553 3139 1630 3166 non
1663 3126 1734 3166 effe
1756 3154 1770 3175 ,
1806 3126 1943 3166 delatos
1971 3134 2093 3166 autem
2134 3127 2172 3166 ὃ(
2209 3126 2405 3215 εοηνίέὶφέ

432 3208 436 3212 .
2333 3188 2405 3217 nir

2471 0 2616 196 7

2570 212 2573 214 v
2582 205 2611 220 k—
