2616 3686
575 198 634 247 c,
701 196 740 244 Ρ
775 193 878 250 L]
914 193 969 248 N
1005 193 1029 242 1
1061 193 1122 244 1..
1152 191 1401 244 cmc
1431 193 1455 242 1
1487 190 1534 242 L
1564 182 1670 241 113
1719 184 1995 250 sinc-u
2031 180 2171 246 No
2209 197 2254 246 ις

465 331 713 391 xviii.

325 211 431 265 234

788 332 856 389 C.
928 324 1459 388 P21N1us⁴
1534 331 1941 388 SEVERO
2005 335 2186 392 S-uo
2259 335 2338 391 S..

343 471 538 527 Severo
558 469 778 539 scribit,
816 469 873 522 in
896 467 1093 523 Senatu
1119 469 1402 522 orationem
1424 467 1810 540 ‘Panegyricam
1835 468 2021 538 dixtffie
2047 507 2080 538 ,⁶
2102 468 2283 525 deinde
2304 472 2441 527 reci-

415 545 540 610 taffe
574 541 875 615 quibusdam
912 543 1098 594 amicis
1130 556 1243 594 cum
1278 543 1477 607 summa
1525 539 1820 594 auditorum
1842 542 2158 595 attentione:
2195 560 2358 613 quare
2384 545 2439 602 {53

407 616 705 688 principem
729 611 1020 679 Trajanum
1049 612 1101 668 ἰᾷ
1113 612 1216 680 fita
1239 623 1470 681 tempora
1495 611 1709 679 laudat,
1747 614 2150 687 quibusspretis
2181 613 2443 670 adulatio·

418 684 571 739 nibus
586 687 788 758 gravia
815 682 868 740 ἓξ
885 684 1084 753 severa
1097 684 1417 756 placerent..

343 839 376 884 ι,
546 820 769 876 Fficium
808 819 1127 876 Consulatus
1162 818 1394 889 injunxit
1430 818 1614 881 mihi,
1669 818 1923 890 ut2Reip.
1962 822 2181 879 nomine
2212 821 2471 894 Principi'

549 895 738 963 gratias
775 909 1006 965 agerem.
1043 892 1192 963 quod
1233 907 1340 962 ego
1374 892 1430 945 in
1457 891 1685 958 Senatu,
1708 907 1849 946 cum
1883 892 1950 947 ad
1977 897 2239 950 rationem
2265 896 2317 948 δι
2343 895 2451 948 1οεί

350 964 687 1036 &temporis
714 981 784 1020 ex
814 982 966 1020 more
992 961 1254 1026 fecissem,
1295 963 1443 1017 bono
1479 962 1586 1017 civi
1621 964 2177 1021 convenientiffimum
2213 966 2451 1028 credidi,

274 1061 302 1101 2
353 1037 542 1094 eadem
565 1039 648 1092 illa
673 1036 686 1063 ³
711 1037 978 1110 spatiosius
1007 1036 1061 1091 δι
1087 1036 1302 1090 uberius
1327 1034 1884 1106 volumineamp-leffi.
1907 1037 2171 1106 primum,
2194 1052 2254 1093 ut
2278 1039 2453 1109 Impe-

351 1111 511 1166 ratori
540 1108 720 1164 nostro
744 1112 968 1164 virtutes
991 1108 1110 1163 suae
1137 1108 1272 1163 veris
1296 1107 1537 1163 laudibus
1566 1107 2079 1162 commendarentur
2110 1124 2121 1161 :
2163 1108 2360 1168 deinde
2394 1122 2454 1164 ut

352 1183 518 1238 futuri
547 1183 812 1254 principes
837 1198 946 1236 non
977 1181 1119 1252 quasi
1151 1197 1180 1234 a
1207 1179 1488 1251 magistr0‚
1527 1179 1618 1234 sed
1645 1192 1827 1233 tamen
1851 1179 1869 1202 ⁴
1890 1177 1984 1233 sub
2021 1182 2272 1250 exemplo
2306 1196 2456 1252 prae-

351 1268 707 1310 monerentur
732 1293 749 1317 ,
809 1271 913 1324 qua
955 1250 1286 1323 potiffimum
1322 1253 1405 1305 via
1446 1250 1649 1321 poffent
1691 1250 1755 1304 ad
1793 1251 2019 1305 eandem
2069 1253 2291 1322 gloriam
2343 1255 2458 1307 niti.

277 1350 303 1402 3
354 1328 489 1382 Nam
524 1324 830 1398 praecipere
872 1326 1036 1397 qualis
1076 1322 1181 1378 effe
1217 1322 1409 1377 debeat
1435 1324 1719 1394 princeps,
1756 1322 2038 1392 pulchrum
2072 1323 2294 1395 quidem
2318 1362 2332 1386 ,
2366 1325 2416 1377 se
2478 1339 2481 1367 1

352 1400 666 1462 onerosum,
709 1415 768 1451 ac
797 1414 964 1467 prope
987 1394 1276 1466 superbum
1300 1394 1401 1448 est:
1429 1394 1643 1450 laudare
1677 1412 1808 1449 vero
1834 1395 2101 1464 optimum
2134 1396 2457 1467 principem,

351 1489 411 1524 ac
450 1487 544 1541 per
581 1469 685 1523 hoc
721 1468 981 1539 posteris,
1031 1468 1178 1522 velut
1203 1484 1233 1520 e
1259 1465 1272 1492 ⁵
1299 1466 1547 1539 specula,
1583 1467 1764 1521 lumen
1792 1465 1942 1538 quod
1964 1467 2248 1537 sequantur
2284 1468 2461 1522 osten-

275 1565 308 1615 4
354 1543 482 1597 dere
505 1581 521 1606 ,
571 1541 717 1596 idem
753 1541 991 1595 utilitatis
1020 1539 1215 1611 habet«,
1263 1538 1596 1610 arrogantiae
1621 1537 1769 1592 nihil.
1843 1537 1982 1607 Cepi
2009 1551 2190 1593 autern
2215 1556 2321 1593 non
2349 1556 2489 1593 me·

352 1614 595 1668 diocrem
621 1614 979 1684 voluptatem,
1016 1610 1166 1685 quod
1186 1612 1338 1666 hunc
1384 1611 1578 1666 librum
1615 1625 1741 1664 cum
1779 1609 1962 1662 amicis
1996 1613 2222 1665 recitare
2258 1610 2434 1666 voluis
2438 1648 2460 1659 .-

351 1685 457 1739 sem
477 1724 493 1749 ,
531 1702 643 1740 non
671 1702 764 1756 per
788 1685 1090 1746 codicilIOS‚
1129 1701 1239 1738 non
1262 1701 1359 1754 per
1379 1679 1397 1704 ⁶
1419 1682 1624 1737 libellos
1651 1717 1665 1740 ‚
1701 1681 1794 1735 sed
1845 1679 1881 1734 fi
1916 1681 2270 1739 commodum
2306 1681 2496 1747 effet,.

354 1759 409 1814 ὅ(
437 1757 470 1812 fi
494 1757 652 1812 valde
679 1768 918 1819 vacaret,
955 1753 970 1777 ⁷
992 1755 1258 1810 admoniti
1283 1759 1594 1828 (nunquam
1619 1770 1817 1826 porr0‚
1855 1745 1872 1772 ⁸
1908 1756 1998 1810 aut
2033 1755 2189 1810 valde
2222 1772 2345 1810 raro
2377 1772 2494 1809 va·-

2381 1839 2468 1881 cat

409 1979 425 2005 r
455 1965 615 2018 Severa]
645 1971 784 2004 severos
807 1977 870 2015 per
887 1976 928 2015 ea
950 1972 1120 2014 tempora
1147 1965 1282 2003 inultos
1298 1961 1382 2005 ‘fuis-
1445 1966 1474 2004 1.
1497 1963 1607 2013 Epist.
1630 1963 1713 2000 XX.
1737 1963 1782 2000 dc
1804 1964 1876 2002 :iliis
1901 1963 2142 2009 Oratoribus,
2170 1964 2231 2002 ubi
2251 1966 2326 2002 iarn
2350 1962 2469 2001 osten·-

356 2017 391 2056 se
418 2020 608 2066 comperio
634 2044 644 2062 ,
681 2017 850 2055 Curtium
883 2022 1050 2054 Severum
1076 2015 1304 2065 praesentim
1329 2028 1382 2054 rc-
1450 2017 1568 2054 dimus
1584 2042 1594 2058 ,
1621 2014 1734 2063 ipsum
1755 2014 1923 2051 Tullium
1947 2016 2092 2052 uberius
2116 2027 2157 2053 ea
2180 2013 2348 2060 edidisse,
2374 2027 2470 2065 quae

361 2070 447 2106 citat
476 2069 638 2106 Tacitus.
689 2068 830 2116 Septimi
857 2066 973 2104 Severi
1016 2066 1223 2104 doctrinam
1266 2066 1387 2104 laudat
1452 2065 1647 2104 adstrictius
1676 2076 1743 2113 pro
1766 2065 1911 2101 Milone
1934 2064 2082 2103 dixerat.

360 2119 495 2156 statius
529 2119 565 2156 in
589 2117 689 2156 silvis.
742 2124 907 2155 Severum
931 2117 1083 2154 doctum
1111 2114 1211 2154 fuisse
1231 2144 1241 2160 ‚
1286 2116 1386 2153 Mar-

1499 2128 1521 2162 4
1549 2115 1617 2152 Sub
1640 2115 1791 2165 exemplo
1804 2114 2156 2172 praemonerentur]
2187 2114 2268 2154 Lib.
2290 2115 2338 2154 II.
2362 2115 2474 2166 Epist.

358 2169 448 2207 tialis
485 2169 564 2207 Lib.
597 2169 663 2206 XI.
693 2168 838 2206 testatur
863 2196 873 2213 ,
902 2169 939 2205 ὃ(
965 2167 1108 2204 Decium
1129 2173 1295 2204 Severum
1317 2168 1387 2205 iin-
1448 2167 1517 2204 VI.
1542 2178 1576 2203 n.
1598 2167 1630 2202 6.
1660 2166 1837 2202 Convenit
1860 2177 1979 2203 autem
2003 2178 2115 2204 amm
2136 2168 2174 2203 in
2199 2178 2231 2204 te
2253 2179 2327 2204 meo
2351 2195 2362 2212 ,
2389 2179 2474 2217 quo-

360 2229 510 2268 perante
532 2221 669 2257 Severo
693 2217 852 2256 claruillc
875 2217 1152 2263 Jurisconsultus
1164 2218 1281 2256 tradit.
1311 2218 1368 2254 CA
1450 2217 1512 2254 ties
1535 2216 1605 2254 tale
1629 2216 1767 2266 aliquid
1786 2216 1947 2254 inciderit
1971 2245 1981 2261 ,
2018 2216 2080 2253 sub
2100 2218 2273 2266 exemplo
2303 2228 2474 2266 praemo-

365 2278 456 2307 ΥΑΝ.
485 2269 649 2307 Riccard.
673 2271 711 2308 in
734 2269 857 2306 Indice
882 2268 1025 2304 Vivium
1050 2276 1215 2304 severum
1254 2278 1387 2314 vocat,

362 2322 414 2359 uti
453 2320 543 2357 infra
584 2320 662 2356 Lib.
702 2319 769 2356 IV.
806 2317 914 2368 Epist.
954 2317 1136 2355 XXVIII.
1177 2319 1305 2356 Oxon.
1349 2322 1386 2357 &
1451 2319 1516 2355 Sed
1536 2319 1733 2367 parendum
1757 2322 1848 2354 SCto

1451 2278 1565 2312 nere,
1593 2267 1680 2316 quid
1713 2265 1832 2303 debeas
1856 2268 1990 2316 fugere.
2028 2268 2203 2316 Panegyr.
2237 2279 2313 2316 cap.
2338 2268 2402 2305 lV.
2422 2278 2472 2316 pr.

1879 2346 1889 2362 ‚
1916 2330 1982 2366 quo
2005 2329 2046 2354 ex
2068 2318 2225 2356 utilitate
2247 2318 2379 2360 publica
2392 2317 2470 2366 pla·

366 2370 565 2409 Helmstad.
594 2369 703 2407 Curio
725 2375 848 2406 Severo
879 2368 1074 2407 inscribunt
1100 2397 1110 2413 ‚
1137 2376 1177 2405 ut
1200 2369 1387 2418 Gryphius
1452 2368 1523 2405 cuit
1538 2396 1548 2412 ‚
1575 2379 1617 2405 ut
1639 2367 1782 2417 consulis
1802 2379 1884 2406 voce
1899 2396 1909 2413 ,
1937 2368 1998 2406 sub
2019 2369 2126 2407 titulo
2151 2371 2342 2417 gratiarum
2363 2374 2470 2412 agen·

363 2423 401 2458 ὅ(
431 2421 580 2470 quidam
612 2422 679 2459 alii.

361 2477 484 2508 Severo
508 2477 582 2508 Suo.
1410 2500 1413 2502 v

412 2533 431 2557 2
465 2522 620 2568 officium
650 2520 894 2570 consttlatus.]
936 2518 1125 2569 Insigniter
1148 2518 1325 2558 dormivit
1348 2521 1390 2559 li-

362 2571 496 2609 brarius
534 2571 732 2609 Helmstad.
771 2572 833 2619 qui
869 2570 1034 2620 adposuit
1078 2570 1195 2608 nobis.
1248 2571 1389 2609 Officio

363 2622 563 2672 consulatus
613 2621 794 2660 iniunxisti
831 2620 919 2660 mihtv
941 2649 951 2666 ‚
1000 2633 1040 2660 ut
1075 2634 1108 2659 r.
1147 2633 1180 2657 n.
1221 2623 1389 2672 principis

370 2685 508 2721 gratias
536 2686 570 2709 a.

366 2722 706 2868 wtiofiusff
746 2722 908 2761 Pluribus
939 2722 1065 2761 verbis.
1102 2722 1192 2760 Hoc
1214 2728 1392 2771 repugnat

487 2776 492 2781 '
526 2775 605 2812 olac
629 2786 674 2812 cx
699 2774 779 2812 Lib.
803 2774 829 2811 l.
852 2785 925 2823 qua
950 2773 1066 2812 affcrit
1104 2781 1264 2810 oratores
1292 2774 1393 2821 plura

735 2420 910 2469 Optimus
941 2429 1027 2456 curn
1075 2419 1220 2469 reliquis
1265 2418 1386 2458 nude:

489 2850 500 2866 ,
527 2835 636 2871 quam
671 2823 827 2862 cdidzsse.
882 2824 999 2872 Quod
1033 2833 1159 2862 tamen
1193 2821 1241 2859 sic-
1274 2824 1392 2872 potest

370 2870 548 2924 excusari,
576 2873 675 2920 quod
698 2875 760 2911 illis
782 2875 987 2912 oratoribus
1008 2875 1127 2924 priscis
1151 2873 1255 2912 dat-ie
1293 2883 1393 2912 erant

367 2918 501 2956 liberae
532 2922 847 2973 pereni-‚nationes
871 2951 880 2968 ,
919 2926 965 2961 ita
995 2934 1035 2962 ut
1056 2934 1236 2973 quantum
1261 2925 1391 2962 voluis-

374 2967 449 3008 stnt
474 2995 484 3012 ‚
525 2970 639 3005 dict-re
683 2971 887 3016 potuistnt.
942 2975 992 3010 At
1026 2976 1130 3011 Plinii
1156 2975 1277 3011 seculo
1300 2975 1391 3012 intra

373 3019 607 3055 C)Tliiitu†.llill
633 3026 775 3065 tempu*¹
800 3020 976 3057 dicebant.
1016 3022 1171 3059 Caram.
1213 3025 1304 3061 Non
1341 3032 1395 3061 ta-

1454 2418 1582 2456 darum
1607 2447 1617 2464 ,
1653 2419 1732 2456 boni
1747 2418 1915 2467 principes
1936 2431 2025 2468 quae
2039 2420 2201 2466 facerent
2225 2447 2236 2464 ‚
2271 2411 2468 2463 recognosce-

1456 2481 1558 2514 rent,
1588 2469 1701 2513 mali,
1755 2481 1818 2506 uae
1834 2469 1953 2517 facere
1976 2469 2147 2507 deberent.
2366 2485 2396 2518 χ

1509 2533 1527 2568 ς
1557 2520 1703 2570 specula.
1787 2520 1896 2563 Loco
1930 2518 2032 2558 edito
2062 2533 2083 2558 e
2102 2519 2197 2556 turri.
2225 2511 2424 2552 Transsatio
2446 2522 2466 2548 a

1458 2572 1711 2619 navigantibus
1725 2599 1734 2613 ,
1764 2571 1826 2619 qui
1847 2570 1964 2609 solent
1987 2571 2136 2617 dirigere
2158 2563 2293 2602 cursum
2307 2561 2407 2621 suum
2424 2562 2467 2599 ad

1460 2621 1668 2670 lamp-,idem
1684 2649 1694 2667 ,
1721 2623 1757 2659 in
1774 2621 1911 2670 specula
1933 2627 2056 2669 portus
2087 2612 2279 2653 accensam.
2315 2613 2469 2649 (sarm.

1460 2672 1637 2720 speculam
1662 2672 1772 2709 talem
1797 2672 1998 2719 eleganter,
2023 2675 2062 2703 ut
2083 2670 2156 2701 erat
2175 2661 2353 2717 saecului-n
2369 2690 2378 2704 ,
2408 2662 2469 2718 def

1459 2723 1519 2760 scri
1550 2722 1589 2761 sit
1623 2723 1776 2760 Rutilius
1811 2721 1893 2758 Lib.
1927 2719 1957 2756 1.
1987 2717 2105 2754 Itiner.
2137 2721 2187 2747 vs.
2209 2723 2289 2761 403.
2313 2716 2385 2761 qu.
2409 2712 2470 2750 ubi

1462 2773 1505 2810 ad
1536 2786 1555 2811 e
1582 2774 1637 2810 10.
1661 2772 1914 2810 Castalionem.
2298 2814 2301 2817 Ι
2326 2813 2346 2818 ..
2370 2813 2375 2819 ι
2447 2814 2453 2819 1

1514 2826 1536 2859 6
1566 2823 1718 2859 Libellos.
1744 2821 1759 2867 l
1801 2815 2082 2865 supplicationes
2112 2819 2153 2848 ut
2179 2840 2189 2856 ,
2214 2813 2375 2850 codicuh
2399 2825 2473 2863 cpi·

1464 2874 1575 2911 stolae
1600 2874 1688 2909 sunt.
1717 2871 1869 2906 Cum.

1515 2936 1533 2969 7
1567 2918 1766 2957 Aflmoniri.
1784 2917 1798 2963 l
1817 2914 2001 2969 Nic-diceus
2011 2912 2190 2949 admonui.
2215 2914 2326 2962 Supra
2346 2915 2473 2951 Oxon.

1457 2972 1492 3020 fi
1512 2970 1753 3008 commodum.
1781 2975 1845 3000 aut
1861 2964 1890 3011 [ι
1908 2991 1916 3005 ,
1945 2973 2011 3000 cet.

1512 3020 1532 3055 8
1566 3022 1641 3053 Aut
1690 3015 1796 3050 uude
1840 3012 1960 3051 rara]
2006 3011 2108 3049 Voff.
2149 3013 2299 3051 Helmst.
2349 3014 2478 3054 Oxou.

373 3068 447 3109 hin
470 3079 558 3118 ergo
581 3076 752 3108 recitavit.
783 3069 936 3109 Baitia.
978 3070 1125 3110 Notum
1146 3074 1221 3111 hoc
1243 3085 1290 3112 ex
1311 3073 1394 3114 Lib.
1463 3069 1576 3107 Arnz.
1599 3070 1637 3106 ὅ(
1659 3065 1725 3104 Ed.
1749 3064 1832 3103 Vet.
1867 3064 2044 3104 omittunt
2074 3076 2157 3101 raro
2181 3093 2192 3110 ,
2228 3064 2478 3113 sci-ibuntque:

2383 3128 2467 3156 num
2473 3134 2488 3163 ἡ
