2616 3686
484 196 829 252 LrssER
899 188 1896 259 v111;-E1>18T'0LAX1v.
2133 233 2226 282 591

98 297 418 364 quamquam
445 281 670 354 propior
694 277 970 350 aliquanto
1002 274 1078 331 est
1103 282 1117 306 ¹
1143 277 1435 334 sententiae
1459 281 1743 353 relegantis
1763 320 1779 347 ,
1820 303 1959 358 quae
1986 287 2229 357 absolvit,

98 377 255 438 quam
280 373 418 431 quae
444 354 666 412 occidit.
746 352 991 424 Utraque
1017 351 1161 406 enim
1189 369 1259 408 ex
1282 354 1381 410 illis
1408 355 1573 412 vitam
1613 358 1870 430 relinquit
1892 399 1908 424 ‚
1961 362 2090 418 haec
2119 367 2230 421 adi-

96 439 233 495 mitz-
261 449 395 489 curn-
411 431 633 486 interim
651 426 706 482 δε
734 427 829 500 qui
855 439 1036 482 morte
1057 427 1354 498 puniebant
1382 468 1398 493 ‚
1454 429 1509 484 δε
1550 432 1643 503 qui
1671 433 1979 506 relegabant
2009 475 2026 501 ‚
2081 444 2099 467 ²
2125 456 2230 496 una

95 507 346 568 sedebant
371 546 388 572 ,
442 505 496 561 &
527 503 849 576 temporaria
877 501 1218 557 simulatione
1240 505 1572 560 concordiae
1608 512 1624 540 ³
1655 506 1979 567 discordiam
2011 511 2230 570 differe·

92 586 237 642 bant.
312 581 361 638 E
401 599 435 637 o
458 579 784 655 postulabam
809 617 824 642 ‚
872 583 968 631 *ut
998 577 1168 633 tribus
1196 578 1469 638 sententiis
1492 580 1760 638 constaret
1791 585 1915 641 suus
1944 603 2226 655 numerus,
2248 608 2320 657 14·

93 678 196 719 nec
231 659 284 715 se
316 664 340 694 ⁵·
411 656 616 712 revibus
651 653 881 708 induciis
917 652 1054 708 duae
1090 651 1397 727 jungerent.
1473 655 1779 729 Exigebam
1822 679 1956 734 ergo
1983 701 1999 726 ‚
2038 676 2097 718 ut
2129 667 2226 739 qui

96 734 309 808 capitali
332 731 593 804 supplicio
621 726 939 784 afficiendos
967 728 1263 801 putabant,
1317 730 1660 788 discederent
1704 753 1732 789 a
1761 736 2033 809 relegante
2061 780 2074 801 ‚
2125 758 2231 796 nec

93 809 307 867 interim
335 820 524 862 contra
546 804 878 860 absolventes
904 821 1033 859 mox
1049 802 1322 860 dissensuri
1341 824 1834 880 congregarentur,
1853 815 1976 884 quia
1999 816 2019 842 ⁶
2038 831 2231 886 parvu-

92 884 206 941 l'um
232 881 495 946 referret,
531 898 597 935 an
621 882 766 935 idem
802 878 1107 951 displiceret
1136 919 1151 944 ‚
1196 880 1394 953 quibus
1420 900 1530 937 non
1557 883 1704 938 idem
1729 887 2016 957 placuisset.
2093 889 2229 947 illud
2250 910 2310 960 15

93 959 253 1014 etiam
281 956 414 1012 mihi
439 956 735 1028 permirum
758 954 1048 1009 videbatur
1077 993 1096 1021 ,
1147 971 1272 1011 eum
1299 957 1525 1028 quidem
1552 996 1568 1033 ‚
1621 961 1717 1031 qui
1740 961 1959 1018 libertos
1990 964 2232 1036 relegan-

95 1032 194 1090 dos
215 1071 233 1098 ,
284 1031 464 1088 servos
502 1031 767 1105 supplicio
805 1026 1129 1085 afficiendos
1155 1030 1435 1088 censuisset
1459 1071 1477 1098 ,
1526 1038 1555 1104 ζ
1583 1033 1833 1090 coactum
1857 1035 1962 1091 effe
1990 1038 2233 1169 dsividere

2042 1128 2231 1170 enten-

143 1219 179 1249 1.
202 1205 394 1246 sententiae
411 1205 599 1255 relegantis
620 1234 631 1252 ‚
657 1216 745 1258 quae
764 1205 980 1250 absolverit,
1009 1211 1126 1255 quam·
1194 1207 1266 1245 tiae
1288 1232 1300 1252 ‚
1337 1206 1376 1244 δε
1413 1205 1536 1247 sedere
1568 1217 1641 1248 una
1680 1209 1838 1261 &jungi
1868 1223 1953 1251 cum
1985 1223 2033 1251 eo
2062 1211 2237 1271 solebant.

93 1259 182 1312 'quae
199 1258 408 1307 occiderit]
436 1257 626 1296 Mediceus
638 1258 827 1315 :sententia
847 1255 983 1304 religati
994 1269 1006 1298 ;
1019 1255 1118 1305 quasl
1197 1257 1223 1295 B
1238 1269 1264 1295 u
1279 1268 1302 1295 c
1314 1269 1339 1294 Η
1353 1271 1377 1295 Ν
1391 1270 1411 1296 ε
1425 1271 1446 1296 n
1456 1289 1465 1298 .

93 1306 257 1350 voluisset
279 1321 289 1347 :
317 1321 533 1359 quamquam
550 1319 698 1358 propior
719 1309 763 1350 esi
782 1309 964 1364 aliqq‘antp
981 1306 1122 1345 senten·
1250 1318 1285 1357 3.
1309 1308 1566 1367 Discordiam]
1589 1311 1694 1368 ’Nam
1715 1311 1856 1362 dejecta
1880 1342 1890 1359 ‚
1915 1314 2148 1374 superataque
2167 1320 2254 1356 eci-⁴·

94 1361 182 1400 tiam
203 1358 394 1408 relegantis.
429 1359 528 1397 Nam
544 1360 708 1397 scriptura
727 1360 786 1397 ista
809 1359 946 1406 reltgatz
967 1369 1122 1396 movere
1198 1369 1279 1396 rum
1299 1358 1474 1399 sententia
1497 1389 1508 1406 ,
1535 1372 1597 1410 qu1
1619 1362 1820 1403 hberandos
1843 1365 2062 1412 censebant,
2088 1376 2181 1406 inter
2197 1368 2234 1407 se

95 1422 173 1450 nun
190 1410 322 1450 debet:
350 1409 377 1448 fi
398 1408 548 1459 quidem
572 1400 620 1448 &⁴
635 1410 735 1458 supra
758 1408 972 1458 religandos,
995 1408 1123 1464 religa—

96 1475 132 1500 re
143 1489 155 1508 ‚
182 1464 222 1502 &
239 1460 332 1499 infra
351 1458 542 1507 religabunt
562 1485 573 1503 ,
608 1459 745 1508 religari
764 1460 966 1496 constanter
984 1459 1042 1495 hic
1060 1470 1126 1496 co-

93 1510 168 1550 dex
183 1511 336 1550 exhibet.
348 1517 530 1557 praeterea
542 1520 578 1544 n.
590 1520 647 1546 12.
662 1510 695 1554 di
708 1508 838 1546 libertis
848 1535 859 1551 ‚
871 1518 937 1554 pro
956 1508 1052 1546 de.n.
1067 1520 1127 1557 19.

96 1561 218 1600 dirimi
239 1560 355 1598 debere
364 1558 553 1609 fintentias
575 1559 751 1597 occidentis
772 1570 815 1598 &¹
835 1558 1126 1614 religagrres‚·pro

97 1611 290 1662 relegantis.
314 1609 479 1648 Similiter
505 1620 613 1647 n.21.
637 1609 819 1659 sententiae
836 1609 1066 1655 mterficzentts
1084 1620 1127 1649 &¹

98 1661 288 1712 relegantis.
315 1672 351 1699 n.
367 1670 427 1710 23.
465 1660 523 1710 qui
543 1659 669 1709 relegat
693 1688 704 1705 ,
743 1673 786 1700 eff
818 1659 872 1698 illi
898 1660 958 1709 qui
974 1660 1125 1716 panium

98 1714 216 1764 eapite.
241 1723 280 1749 n.
297 1721 361 1758 24.
382 1710 698 1761 accefflt?releganti
715 1738 726 1755 ,
750 1711 786 1749 h.
805 1720 837 1748 e.
859 1710 1014 1748 censenti
1037 1712 1125 1749 rele-

100 1763 238 1813 gandos
255 1760 349 1800 esse:
390 1761 445 1800 Sic
480 1772 599 1799 notare
620 1790 630 1807 ,
668 1772 735 1811 pro
753 1759 895 1799 censere
915 1760 1123 1800 notandum

102 1811 173 1852 effe
189 1811 333 1851 illustrat
352 1811 564 1850 Gronovius
580 1812 624 1850 ad
655 1813 736 1850 LiV.
764 1810 842 1850 Lib.
864 1810 1023 1868 XXVII.
1050 1823 1126 1861 cap.

101 1863 225 1901 XXV.
251 1862 415 1900 Honesta
437 1863 596 1906 inprimis
613 1863 774 1908 locutio,
800 1867 839 1904 &
855 1861 990 1901 Latinis
1012 1863 1126 1901 Grae·

101 1914 226 1961 cisque
239 1939 248 1955 ,
274 1913 393 1950 immo
414 1913 453 1949 ὅ(
474 1911 646 1952 Hebraeis
667 1942 680 1958 ,
713 1911 812 1962 quod
835 1913 1034 1952 observavit
1050 1913 1126 1951 Bo-

104 1963 215 2002 chart.
240 1962 276 1999 iu
294 1962 437 2010 Phaleg.
466 1961 544 2000 Lib.
565 1965 593 2001 I.
631 1975 706 2013 cap.
728 1964 756 2002 1.
790 1973 867 2012 pag.
890 1978 924 2010 ς.
949 1963 1126 2003 ufitatiffi-

103 2025 187 2058 ma,
213 2023 285 2062 qua
302 2012 370 2056 illi,
398 2012 457 2062 qui
479 2021 642 2058 narrant,
670 2013 1125 2065 fingunt‚judicant,nun-

15 2080 19 2106 .·
103 2065 221 2106 ciant,
248 2062 422 2106 statuunt,
450 2062 582 2102 docent
604 2065 850 2114 aliquid‚illud
868 2065 983 2114 ipsum
1003 2065 1124 2105 facere

18 2118 23 2167 ᾗ
105 2115 147 2152 &
173 2124 341 2162 peragere
370 2113 572 2155 scribuntur.
604 2115 771 2155 Manilius
801 2116 883 2155 Lib.
901 2115 931 2154 I.
965 2117 1126 2166 κτα-487.

105 2163 151 2203 de
172 2163 330 2214 Epicuro
344 2176 352 2201 :

154 2269 203 2302 Ut
225 2265 338 2303 voluit
356 2266 470 2309 creari,
497 2266 556 2316 qui
566 2266 697 2316 primus
716 2267 847 2305 moenia
862 2269 992 2307 mundi

154 2315 344 2355 Seminibus
360 2317 481 2355 struxit
499 2317 670 2363 minimis,
696 2318 796 2368 inque
817 2317 880 2355 ina
899 2319 1054 2358 resolvit.

1201 1408 1447 1449 diffenfiffent.
1472 1413 1505 1449 C
1517 1425 1538 1448 A
1550 1424 1578 1449 T
1591 1424 1612 1449 A
1627 1426 1665 1451 Ν.

1249 1474 1283 1505 4.
1311 1465 1357 1498 Ut
1384 1460 1493 1500 tribus
1514 1462 1695 1511 sententiis
1725 1465 1903 1513 conflaret
1913 1467 1998 1517 suus
2031 1468 2231 1520 numerus]

1199 1510 1242 1548 Id
1261 1510 1331 1555 est,
1359 1509 1446 1550 sicut
1465 1520 1536 1550 tres
1556 1513 1711 1553 diversae
1727 1517 1922 1556 sentcntiae
1945 1517 2058 1557 effent
2081 1547 2092 1564 ‚
2120 1521 2168 1558 ita
2191 1520 2249 1558 in·

1199 1569 1269 1600 tres
1293 1562 1444 1600 diversas
1455 1571 1570 1612 partes
1587 1565 1780 1604 discederet
1800 1568 1938 1607 senatus
1978 1570 2004 1607 B
2016 1583 2041 1607 u
2055 1583 2078 1607 c
2089 1582 2113 1607 H
2127 1583 2150 1607 Ν
2163 1583 2184 1609 n
2195 1584 2234 1609 n.

1255 1626 1290 1661 ς.
1316 1614 1487 1652 Brevibus
1508 1614 1690 1667 induvia]
1729 1618 1822 1655 Pace
1851 1619 2026 1668 sequestra
2051 1648 2061 1665 ,
2095 1632 2172 1659 non
2195 1623 2234 1659 in

1199 1661 1328 1702 breves
1347 1663 1421 1702 dies
1442 1692 1453 1709 ,
1497 1663 1557 1702 sed
1590 1667 1628 1704 in
1649 1666 1778 1705 horam
1803 1668 1842 1705 &
1862 1672 2035 1719 temporis
2059 1683 2235 1710 momen·

1199 1721 1293 1751 tum.
1330 1714 1518 1753 CATAN.
1585 1718 1754 1755 Brevibus
1788 1718 1970 1772 induciin]
2015 1724 2235 1774 Temporaria

1199 1764 1373 1802 concordia
1384 1792 1396 1809 ,
1421 1773 1462 1803 ut
1481 1767 1590 1814 paulo
1607 1776 1690 1806 ante
1702 1770 1843 1807 locutus
1861 1771 1942 1810 fuit.
1967 1773 1994 1810 B
2006 1787 2028 1810 υ
2045 1787 2067 1813 c
2081 1787 2103 1812 n
2120 1787 2142 1811 Ν
2160 1786 2180 1811 ε
2193 1788 2232 1813 xz.

1249 1815 1283 1853 6.
1312 1815 1504 1854 Paululum
1525 1819 1709 1865 referret.l
1748 1820 1855 1859 Nulla
1889 1823 1948 1860 vei
1977 1835 2084 1872 parva
2102 1824 2235 1862 admo-

1197 1863 1285 1903 dum
1311 1865 1511 1906 differentia
1531 1867 1617 1908 effet
1634 1871 1726 1908 inter
1747 1871 1846 1909 idem
1868 1872 2065 1921 displicere,
2081 1875 2228 1913 &idem

1197 1927 1273 1954 non
1294 1917 1454 1965 placere:
1477 1921 1603 1968 quibus
1624 1922 1722 1959 enim
1746 1922 1905 1970 placebat
1929 1925 2093 1965 occidere
2115 1955 2126 1971 ,
2153 1938 2232 1965 non

1196 1967 1377 2015 placuerat
1396 1969 1576 2019 relegare,
1603 1972 1641 2009 ὅ(
1665 1985 1686 2010 e
1703 1982 1839 2011 contra.
1893 1976 2138 2025 Antiquillimi
2169 1989 2232 2015 co-

1197 2017 1291 2057 dices
1303 2018 1437 2057 habent
1451 2023 1658 2070 parvulum.
1669 2024 1701 2061 C
1715 2036 1735 2060 A
1749 2037 1771 2060 τ
1789 2039 1806 2061 a
1819 2038 1854 2063 Ν.
1882 2025 2000 2064 Etiam
2010 2029 2045 2066 in
2057 2027 2236 2066 Mediceo
2256 2039 2259 2044 ’

1193 2068 1324 2117 legitur
1331 2072 1520 2120 parvolum
1531 2102 1541 2119 ‚
1555 2074 1674 2123 &jam
1686 2074 1800 2114 Aldus
1813 2077 1851 2114 ὅ(
1863 2077 2053 2127 Gryphius
2066 2077 2174 2118 edidit
2186 2088 2232 2116 ex

1193 2121 1260 2158 suis
1266 2122 1462 2171 parvulum
1475 2138 1485 2167 3
1501 2126 1627 2164 ceteris
1637 2126 1734 2164 inani
1746 2126 1915 2165 decauffa
1930 2141 2001 2166 vox
2015 2131 2068 2167 illa
2077 2130 2232 2178 suspecta

1169 2172 1271 2209 -fuit.
1318 2171 1541 2212 T'olerarunt
1576 2183 1700 2213 tamen
1728 2177 1820 2214 infra
1853 2178 1959 2226 Epist.
1985 2180 2109 2217 XVII.
2137 2192 2173 2217 n.
2195 2181 2234 2218 6.

1195 2227 1296 2259 Nam
1307 2224 1494 2272 parvulum
1509 2224 1621 2273 diffirt
1635 2253 1645 2269 ‚
1652 2227 1801 2275 patiaris
1812 2228 1963 2275 adversa
1978 2257 1986 2272 ‚
2001 2243 2048 2266 an
2059 2229 2255 2279 exspecless

1197 2272 1247 2310 Ita
1259 2282 1396 2322 parvo,
1425 2286 1491 2322 pro
1505 2276 1624 2325 paullo
1644 2278 1739 2323 apud
1764 2278 1911 2315 Livium
1937 2281 1973 2316 ὅ(
1997 2281 2094 2318 alios.
2132 2280 2229 2318 Vide

1195 2324 1363 2361 Gronov.
1382 2324 1426 2361 ad
1449 2326 1533 2363 Liv.
1560 2326 1641 2363 Lib.
1660 2328 1703 2364 X.
1722 2339 1787 2377 cap
1816 2329 1937 2366 XLV.
1957 2330 2010 2367 ita
2038 2342 2078 2368 ut
2113 2342 2228 2380 parvo
2251 2349 2254 2352 ⁴

1195 2375 1386 2411 admodum
1409 2375 1523 2422 plures
1561 2385 1769 2422 caperentur.
1822 2379 1913 2416 Item
1939 2389 2093 2429 parvum
2112 2410 2124 2426 ‚
2162 2393 2229 2431 pro

38 2422 41 2462 ξ
104 2416 217 2505 anglia
264 2417 361 2467 plura
408 2418 604 2456 cumulavit
646 2418 862 2458 Claudianus
897 2419 982 2458 Cos,
1019 2421 1131 2460 Mallii
1186 2432 1314 2473 parum
1332 2424 1489 2474 paullum
1512 2427 1608 2475 apud
1630 2427 1771 2468 Lucan.
1792 2429 1872 2468 Lib.
1894 2431 1939 2468 ll.
1969 2433 2129 2473 vs.128.

172 2466 253 2506 eod.
282 2480 333 2506 vs.
355 2482 415 2514 70.
442 2469 516 2518 sqq.
539 2470 643 2516 Lege
663 2470 800 2508 Acron.
825 2468 870 2507 ad
892 2469 1024 2508 Horat.
1046 2473 1126 2510 Lib.

42 2489 43 2496 ἵ
108 2514 156 2555 11.
182 2517 256 2556 Od.
276 2519 304 2556 1.
329 2530 407 2569 pag.
433 2519 493 2566 84.
519 2520 710 2558 Brockhus.
747 2520 791 2559 ad
811 2519 970 2567 Propett.
999 2521 1079 2561 Lib.
1104 2523 1131 2560 I.

109 2563 310 2617 Eleg.Vll.
344 2580 396 2609 vs.
421 2581 451 2607 1.
488 2568 561 2615 Jac.
599 2571 768 2610 Gronov,
805 2569 849 2608 ad
882 2571 1021 2610 Minue.
1056 2573 1132 2612 Fel.

50 2623 51 2626 ’
112 2617 315 2667 αμΧΧΠ.
340 2621 452 2659 Porro
471 2633 559 2670 quae
577 2621 728 2670 absolvit
740 2650 752 2667 ‚
780 2634 886 2671 quam
907 2635 994 2671 quae
1013 2625 1131 2663 occidit

1241 2548 1356 2560 —.-

1521 2538 1675 2576 parvum
1694 2530 1761 2579 sed
1777 2534 1817 2577 sc
1850 2545 1872 2568 a
1891 2536 2046 2582 Jenea‘lus

1244 2577 1430 2627 Sanguinis
1456 2578 1595 2628 effudit.-

110 2678 157 2705 ex
180 2670 393 2709 membranis
416 2673 741 2716 revocavimus‚&
766 2672 811 2710 sic
832 2673 923 2710 infra
942 2673 1131 2721 aliquoties
1193 2678 1240 2717 ibi
1261 2690 1338 2717 non
1358 2681 1456 2718 nihil.
1482 2680 1578 2719 Infra
1608 2682 1687 2721 Lib.
1712 2683 1774 2721 IX.
1801 2683 2004 2732 Epill.XL.
2032 2692 2123 2723 extr.
2143 2696 2229 2737 quae
2253 2693 2258 2697 '

114 2717 245 2758 aanor.
294 2721 417 2771 Vulgo
441 2735 449 2759 :
477 2735 564 2773 quae
597 2722 782 2772 abfhlverit
798 2750 807 2767 ,
843 2737 875 2774 q.
902 2737 932 2773 q.
968 2726 1133 2765 occiderit.
1198 2741 1238 2767 ut
1260 2730 1347 2767 nihil
1367 2733 1408 2770 de
1429 2733 1482 2770 die
1496 2734 1646 2782 perdum
1667 2761 1677 2778 ,
1703 2734 1756 2771 ita·
1775 2735 1816 2772 de
1839 2738 1930 2774 nocie
1948 2738 2140 2785 parvulum
2162 2740 2230 2775 ad-

117 2767 249 2808 Aldus:
273 2784 356 2821 quae
371 2773 558 2813 absolvent
571 2786 700 2824 ,quam
722 2786 810 2826 quae
831 2774 974 2814 occidit.
1005 2777 1038 2814 C
1051 2790 1074 2813 o
1090 2791 1131 2816 n·

123 2827 194 2856 Tt-

1200 2781 1355 2832 quirunt.
1383 2783 1415 2819 C
1429 2794 1452 2819 ο
1465 2796 1484 2819 a
1501 2796 1523 2820 τ
1538 2796 1572 2821 ε.

1254 2841 1288 2876 7.
1318 2835 1486 2870 Εὀαὲἶιιη)
1508 2833 1565 2882 effi·
1581 2835 1736 2873 dividere
1754 2835 2002 2887 sententiam]
2041 2839 2138 2876 Cum
2168 2839 2231 2877 usu

171 2878 206 2904 2.
230 2873 306 2907 Una
318 2872 515 2924 sedebant]
543 2878 656 2924 Quasi
680 2876 808 2916 eadem
830 2878 1029 2925 sentirent,
1056 2890 1133 2918 non
1202 2883 1371 2928 veniret,
1411 2892 1449 2922 ut
1479 2887 1557 2931 quis
1589 2887 1757 2924 sententia
1789 2888 1846 2926 sua
1876 2889 1911 2925 in
1946 2889 2040 2927 cutia
2064 2889 2148 2927 duas
2172 2899 2233 2927 aut

122 2915 343 2966 discrepantia
360 2932 464 2974 atque
481 2926 624 2966 diversa.
663 2929 762 2967 Nam
783 2930 819 2967 in
839 2927 1048 2967 discessione
1072 2931 1135 2969 Se·

71 2981 73 2985 ’
123 2975 248 3023 Imus,
274 2969 318 3026 de·
339 2983 406 3021 qua
424 2976 462 3013 &
483 2977 579 3026 supra
598 2980 862 3028 perstrinximus
876 2992 887 3024 4
903 2981 965 3029 qui
987 2981 1131 3019 consen-

78 3066 86 3080 .
122 3017 254 3055 nebant
272 3020 374 3060 alicui
393 3051 404 3068 ,
436 3025 536 3066 alicui
564 3031 768 3070 concedere
795 3032 831 3069 in
852 3041 934 3069 earn
956 3031 1136 3070 subsellio·

127 3077 206 3106 mm
228 3078 362 3118 Pmem
382 3099 394 3119 2
427 3074 463 3114 in
488 3087 563 3128 qua-
585 3080 875 3135 sedebat-audtor
892 3083 973 3134 ejus
997 3082 1140 3135 senten·>

1202 2933 1319 2981 plures
1339 2935 1642 2985 complecteretur
1661 2949 1716 2974 res
1744 2937 1810 2984 (ut
1829 2939 1887 2977 hic
1907 2940 1942 2978 in
1967 2940 2175 2989 quaestione
2187 2941 2232 2979 de

1205 2983 1431 3023 familiaribus
1454 2987 1589 3025 Afranii
1620 2989 1769 3036 contigit
1793 3017 1803 3034 ,
1840 3000 1924 3027 curn
1950 2991 2154 3029 senatorum
2177 2993 2238 3030 ali-

1206 3036 1282 3083 quis
1303 3034 1396 3074 inter
1412 3037 1557 3076 libertos
1578 3040 1615 3076 ὅ(
1632 3039 1754 3076 servos
1786 3041 1920 3079 Afranii
1943 3042 2148 3081 faciendum
2168 3042 2237 3079 dis-

1211 3087 1351 3141 QiQen
1376 3102 1388 3133 ;
1411 3118 1414 3121 .
1435 3089 1473 3128 δε
1493 3089 1577 3129 illos
1596 3089 1745 3141 quidem
1767 3091 1986 3132 oct-ldendos
2010 3122 2020 3141 ,
2057 3094 2132 3132 illos
2148 3093 2237 3179 recie-

1380 3150 1383 3152 ·
2102 3153 2168 3192 gan
2197 3152 2237 3179 ΟΞ
2259 3150 2262 3165 ³
