2616 3686
371 251 375 254 ,
553 204 899 258 L113ER
963 206 1701 273 VLEPISTOLA
1768 215 1899 264 xx.
2205 242 2298 298 443

159 300 380 342 mecum
402 282 578 357 perire
603 279 794 335 misero
820 318 835 343 ‚
886 277 899 299 ¹
919 294 1116 351 magno
1149 293 1328 335 tamen
1356 285 1691 339 mortalitatis
1721 289 1907 344 solatio
1934 292 2288 355 credidiffem.

72 373 80 377 ‘
159 355 416 413 'Tandem
445 355 528 409 illa
571 354 743 424 caligo
791 364 1003 406 tenuata
1049 352 1192 422 quasi
1231 353 1284 406 in
1317 353 1526 408 fumum
1557 394 1574 420 ‚
1643 362 1960 413 nebulamve
2000 364 2290 424 ²decessit:
2340 378 2396 428 18

164 431 306 488 Mox
331 430 442 485 dies
466 444 652 492 verus,
688 424 761 480 sol
785 426 948 478 etiarn
976 420 1197 487 effulsit,
1239 422 1253 450 ³
1281 425 1482 481 luridus
1508 443 1719 492 tamen,
1756 434 1924 502 qualis
1953 434 2086 498 effe,
2124 440 2139 464 ⁴
2162 456 2288 497 cum
2395 432 2397 434 ’

156 503 376 565 deficit,
409 501 557 556 solet.
610 496 975 554 Occursabant
1014 497 1402 569 trepidantibus
1429 501 1604 554 adhuc
1644 504 1812 556 oculis
1856 519 2053 559 mutata
2079 513 2285 577 omnia,

164 578 382 647 altoque
407 577 609 636 cinere,
647 585 896 642 tanquam
926 570 1078 633 nive,
1119 569 1365 626 obducta.
1442 573 1688 645 Regressi
1742 575 2010 632 Misenum
2037 617 2052 641 ,
2088 587 2282 639 curatis
2338 606 2398 649 19

164 664 439 719 uteunque
487 642 801 716 corporibus
831 680 845 704 ‚
901 640 1196 710 suspensam
1247 652 1260 678 ⁵
1301 644 1626 718 dubiamque
1652 647 1899 713 11οᾶ6111,
1935 651 2022 720 spe
2045 669 2104 704 ac
2134 671 2282 712 metu

158 724 468 792 exegimus:
504 735 522 758 ⁶
557 731 727 771 metus
765 715 1114 788 praevalebat.
1191 717 1329 771 Nam
1370 720 1424 771 δε.
1454 735 1657 774 tremor
1685 737 1858 776 terrae
1885 723 2289 794 perseverabat,

167 795 220 847 δε
257 794 492 863 plerique
528 805 545 833 v
580 788 839 859 lymphati
881 788 1121 844 terrificis
1149 790 1644 855 vaticinationibus,
1683 795 1736 847 δε
1765 793 1850 848 sua
1877 798 1930 850 &
1957 797 2120 851 aliena
2152 802 2284 856 mala

158 863 579 920 :ludificabanturu
652 876 672 902 ⁸
708 861 876 915 Nobis
916 874 1092 915 tamen
1128 879 1195 916 ne
1230 876 1358 917 tunc
1384 862 1640 935 quidem,
1680 884 1979 939 quanquam
2008 870 2062 921 ὅτ
2089 888 2281 943 exper-

154 936 222 992 itis
251 937 622 1008 ‘'pericul-um,
677 934 733 988 &
768 931 1193 1006 exspeRantibus
1225 973 1242 1000 ‚
1299 934 1531 991 abeundi
1577 936 1883 1004 consilium,
1924 938 1958 965 ¹⁰
1992 939 2174 998 donec
2211 948 2282 1003 de

2115 1035 2280 1076 avun-

2334 898 2397 950 20.

1241 1146 1336 1186 Edd.
1368 1150 1524 1200 antiquis
1549 1178 1560 1196 ,
1607 1151 1690 1192 alias
1720 1151 1909 1200 legebatur
1939 1163 2092 1192 mentem
2119 1181 2129 1198 ,
2179 1158 2283 1205 quod

1239 1199 1366 1248 passim
1393 1201 1561 1240 obtinuit.
1590 1203 1782 1241 Gaurm.
1821 1205 1967 1242 Not‘lem
1991 1205 2142 1254 praestat
2166 1209 2278 1246 etiam

1244 1250 1437 1290 Mediceus
1474 1256 1660 1304 ceterique
1698 1254 1804 1293 MSS.
1838 1257 1929 1294 item
1959 1257 2137 1306 exegimus
2170 1284 2180 1301 ,
2209 1269 2278 1307 pro

196 1146 302 1185 vitae
322 1145 367 1195 est
385 1146 518 1185 avidas
532 1175 542 1193 ‚
570 1145 724 1197 quisquis
746 1158 815 1183 non
835 1146 922 1185 vult

206 1199 344 1236 Mundo
360 1199 477 1248 secum
495 1209 658 1250 pereunte
678 1198 778 1236 mori.

144 1298 356 1341 Boenasa.
385 1301 489 1349 Lege
512 1302 710 1339 Lucanum
732 1300 814 1339 Lib.
836 1299 991 1338 VILvs.
1009 1300 1180 1350 134.sqq.
1246 1313 1324 1351 quo
1346 1304 1404 1341 alii
1425 1305 1608 1354 exigimus.

200 1365 215 1391 1
250 1358 384 1402 Magno
415 1352 552 1401 solatio.
575 1351 592 1401 l
643 1353 742 1391 Cum
764 1359 931 1402 putarem
953 1348 1024 1389 effe
1047 1364 1180 1390 omnes

141 1412 297 1442 *mecum
329 1405 536 1443 interituros
560 1416 569 1440 :
606 1402 679 1441 sola
699 1404 800 1443 enim
819 1401 1024 1442 necestitate
1047 1403 1178 1441 conso-

145 1454 251 1492 labar.
282 1455 479 1492 Car-Au.
962 1457 984 1478 ι

198 1518 219 1543 2
249 1502 443 1552 Deceffit.]
492 1503 597 1542 Voff.
639 1501 796 1541 Helmst.
829 1503 959 1540 oxon.
991 1504 1102 1542 Arnz.
1135 1507 1174 1544 δε

145 1554 241 1595 Edd.
263 1557 365 1594 Vett.
384 1554 522 1603 disceffit
538 1583 548 1599 ,
573 1563 613 1592 ut
624 1553 753 1590 umbra
767 1553 908 1601 discedit
922 1580 934 1596 ,
961 1554 1148 1603 discutitur
1162 1585 1173 1601 ,

144 1606 334 1656 obscuritas
354 1607 558 1643 dimovetur
580 1604 677 1653 apud
699 1604 889 1641 Ainmian.
904 1603 1079 1642 Lib.XV.
1095 1617 1174 1656 cap.

144 1657 210 1695 IX.
243 1660 279 1696 ὅ(
311 1656 437 1695 similia
472 1655 609 1703 passim.
646 1655 839 1693 Primanus
870 1661 997 1691 tamen
1019 1655 1172 1704 deceffit,

144 1708 247 1758 quod
262 1709 440 1757 praefero.
465 1706 780 1754 Sallust.lug.cap.
795 1703 1047 1742 LXXXVIII.
1085 1708 1171 1747 rinc.

139 1759 230 1807 plebi
257 1759 487 1809 patribusque
520 1787 530 1803 ,
577 1756 752 1805 postquam
784 1754 927 1792 invidia
950 1755 1039 1795 dece
1071 1768 1169 1804 erat,

136 1811 247 1846 >iuxta
281 1823 395 1857 carus.
433 1811 492 1847 ubi
516 1808 646 1847 eadem
668 1807 817 1844 inlibris
850 1805 1030 1845 confufio.
1071 1809 1168 1848 Vide

147 1861 187 1897 δε
221 1862 391 1897 Gronov.
422 1861 467 1897 ad
503 1861 587 1898 Liv.
622 1858 704 1895 Lib.
735 1856 803 1895 IV.
833 1867 909 1906 cap.
932 1857 1016 1896 LII.
1038 1858 1169 1909 Virgil.

146 1909 275 1958 Eclog.
298 1911 407 1949 VIII.
432 1922 481 1949 vs.
508 1921 563 1956 14.

200 2011 341 2060 Frigida
364 2010 431 2048 vix
453 2011 535 2050 coelo
558 2010 664 2050 not'tis
687 2007 880 2051 decefferat
895 2012 1035 2052 umbra.

145 2110 220 2148 Hic
242 2115 350 2151 ctiam
375 2114 473 2152 Libri
497 2141 507 2158 ,
544 2119 585 2150 ut
607 2114 746 2164 semper
767 2115 805 2153 in
826 2116 880 2153 his
900 2115 1019 2153 verbis
1043 2143 1055 2160 ,
1091 2123 1168 2154 tur-

143 2162 238 2200 bant.
262 2164 353 2202 adde
374 2165 518 2203 Bentlei.
542 2164 586 2201 ad
609 2164 741 2202 Hora't.
762 2166 844 2204 Lib.
867 2166 894 2204 1.
917 2165 1024 2214 Epist.
1058 2167 1165 2207 XVI.

144 2225 179 2250 11.
205 2227 236 2260 7.
266 2216 431 2265 Sequitur
451 2217 486 2254 in
506 2215 657 2252 Helmst.
671 2216 799 2253 Oxon.
813 2216 927 2255 Arnz.
945 2219 982 2254 ὃ(
995 2217 1164 2258 Ed.Vet.

141 2270 232 2300 Mox
258 2267 325 2303 dies
339 2295 349 2312 ‚
365 2266 418 2316 sol
436 2267 545 2304 etiam
566 2264 689 2314 effulsit
705 2294 714 2311 ,
744 2266 876 2304 omisso
899 2269 1081 2306 vocabulo
1103 2284 1164 2309 ve-

140 2328 211 2352 rus.
251 2317 414 2363 Quidam
449 2318 518 2354 dies
552 2329 642 2353 vere.
677 2318 852 2366 Optimus
876 2319 942 2355 dies
964 2333 1095 2365 verus,
1123 2331 1165 2361 ut

139 2365 241 2415 supra
266 2367 372 2417 Epist.
393 2368 496 2406 XVI.
518 2379 553 2404 n.
577 2378 632 2414 13.
659 2366 851 2416 veriffimus
869 2370 1022 2417 somnus.
1064 2372 1163 2411 Vide

141 2416 187 2454 ad
211 2418 291 2454 Lib.
315 2419 381 2456 llI.
404 2419 511 2468 Epist.
533 2419 602 2456 Vl.
626 2431 659 2456 n.
681 2430 715 2468 3.
768 2420 938 2468 Opponit
970 2421 1070 2458 hunc
1103 2437 1163 2461 ve-

75 2514 80 2519 ,
133 2481 221 2506 -rum
243 2470 335 2506 diem
361 2470 431 2509 diei
452 2471 499 2509 illi
520 2469 704 2520 adparenti
719 2498 730 2514 ,
757 2469 801 2506 de
824 2482 901 2519 quo
924 2483 958 2508 n.
984 2473 1039 2509 16.

192 2532 211 2570 3
244 2520 433 2570 Luridus.]
481 2522 658 2566 Lividus,
686 2520 914 2559 decoloratus
937 2549 947 2565 ‚
975 2522 1165 2570 squalidus.

142 2568 319 2622 Apulejus
335 2600 344 2615 ,
373 2572 487 2610 lurore
500 2575 686 2611 Socratem
701 2572 951 2610 deformatum
967 2585 975 2608 :
1008 2576 1044 2611 ὅς
1056 2575 1135 2613 alibi
1154 2604 1164 2620 ,

135 2620 254 2661 lurore
274 2635 316 2660 ac
338 2624 459 2660 illuvie
483 2623 633 2671 collapsa
659 2623 822 2660 mer'nbt'a
843 2623 940 2661 dixit.
970 2623 1003 2662 C
1017 2636 1038 2661 Α
1053 2637 1075 2663 τ
1091 2637 1165 2663 ΑΝ.

146 2672 315 2713 Lucanus
342 2675 425 2712 Lib.
446 2675 494 2712 V.
518 2686 567 2713 vs.
592 2684 675 2722 549.
700 2674 745 2712 de
767 2675 897 2711 Luna:

193 2794 261 2806 ·—·
310 2795 370 2807 ·—-
422 2797 492 2807 -—-
546 2788 624 2814 tum
646 2777 761 2815 lurida
781 2774 914 2825 pallens

200 2826 272 2864 Ota
292 2827 374 2865 tulit
389 2857 399 2874 ,
425 2829 532 2867 vultu
551 2829 616 2881 sub
642 2829 766 2866 nubem
790 2827 896 2874 mstis
919 2828 1028 2866 itura.

202 2944 224 2978 4
250 2936 338 2970 Cum
366 2935 501 2982 deficit,
520 2931 646 2985 solet.]
678 2932 857 2977 Legimus
880 2931 989 2968 ctiam
1014 2941 1091 2968 cum
1105 2930 1163 2968 de-

153 2982 250 3028 ficere
265 2983 369 3030 solem
396 2987 430 3024 id
454 2985 503 3024 est
519 3015 527 3030 ‚
556 2997 639 3022 curn
663 2985 797 3033 patitui·
820 2980 966 3032 eclipsin
990 2994 1035 3019 ex
1059 2985 1169 3020 inter-

159 3031 331 3081 positione
352 3037 388 3073 &
408 3037 554 3086 objectu
579 3038 719 3075 Lunae.
750 3034 904 3071 CATAN.

1292 1354 1316 1390 6
1342 1359 1463 1392 Metus
1483 1356 1729 1405 praevalebat.
1752 1356 1768 1407 ]
1809 1359 1892 1397 Nec
1914 1369 2046 1407 parvus
2068 1366 2188 1397 metus
2211 1359 2280 1400 fuit

1243 1415 1308 1452 per
1332 1406 1469 1444 multos
1494 1407 1590 1446 dies:
1620 1409 1825 1448 nesciebant
1846 1411 2019 1448 homines
2033 1409 2121 1458 quid
2138 1409 2277 1450 factum

1243 1453 1328 1494 esset
1352 1485 1362 1501 ,
1383 1469 1453 1495 nee
1475 1459 1683 1498 coniectare
1703 1459 1804 1497 unde
1829 1459 1992 1496 fastum:
2024 1458 2277 1501 existimabant

1244 1507 1342 1544 enim
1367 1519 1462 1556 quae
1489 1509 1590 1557 supra
1629 1512 1667 1547 ὃ(
1705 1511 1797 1548 infra
1831 1518 1931 1547 erant
1968 1513 2083 1548 everti
2107 1538 2118 1555 ,
2157 1511 2273 1552 solem

1244 1557 1283 1593 in
1295 1565 1428 1595 terram
1450 1558 1677 1599 descendere.
1699 1562 1816 1599 Dion.
1841 1560 1873 1597 C
1887 1573 1907 1597 Α
1922 1574 1947 1600 τ
1961 1573 1983 1598 Α
1998 1573 2035 1597 Ν.

1290 1619 1308 1654 7
1341 1609 1546 1657 Lymphati.
1573 1611 1591 1660 ]
1618 1612 1830 1657 phanatici,
1857 1611 2009 1656 larvati,
2036 1611 2276 1652 insanientes:

1239 1659 1343 1706 quod
1375 1661 1487 1708 vulgo
1521 1662 1701 1700 creditum
1736 1664 1804 1700 fuit
1830 1691 1840 1707 ‚
1867 1670 1908 1699 111
1927 1664 2140 1712 quicunque
2163 1675 2277 1712 nym-

1240 1709 1351 1755 pham
1372 1709 1536 1755 vidifi'et,
1570 1711 1850 1750 furendi'finem
1876 1723 1953 1749 non
1977 1714 2118 1751 faceret.
2159 1713 2274 1754 [om.

1239 1759 1294 1796 Ut
1311 1761 1349 1798 in
1370 1762 1510 1809 magnis
1531 1764 1729 1802 terroribus
1750 1762 1829 1802 fieri
1849 1763 1949 1802 solet.
1977 1764 2120 1802 Lucan.
2146 1765 2226 1805 Lib.
2244 1767 2274 1807 1.

1239 1821 1290 1849 vs.
1316 1823 1401 1860 495.

1286 1935 1350 1944 —
1401 1933 1464 1943 -—
1514 1936 1578 1946 -—
1623 1915 1674 1966 fic
1697 1916 1805 1954 turha
1825 1925 1883 1966 per
1907 1915 2027 1954 urbem

1286 1966 1474 2015 Praecipiti
1495 1966 1686 2016 lymphata
1705 1968 1824 2018 gradu
1877 1988 1939 1999 —-
1990 1986 2061 2000 -·-

1288 2017 1492 2067 Inconsulta
1516 2019 1602 2056 ruit.

1236 2117 1390 2158 Bitu-rit.

1281 2170 1302 2207 8
1333 2173 1443 2211 Nobis
1466 2184 1588 2212 tamen
1612 2185 1651 2210 ne
1671 2180 1760 2210 tunc
1772 2171 1951 2222 quidem]
1984 2173 2263 2213 ModiusNow

1229 2223 1341 2272 antiq.
1371 2224 1482 2274 Epist.
1517 2225 1583 2262 LI.
1618 2237 1658 2260 ne
1680 2234 1779 2261 nunc
1801 2225 1953 2273 quidem.
1978 2225 2161 2271 eleganter
2187 2255 2198 2270 ,
2224 2235 2265 2264 ut

1230 2274 1367 2320 patebit
1402 2287 1447 2313 ex
1479 2284 1569 2312 nota
1602 2273 1720 2311 nostra
1740 2274 1792 2309 'ad
1826 2275 1967 2310 Lucan.
2000 2275 2081 2310 Lib.
2118 2275 2184 2312 ΙΙΙ.
2215 2288 2266 2314 νς.

1233 2323 1320 2372 368.
1359 2324 1518 2363 Codices
1549 2334 1676 2362 tamen
1708 2322 1820 2360 nostri
1852 2335 1983 2361 omnes
2019 2326 2054 2361 in
2078 2325 2265 2374 vulgatam

1235 2374 1451 2423 conspirant.

1279 2439 1302 2471 9
1332 2424 1529 2463 Periculum
1554 2452 1565 2469 ‚
1592 2422 1691 2472 eya]
1723 2424 1875 2461 Secutus
1897 2422 1975 2461 sum
2000 2425 2267 2466 Modiiexem-

1229 2476 1336 2524 piar-ia
1367 2475 1493 2525 scripta
1520 2503 1528 2517 ,
1566 2475 1703 2522 vulgati
1730 2475 1851 2522 prius:
1887 2485 1931 2513 &¹
1963 2488 2001 2512 ea
2019 2477 2264 2525 [reflantibus.

1229 2528 1302 2564 Gn
1318 2539 1342 2563 υ
1359 2541 1381 2565 τ
1397 2539 1468 2564 izit.
1510 2531 1561 2562 Ea
1581 2524 1818 2573 spec-‘lantibus
1841 2527 1967 2563 haeret
1995 2527 2031 2563 in
2059 2527 2264 2568 Helmstad.

1230 2578 1342 2614 Arnz.
1378 2580 1416 2616 ὅ(
1448 2577 1514 2614 Ed.
1547 2576 1633 2614 Vet.
1672 2576 1724 2613 At
1745 2575 1937 2614 Mediceus
1957 2577 2261 2628 exspecianttbus,

1229 2630 1281 2665 uti
1302 2629 1442 2676 pridem
1469 2627 1579 2666 edidit
1604 2626 1718 2665 Aldus
1743 2628 1781 2665 ὅ(
1803 2627 1999 2676 Gryphius.

1284 2693 1328 2718 10
1358 2684 1473 2717 Donec
1497 2680 1537 2716 de
1559 2678 1739 2715 avunculo
1764 2679 1959 2729 nuncius.]
2003 2680 2059 2717 Sic
2087 2680 2197 2718 Palat.
2222 2682 2263 2721 &

1229 2729 1322 2767 Edd.
1346 2730 1447 2767 Vett.
1471 2731 1655 2767 neoterica
1678 2731 1777 2766 enim
1798 2730 1913 2766 verbo
1936 2731 2091 2778 amplius
2111 2732 2261 2771 nuncius

1231 2783 1380 2817 veniret.
1406 2780 1552 2818 Prorsus
1575 2780 1818 2827 supervacue:
1847 2780 1989 2818 suavius
2010 2784 2108 2818 enim
2134 2781 2261 2820 subau-

1234 2830 1338 2868 ditur.
1372 2832 1563 2870 Giton-n.
1592 2830 1837 2869 Consentiunt
1868 2841 2000 2869 omnes
2020 2833 2128 2869 etiam
2154 2832 2264 2873 nostri

1237 2881 1361 2919 Codd.
1392 2884 1427 2919 in
1461 2881 1584 2930 fugam
1611 2881 1869 2927 verbi-veniret
1885 2910 1895 2927 ,
1921 2882 2024 2929 quod
2049 2884 2153 2929 plane
2173 2881 2268 2921 con·

1237 2941 1287 2968 tra
1318 2945 1464 2971 moreni
1498 2934 1599 2971 Plinii
1632 2935 1850 2970 recentiores
1881 2932 2083 2970 adsuerunt.
2124 2933 2205 2973 Lib.
2238 2934 2267 2973 Ι.

1241 2984 1347 3032 Epist.
1368 2984 1418 3021 V.
1440 2995 1476 3021 n.
1497 2997 1532 3032 9.
1560 2983 1834 3031 &vigilaveram
1861 2998 1870 3026 3
1901 2985 2056 3021 nuncius
2078 2997 2100 3019 a
2121 2986 2265 3032 Spurin-

1239 3047 1308 3072 na:
1343 3035 1444 3073 Venio
1475 3036 1525 3072 ad
1556 3045 1600 3072 te.
1643 3034 1724 3072 Lib.
1747 3035 1798 3072 V.
1822 3034 1930 3083 Epist.
1951 3034 2054 3071 XXI.
2082 3048 2117 3071 n.
2142 3047 2174 3071 2.
2213 3036 2266 3070 si-

211 3097 226 3132 ς
259 3083 472 3135 Dubiamqne
501 3091 644 3127 nociem.
668 3087 685 3137 ]
737 3087 793 3123 Sic
825 3084 936 3123 malui
963 3112 973 3128 ‚
1001 3084 1103 3132 quod
1128 3088 1166 3123 8<
1238 3087 1388 3124 lentium
1411 3085 1576 3135 longum,
1604 3087 1751 3124 tandem
1774 3099 1795 3121 a
1815 3096 1974 3134 praetore
1996 3088 2157 3123 nuncius.
2197 3084 2263 3119 Di-
2320 3122 2322 3124 ,

151 3133 360 3182 agnosceret
380 3136 577 3178 Catanacus
601 3168 613 3187 ,
652 3141 690 3178 ὃς
717 3136 860 3176 restaret
881 3138 919 3176 in
938 3138 1046 3176 Paiat.
1073 3140 1111 3177 ὃς
1131 3138 1167 3176 111
1230 3138 1429 3178 mittuntur
1463 3138 1693 3176 centumviri.
1722 3136 1815 3177 adde
1850 3138 1932 3177 Lib.
1953 3136 2000 3175 11.
2023 3135 2131 3186 Epist.
2154 3133 2260 3172 XIV.

1525 3186 1635 3237 11111
1662 3199 1682 3225 2.
2157 3192 2258 3232 114.
