2616 3686
545 202 1885 276 LIBER1.1.EPISTOLAX111.
2221 227 2312 276 ¹37

206 305 352 362 alius.
381 311 504 354 nam
557 293 571 314 ¹
605 293 731 349 huic
768 295 988 363 quoque
1023 289 1230 343 nomini
1266 290 1466 359 pietate
1487 286 1747 342 succeffit.
1822 287 2008 341 Mater
2047 303 2079 342 e
2121 290 2305 360 primis

207 375 227 395 ²
247 370 508 429 citerioris
536 365 850 436 Hispaniae:
886 363 999 416 Scis
1022 359 1174 432 quod
1209 360 1499 430 ³judicium
1528 361 1840 432 provinciae
1862 359 2022 421 illius,
2058 377 2076 402 ⁴
2109 375 2305 430 quanta

205 446 267 502 fit
324 447 592 516 gravitas:
657 441 672 467 ⁵
732 433 945 489 Flamen
1011 433 1258 503 proxime
1318 435 1438 488 fuit.
1520 432 1691 487 Hunc
1753 445 1859 499 ego
1898 467 1915 492 ,
1965 447 2089 484 cum
2154 433 2303 486 fimul

203 518 537 574 studeremus
559 549 576 575 ‚
612 507 750 564 arste
789 505 1226 576 familiariterque
1267 505 1448 561 dilexi.
1484 505 1571 559 ille
1613 521 1763 558 meus
1800 504 1852 556 in
1878 501 2010 555 urbe
2038 539 2052 562 ,
2089 496 2108 519 ⁶
2139 504 2223 557 ille
2250 504 2306 559 in

202 588 402 647 secessu
424 578 856 642 contubernalis.⁷
872 595 997 634 cum
1022 578 1126 634 hoc
1151 578 1281 645 seria
1297 616 1314 644 ‚
1329 595 1456 635 cum
1474 576 1747 649 hocjoeos
1773 574 1975 630 miscui.

1992 573 2142 646 Quid
2163 576 2307 629 enim

2154 652 2168 672 ¹
2208 647 2300 702 illo

202 800 350 851 Equites
379 794 460 843 lege
489 790 619 831 Roscia
651 792 691 829 in
722 787 1007 841 quartodecimo
1057 789 1213 832 Theatri
1284 789 1367 829 rimi
1387 790 1456 829 viri
1478 788 1656 828 clarissimi
1676 787 1824 826 fuerunt
1845 785 2000 824 oriundi.
2025 782 2305 831 IndePacatus;

203 849 310 901 gradu
330 846 506 886 sedebant.
533 844 688 881 Cal-mn.

1283 842 1346 880 ubi
1369 841 1581 891 Hispaniam
1604 839 1749 884 laudat,
1777 845 1892 882 Haec,
1919 838 1990 881 ait,
2017 835 2209 883 duriffimos
2235 840 2303 874 mi-

249 910 268 946 7
299 894 480 944 Vitricus]
511 893 625 940 Cujus
646 892 903 932 correlativum
925 893 1110 942 privignus
1134 921 1145 938 ,
1173 894 1212 932 ὃς
1283 891 1386 937 lites,
1413 892 1497 928 haec
1516 889 1754 940 expertiffimos
1777 890 1873 926 duces
1900 917 1910 932 ,
1938 887 2018 924 haec
2039 886 2304 936 facundiffimos

195 950 282 1002 quia
303 958 442 986 nomen
465 944 513 984 est
533 943 691 982 invisum
710 941 800 980 ficut
822 956 974 980 noverca
988 972 998 988 ‚
1027 947 1208 992 correxit,

196 1008 337 1051 patrem
358 998 511 1036 alterum
535 993 701 1032 dicendo.
756 993 986 1032 Modestinus
1011 995 1182 1033 vitricum
1197 1025 1208 1042 ‚

198 1061 383 1089 novercam
407 1049 446 1087 ὃς
461 1045 668 1098 privignum
690 1046 738 1082 ita
761 1044 1035 1083 circumscribit:
1065 1050 1123 1082 Ex
1134 1046 1207 1086 alia

184 1100 299 1139 'uxore
322 1100 439 1145 natis,
469 1108 616 1134 noverca
641 1096 769 1149 dicitu(
792 1095 922 1133 matris
945 1097 1006 1134 vir
1029 1124 1040 1140 ,
1067 1109 1110 1133 ex
1138 1098 1208 1136 alio

192 1151 270 1189 viro
298 1161 405 1188 natus
429 1179 440 1196 ‚
477 1148 626 1186 vitricus
657 1146 886 1197 appellatur;
925 1159 1043 1184 eorum
1063 1158 1208 1197 uterque

189 1211 296 1239 natos
329 1200 498 1246 aliunde,
529 1197 710 1249 privignos
768 1197 1021 1248 privignasque
1064 1210 1208 1239 vocant.

198 1252 356 1290 carm.

243 1315 259 1342 1
292 1303 381 1340 Huic
404 1312 533 1351 quoque
551 1297 729 1348 nomine.]
760 1298 886 1337 Sensus
910 1297 957 1335 est
972 1327 982 1343 ,
1010 1311 1055 1336 ex
1077 1301 1208 1339 vitrico

185 1353 371 1402 condigne
392 1360 492 1401 pater
514 1351 583 1390 dici
603 1348 720 1400 potest
740 1349 903 1398 respeecu
925 1351 1064 1398 pietatis
1100 1353 1139 1390 ὃς
1171 1363 1209 1389 a-

185 1405 302 1443 moris
332 1405 371 1442 in
402 1403 610 1453 prixignum
644 1400 828 1438 Voconium
859 1410 973 1448 quem
995 1400 1207 1450 adoptavit,

190 1453 295 1504 quod
337 1453 408 1503 ipse
448 1452 494 1489 ad
527 1453 733 1500 Trajanum
764 1449 941 1487 testatur:
971 1452 1009 1488 &
1041 1460 1129 1490 tunc
1160 1452 1228 1498 fic,

188 1504 353 1552 legetur,
381 1516 466 1540 nam
488 1503 568 1539 huic
588 1514 717 1550 quoque
737 1501 875 1536 nomine
906 1510 947 1537 <9¹
975 1501 1106 1548 pietate
1127 1504 1207 1552 suc-

191 1553 289 1599 cessit.
318 1559 440 1590 Mater
459 1566 474 1588 e
492 1552 613 1600 primis
635 1550 800 1586 citerioris
821 1549 1030 1597 Hispaniae:
1063 1553 1205 1593 Verum

193 1603 219 1642 fi
240 1605 376 1650 legatur
391 1631 400 1646 ‚
429 1614 513 1637 nam
539 1600 616 1636 huic
639 1611 768 1648 quoque
789 1599 928 1635 nomino
948 1602 1077 1639 matris
1092 1604 1206 1652 pieta-

192 1653 385 1702 tesucceffit
400 1681 409 1697 ‚
439 1653 503 1688 erit
526 1650 640 1688 sensus
654 1678 664 1694 ,
694 1649 853 1686 Voconius
865 1651 1003 1697 accepit
1015 1653 1124 1690 etiam
1136 1666 1206 1693 no-

193 1716 283 1741 rnen
300 1705 421 1742 -v2trici
439 1731 448 1746 ‚
475 1703 557 1751 quia
581 1700 624 1737 ab
648 1711 695 1737 eo
718 1699 834 1736 fuet-at
865 1698 1077 1747 adoptatus:
1106 1705 1204 1744 unde

194 1756 329 1792 merito
350 1755 502 1791 alterum
528 1759 667 1801 patrem
690 1751 855 1788 vitricum
868 1750 1205 1798 appellavit.&hoc

157 1842 163 1850 ,
195 1805 405 1842 consecutus
428 1802 631 1851 est'pietate
655 1801 785 1838 eximia
807 1811 888 1848 erga
901 1809 1069 1840 matrem.
1096 1804 1202 1844 Dum

195 1856 295 1891 enim
317 1857 416 1892 ilium
438 1854 571 1890 Plinius
594 1853 681 1901 petit
701 1861 922 1900 promovere
942 1852 980 1888 in
1001 1854 1176 1893 Senatum
1191 1887 1201 1904 ‚

195 1907 340 1939 Summa
355 1932 366 1948 ‚
394 1904 533 1953 inquit,
557 1903 682 1951 pietate
698 1901 943 1939 liberalitatem
957 1902 1202 1955 sestertiiqua-

195 1953 405 2002 dringenties
428 1967 449 1989 a
470 1966 584 1990 matre
604 1953 751 1997 meruit,
778 1950 957 1998 &statim
972 1956 1086 2003 patris
1119 1955 1202 1995 hae-

193 2005 380 2041 reditatem
402 2014 444 2043 ω’
461 2004 677 2052 adoptionem
701 2015 723 2038 a
754 2002 891 2039 vitrico.
920 2005 1073 2044 CATAN.
1113 2009 1201 2046 Huic

194 2066 324 2102 quoque
348 2054 478 2092 nomini
488 2054 637 2104 pietate,
667 2051 762 2102 Ua]
791 2052 1014 2093 Emendatio
1038 2057 1201 2099 estaPal.

191 2103 451 2151 astipulantibus
478 2104 654 2143 relec'titiis
683 2103 909 2142 editionibus.
961 2106 1103 2146 Primus
1145 2111 1202 2148 in-

188 2155 268 2190 tulit
290 2155 373 2193 illud
393 2155 562 2193 haetenus
585 2162 796 2203 receptum:
836 2160 936 2194 Nam
956 2155 1036 2194 huic
1068 2172 1201 2210 quoque

187 2216 325 2242 nomme
346 2216 389 2245 cy
401 2206 527 2255 pietate
541 2205 709 2255 succeffit,
738 2205 852 2244 Aldus
874 2207 1062 2247 Manutius
1083 2210 1200 2250 Pater.

188 2254 375 2292 Gitona.
404 2257 590 2294 Mediceus
613 2267 764 2305 quoque
782 2284 791 2299 ,
818 2258 856 2294 ὃ(
874 2258 1037 2295 Riccard.
1071 2272 1200 2299 emen-

186 2304 305 2358 datnn
336 2306 433 2344 illam
454 2307 652 2346 lec'tionem
676 2319 684 2343 ι
722 2319 807 2342 nam
827 2306 905 2343 huic
927 2321 1056 2357 quoque
1088 2313 1199 2349 nomi-

185 2367 220 2390 ni
240 2356 363 2409 pictate
379 2358 526 2407 fitcceffit
541 2385 550 2399 ‚
578 2365 733 2393 tuentur.
762 2356 914 2394 Helmst.
936 2360 1075 2396 nomine
1086 2361 1198 2408 pieta-

187 2416 219 2442 te
236 2405 374 2454 succeffi't
417 2407 613 2445 Lindenbr.
636 2407 674 2443 ὅς
698 2406 864 2454 Bongars.
886 2419 972 2443 nam
993 2407 1095 2446 huius
1115 2424 1197 2459 quo-

182 2466 247 2504 que
267 2457 400 2493 nomini
421 2467 465 2495 <9⁶
483 2457 604 2506 pietati
616 2455 763 2504 succeffit
778 2484 788 2500 ‚
816 2455 965 2494 &huius
978 2487 988 2502 ,
1016 2470 1081 2506 pro
1094 2458 1172 2497 huic
1187 2491 1196 2504 ‚

185 2507 294 2543 etiam
320 2508 355 2543 in
380 2505 482 2543 Vols.
503 2508 641 2555 legitur.
668 2507 855 2544 Praeterea
878 2508 915 2543 in
937 2508 1076 2558 aliquot
1091 2510 1194 2550 MSS.

185 2555 225 2593 ὅ(
245 2556 416 2605 impreffis
437 2556 528 2594 haec
549 2556 776 2606 sequentibus
798 2557 994 2596 adhaerent
1017 2572 1024 2595 :
1047 2561 1198 2609 succeffit

184 2618 309 2644 mater.
340 2612 369 2643 E
380 2609 505 2657 primis
528 2617 595 2647 cet.
651 2607 761 2644 Unde
784 2608 838 2645 illa
864 2609 1037 2649 C21tanaei
1070 2611 1199 2650 discre-

188 2666 272 2703 pans
291 2657 400 2695 leerio
431 2660 612 2707 provenit.
662 2657 752 2695 Inde
775 2661 884 2698 etiam
912 2661 1076 2698 Riccard.
1100 2662 1200 2699 Bon-

1284 954 1436 981 oratores
1450 971 1460 987 ,
1490 941 1573 980 haec
1595 940 1791 990 clariffimos
1811 950 1912 976 vates
1926 939 2023 988 parit
2046 953 2056 972 :
2094 936 2178 975 haec
2201 938 2306 987 judi-

1280 1005 1360 1031 cum
1382 1004 1522 1038 mater,
1551 992 1633 1032 haec
1647 992 1843 1042 prinsipum
1862 987 1916 1036 est.
1969 989 2016 1026 Et
2038 987 2119 1025 sane
2140 987 2220 1026 sunt
2234 989 2305 1038 Hif

1283 1044 1383 1094 spani
1403 1045 1553 1094 ingenio
1576 1041 1734 1082 excuss'o.
1764 1043 1780 1079 1
1798 1056 1820 1079 o
1834 1054 1855 1079 E
1872 1052 1910 1077 Μ.

1319 1109 1355 1152 14
1381 1099 1536 1145 Qanta
1574 1094 1624 1144 fit
1668 1090 1880 1143 gravitas.]
1920 1089 2099 1136 Vulgatae
2148 1101 2302 1130 omnes:

1276 1146 1366 1197 fiis,
1394 1158 1534 1198 quanta
1548 1145 1598 1196 fit
1619 1146 1800 1196 gravitas.
1839 1142 1910 1181 Sed
1931 1140 2146 1184 Mediceus,
2177 1141 2306 1181 Oxon.

1285 1198 1484 1236 Lindenbr.
1508 1198 1546 1235 ὅ(
1568 1196 1738 1244 Bongars.
1760 1194 1915 1233 verbum
1932 1192 2000 1242 scis
2030 1191 2200 1238 ignorant
2214 1220 2225 1237 ,
2250 1192 2306 1230 id-

1286 1261 1359 1299 que
1381 1249 1483 1287 nuno
1504 1247 1621 1286 sensus
1642 1247 1901 1286 emolumento
1915 1271 1927 1288 ,
1963 1243 2084 1281 immo
2115 1241 2306 1282 invenuste

1286 1301 1471 1349 repetitur.

1335 1363 1354 1398 ς
1385 1348 1570 1398 Flamen]
1609 1347 1745 1393 Dialis,
1773 1359 1888 1397 quem
1911 1346 2094 1394 majorem
2117 1342 2308 1382 flaminem

1283 1400 1426 1439 Patricii
1448 1402 1588 1449 generis
1599 1400 1844 1448 appellabant:
1874 1398 2059 1434 minorem
2071 1405 2164 1431 vero
2175 1395 2307 1444 plebei.

1286 1450 1386 1488 Nam
1419 1453 1513 1490 inter
1544 1450 1755 1500 quindecim
1790 1447 1953 1485 flamines
1985 1445 2099 1483 Dialis
2120 1446 2306 1484 maximae

1288 1500 1505 1548 dignationis
1528 1509 1626 1539 erat:
1654 1499 1758 1549 super
1779 1510 1856 1548 quo
1879 1496 1976 1546 apud
2010 1496 2093 1533 Liv.
2126 1494 2308 1535 Plutarch.

1288 1550 1380 1589 Gell.
1403 1553 1452 1589 D.
1476 1551 1666 1600 Augustin.
1690 1552 1787 1588 Serv.
1813 1551 1852 1588 ὃς
1873 1546 2039 1585 Macrob.
2062 1545 2175 1583 multa
2189 1544 2308 1584 offen-

1285 1599 1358 1639 des.
1386 1603 1418 1640 C
1432 1615 1453 1639 A
1470 1616 1492 1640 T
1508 1615 1578 1639 AN.
1610 1601 1726 1638 Dialis
1749 1602 1859 1638 etiam
1883 1597 1932 1636 est
1953 1609 2020 1647 pro
2043 1597 2100 1633 dio
2121 1604 2162 1633 ut
2166 1594 2308 1645 flamen

1283 1651 1428 1697 Dialis,
1456 1664 1523 1701 pro
1544 1650 1732 1696 Jovialis,
1760 1653 1800 1688 ὃς
1831 1648 1993 1698 Apuleio
2025 1645 2133 1684 Diale
2150 1646 2308 1692 fulmen.

1282 1700 1375 1739 Inde
1399 1704 1438 1740 &
1451 1701 1520 1752 sub
1540 1702 1633 1746 Dio,
1660 1701 1765 1751 quod
1786 1701 1845 1738 alii
1866 1699 1991 1737 dicunt
2005 1696 2074 1747 sab
2095 1696 2204 1741 Jove.
2245 1697 2278 1735 E

1281 1752 1321 1789 &
1353 1752 1448 1787 Δι’·ίον
1480 1753 1665 1803 templum
1688 1752 1801 1799 Jovis.
1828 1749 1979 1799 Salmas.
1991 1748 2041 1785 ad
2051 1753 2145 1786 Suet.
2172 1746 2306 1788 Flami-

1279 1813 1344 1840 nes
1367 1802 1452 1841 dieti
1473 1814 1494 1839 a
1509 1803 1571 1852 filo
1585 1833 1596 1848 ‚
1623 1815 1700 1852 quo
1722 1804 1916 1840 utebantur
1933 1828 1943 1845 ,
1965 1797 2068 1851 quafi
2101 1799 2307 1838 filamines.

1280 1852 1325 1890 In
1347 1855 1464 1903 capite
1488 1856 1587 1892 enim
1611 1854 1747 1903 pileum
1769 1852 1974 1896 habebant,
2001 1853 2039 1889 in
2049 1862 2126 1899 quo
2141 1858 2214 1888 erat
2224 1849 2304 1888 bre-

1279 1905 1333 1942 vis
1365 1906 1489 1953 virga,
1517 1905 1666 1954 desuper
1693 1904 1829 1942 habens
1859 1903 1964 1941 lanae
1985 1901 2131 1952 aliquid.
2186 1901 2305 1950 Quod

1280 1966 1366 1992 cum
1389 1966 1453 2006 per
1474 1956 1586 1996 aestus
1609 1964 1753 2006 portare
1777 1966 1854 1992 non
1873 1952 2017 2004 possent
2034 1982 2044 1997 ,
2072 1950 2135 1989 filo
2157 1959 2303 1990 tantum

1279 2008 1395 2055 capita
1416 2008 1564 2057 religare
1586 2015 1798 2056 coeperunt.
1827 2006 1928 2044 Nam
1951 2004 2056 2042 nudis
2079 2003 2220 2052 penitus
2244 2013 2305 2039 ca-

1278 2058 1409 2106 pitibus
1445 2071 1508 2098 eos
1539 2057 1708 2097 incedere
1741 2056 1841 2095 nefas
1864 2063 1962 2101 erat,
1990 2066 2087 2105 quan
2116 2065 2203 2091 uam
2227 2053 2304 2091 die-

1280 2108 1345 2146 bus
1369 2108 1461 2147 festis
1482 2110 1575 2159 pilea
1597 2117 1673 2146 erat
1694 2104 1836 2145 necesse
1851 2108 2025 2155 accipere.
2049 2105 2087 2142 vi
2115 2135 2122 2141 .
2148 2110 2245 2141 Serv.
2260 2105 2300 2141 &

1278 2162 1394 2197 Marc.
1417 2165 1553 2198 Donat.
1607 2159 1644 2196 A
1668 2158 1815 2195 flamine
1836 2157 2038 2205 flaminium
2064 2154 2135 2198 est;
2164 2154 2212 2191 fic
2224 2152 2298 2201 fla-

1277 2209 1391 2246 minia
1424 2210 1504 2248 sunt
1537 2210 1729 2247 flaminum
1761 2207 1957 2245 sacerdotia
1981 2233 1991 2251 ‚
2021 2213 2232 2255 quanquam
2262 2202 2302 2239 ὃς

1268 2258 1437 2309 flamonii
1469 2272 1605 2298 vocem
1638 2270 1705 2307 pro
1738 2257 1901 2295 flaminio
1932 2256 2128 2304 agnoscant
2158 2260 2302 2292 veteres

1275 2308 1409 2357 glossae
1433 2312 1471 2349 ὃς
1495 2310 1674 2358 inscriptio
1698 2308 1813 2345 Albae
1834 2307 1972 2354 Juliae:

1557 2411 1602 2447 L.
1630 2408 1705 2445 FL.
1731 2408 1769 2444 V
1786 2408 1819 2445 A
1834 2409 1867 2445 L
1882 2408 1912 2444 E
1925 2408 1963 2445 N
1977 2409 2009 2446 S.

1605 2460 1673 2497 OB
1695 2459 1974 2498 HONOREM

1671 2509 1925 2549 FLAMONI

1710 2561 1749 2599 B.
1777 2561 1814 2599 P.
1842 2562 1891 2600 D.

1275 2659 1318 2698 Id
1344 2659 1570 2710 flaminicum
1602 2676 1731 2702 munus
1753 2664 1880 2702 dicitur
1903 2665 1940 2702 in
1961 2665 2027 2703 alia
2049 2666 2290 2715 inscriptione.

190 2707 272 2752 gars.
303 2709 454 2746 Helmst.
485 2722 570 2748 cum
604 2709 774 2759 Gryphio
797 2723 805 2747 ι
837 2716 863 2748 E
881 2713 1007 2760 primis
1029 2713 1100 2762 ipse
1123 2713 1201 2752 cire-
1276 2712 1360 2749 Vid.
1396 2715 1579 2752 Sirmond.
1601 2715 1645 2753 ad
1679 2715 1811 2753 Sidon:
1836 2714 1933 2752 conf.
1967 2716 2005 2753 ὃς
2028 2716 2113 2755 Aul.
2137 2718 2229 2756 Gell.
2252 2721 2289 2756 in

188 2754 285 2794 rioris
304 2760 498 2807 Hispaniae.

1275 2763 1387 2800 Noci.
1412 2764 1490 2802 Lib.
1514 2764 1558 2802 X.
1572 2768 1687 2816 capite
1700 2766 1783 2804 XV.
1812 2767 1965 2803 VEENH.
1993 2765 2119 2816 Vulgo
2132 2767 2288 2807 dabant:

238 2815 260 2842 2
286 2808 458 2848 Citerioris
484 2809 708 2861 Hispaniae]
751 2812 1034 2852 Tarraconensis
1059 2842 1069 2858 ‚
1098 2816 1199 2864 cujus
1273 2813 1335 2862 ipse
1360 2813 1504 2851 Flamen
1525 2818 1680 2860 proxime
1690 2816 1793 2865 suit3
1823 2816 1883 2854 sed
1904 2817 1989 2855 illud
2010 2818 2074 2866 ipse
2095 2817 2192 2856 deest
2204 2820 2289 2858 Me-

195 2860 353 2914 ‘'Q-“2¹¹3
377 2859 531 2898 formam
556 2861 644 2899 sicut
665 2863 815 2901 aliarum
837 2866 1108 2914 provinciarum
1121 2865 1202 2904 scri—

195 2899 248 2985 ἓιῑ
265 2903 390 2946 lems
412 2919 588 2949 mutatam
612 2911 724 2952 ruffe.
753 2915 856 2964 Lege
879 2917 978 2965 plura
1001 2915 1097 2966 apud
1110 2928 1201 2954 eun·

227 2961 284 2987 em
309 2956 345 2992 &
366 2958 600 3007 Strabonem,
625 2963 839 3003 Diodorum
865 2996 874 3012 ‚
903 2965 1079 3011 Iustinum
1095 2996 1105 3012 ‚
1134 2969 1196 3015 qui

198 2998 418 3088 &gohspfflo
444 3019 734 3060 cognomentum
756 3014 937 3066 sumpliffe
959 3015 1085 3056 asserit.
1124 3020 1200 3057 CA-

250 3112 268 3150 3
299 3103 484 3148 :judicium
503 3111 594 3152 illius
612 3116 846 3169 provinciae]
876 3119 975 3158 Nam
999 3119 1042 3158 ab
1066 3132 1106 3159 ea
1120 3121 1198 3170 plu-
1218 3131 1232 3207 ]
1324 3129 1342 3165 7

1273 2864 1379 2920 (liceo
1394 2893 1403 2908 ‚
1432 2865 1534 2904 Voff.
1559 2868 1687 2906 Oxon.
1711 2868 1879 2916 Bongars.
1901 2867 2101 2907 Helmstad.
2125 2868 2289 2909 Arnzen.

1273 2916 1311 2952 ὃς
1333 2925 1405 2952 ram
1430 2916 1542 2956 Aldus
1567 2919 1604 2956 &
1627 2918 1814 2957 Sichardus
1835 2919 2083 2968 neglexerunt.

1321 2966 1348 3019 ⁶,
1374 2966 1433 3004 Ille
1461 2968 1498 3005 in
1531 2968 1664 3020 secessu
1696 2969 1862 3020 contub.]
1900 2969 2124 3009 Mediceus:
2162 2971 2220 3009 ille
2251 2971 2291 3008 in

1272 3015 1368 3053 cellu
1387 3018 1669 3067 contubernalis,
1698 3021 1743 3060 de
1765 3033 1841 3071 quo
1876 3022 1968 3061 vitio
2002 3021 2158 3061 diximus
2190 3022 2291 3069 supra

1273 3066 1319 3104 ad
1340 3067 1447 3117 Epist.
1470 3068 1496 3106 Ι.
1520 3083 1554 3107 n.
1578 3072 1611 3110 8.

1373 3123 1466 3158 Cum
1497 3119 1558 3159 hoc
1584 3125 1674 3173 seria
1698 3151 1709 3169 ,
1748 3137 1825 3160 cum
1855 3123 1913 3163 hoc
1934 3123 2016 3165 iocos
2038 3120 2198 3173 φξβ-’13]
2229 3122 2290 3160 Est

1734 3176 1756 3214 S
1786 3187 1803 3212 2
2125 3172 2290 3210 Enniana
