2616 3686
361 345 1174 430 PRAEFATIONES
1214 344 1351 418 ET
1385 347 2188 433 DEDICATIONES

864 524 1122 582 Colendo
1159 522 1426 582 Virorum
1463 502 1702 602 Principi

188 697 1422 809 BERNARDO
1545 705 2368 838 BEMBO,

231 939 563 1011 Clariffirno
592 939 834 1029 Equiti,
884 934 1370 1028 praestantissimo
1413 936 1669 1004 Dostori
1699 945 1759 1002 &
1799 957 2006 1029 optato
2036 942 2324 1009 Veronae

276 1036 582 1110 Praetori,
618 1029 1453 1111 HIERONYMUS
1509 1035 1584 1107 H
1615 1032 1675 1109 U
1708 1032 2266 1109 ANTlNUS

894 1137 1252 1204 Veronensis
1282 1140 1653 1204 felicitatem.

380 1333 384 1353 1
419 1331 449 1384 ἡ
481 1326 535 1378 »14ss
587 1320 691 1369 Etri
717 1320 923 1370 Leandri
947 1317 1171 1367 industria
1193 1335 1252 1368 ex
1277 1318 1429 1368 Gallia
1450 1320 1588 1369 Plinii
1605 1320 1804 1385 junioris
1839 1320 1895 1368 ad
1919 1321 2177 1386 Trajanum
2203 1320 2372 1385 episto-

439 1388 552 1453 ‘J‘
585 1389 648 1435 las
672 1387 784 1435 licet
813 1401 999 1433 mancas
1027 1386 1396 1450 depravatasque
1420 1386 1664 1435 habuimus
1681 1426 1694 1446 ‚
1724 1403 1834 1451 quas
1855 1402 1941 1447 pro
1965 1389 2088 1435 virili
2113 1404 2219 1435 mea
2242 1387 2374 1435 casti-

254 1461 279 1501 ,ἑ
389 1440 528 1529 43²5„-
587 1465 715 1515 gatas
762 1450 1066 1513 inpressorum
1107 1452 1338 1498 beneficio
1391 1452 1671 1500 emittendas
1715 1451 1975 1500 censuimus
2004 1490 2017 1509 ‚
2067 1452 2375 1499 studiosorum

330 1487 539 1628 ἒξέἕξ
588 1517 774 1580 quidem
805 1516 1028 1574 utilitati,
1078 1515 1129 1563 δε
1159 1516 1299 1564 Plinii
1334 1516 1584 1578 dignitati,
1631 1517 1708 1563 sed
1742 1517 1852 1561 Tuo
1875 1514 1925 1561 in
1950 1516 2112 1576 primis
2143 1516 2376 1563 desiderio

476 1568 545 1633 ‘705
587 1582 890 1628 consulentes.
961 1581 1062 1626 Has
1099 1581 1223 1627 enim
1256 1595 1380 1627 ames
1418 1578 1597 1627 necesse
1634 1579 1701 1627 est
1725 1617 1737 1638 ,
1786 1594 1892 1626 cum
1923 1579 2126 1626 Secundi
2158 1580 2375 1642 epistolas

522 1632 543 1644 ὃ

586 1645 647 1691 fic
673 1645 904 1706 adfingas,
943 1657 997 1691 ut
1032 1644 1275 1691 aemuleris
1300 1681 1313 1702 ‚
1362 1645 1476 1706 quin
1516 1660 1633 1690 unus
1670 1644 1843 1691 videris
1877 1659 2041 1690 eorum
2073 1643 2272 1692 sensibus
2309 1645 2370 1692 sa-

190 1709 405 1758 tisfacere
437 1708 589 1771 poffe,
627 1709 706 1769 qui
735 1724 761 1753 a
783 1708 1019 1755 Ciceronis
1049 1707 1137 1770 (ut
1157 1708 1226 1756 ita
1249 1707 1435 1771 dicam)
1463 1708 1695 1769 profluvio
1721 1745 1734 1766 ‚
1772 1706 1822 1755 ἃ
1849 1709 1905 1754 ab
1931 1708 2067 1770 hujus
2101 1708 2240 1755 Plinii
2273 1711 2374 1757 bre-

192 1776 340 1823 vitate
373 1789 520 1836 aeque
547 1772 834 1819 abhorreant.
905 1772 1120 1819 Marinus
1147 1772 1274 1818 enim
1302 1773 1500 1819 Sanutus
1527 1773 1854 1836 integerrimus
1886 1772 2113 1819 Veronae
2142 1773 2374 1841 Quaestor

194 1838 244 1887 ἃ
270 1840 477 1902 ejusdem
510 1837 862 1884 commodorum
885 1836 1307 1898 adpetentiffimus‚
1346 1837 1563 1900 idemque
1600 1836 1938 1900 praestantibus
1971 1837 2083 1884 viris
2120 1838 2334 1887 omnibus
2357 1876 2373 1898 ,

196 1903 272 1950 sed
309 1904 421 1950 Tibi
464 1901 673 1964 inprimis
716 1901 966 1964 plurimum
1004 1900 1212 1949 addieius
1234 1938 1247 1960 ,
1291 1901 1407 1949 mihi
1440 1918 1591 1964 nuper
1625 1901 1828 1950 ostendit
1863 1903 2021 1949 Tuam
2057 1902 2114 1950 ad
2162 1904 2376 1953 Dantem

199 1965 403 2013 nostrum
444 1967 734 2013 cultiffimum
773 1979 964 2027 poetam
989 1965 1234 2028 epistolam
1257 1966 1443 2014 dofiiam
1476 1966 1739 2032 (Juppiter)
1777 1968 1827 2016 δε
1856 1967 1976 2016 bene
2002 1968 2243 2016 eruditam.
2303 1971 2379 2019 Ita

198 2033 341 2093 probe
361 2031 546 2088 vivam,
584 2030 677 2077 Vir
694 2030 973 2090 Clariflime,
1010 2044 1062 2078 ut
1083 2031 1131 2078 in
1153 2048 1210 2078 eo
1225 2029 1326 2079 stilo
1347 2032 1413 2079 nil
1437 2032 1615 2094 aptius,
1648 2033 1715 2080 nil
1741 2033 2025 2096 elegantius,
2050 2033 2272 2098 nilmagis
2298 2034 2378 2082 de-

196 2111 355 2142 corum
393 2095 562 2142 obtulit
605 2107 729 2142 aetas
774 2094 942 2142 nostra.
1013 2098 1117 2159 Jam
1160 2094 1376 2144 exa&um
1418 2097 1601 2145 Aurelii
1636 2098 1909 2146 Pisaurensis
1950 2098 2183 2161 judicium
2231 2099 2376 2148 video

195 2162 457 2222 proboque,
497 2160 574 2222 qui
600 2176 706 2207 cum
730 2161 967 2222 probitate
997 2161 1287 2224 Trajanum,
1323 2162 1616 2210 humanitate
1654 2163 1700 2210 T
1704 2163 1822 2210 itum
1844 2201 1857 2221 ,
1905 2179 2061 2210 amore
2095 2164 2249 2225 patrio
2280 2165 2375 2212 Re-

195 2226 353 2286 gulum
378 2238 423 2272 te
452 2225 625 2273 referre
648 2225 933 2284 enunciant,
972 2238 1071 2273 tum
1101 2227 1315 2290 ingenuis
1350 2228 1563 2275 omnibus
1597 2228 1768 2276 artibus
1808 2229 1883 2275 Te
1910 2229 2026 2292 adeo
2051 2229 2229 2290 pollere
2264 2245 2376 2276 con-

196 2289 348 2336 tendit
369 2326 381 2347 ,
429 2303 480 2336 ut
522 2291 570 2336 in
606 2289 873 2353 quaestione
906 2291 1191 2353 relinquatur
1220 2328 1234 2349 ,
1282 2308 1485 2354 quonam
1519 2293 1677 2355 scripti
1707 2309 1880 2356 genere
1917 2293 2121 2340 maxime
2152 2292 2371 2355 praestes.

197 2353 353 2419 Quare
379 2354 541 2401 litteris
573 2353 858 2402 &litteratis
887 2354 954 2402 est
983 2356 1334 2418 gratulandum,
1373 2357 1594 2419 quoniam
1617 2360 1708 2405 hoc
1744 2371 1958 2418 tempore
1986 2357 2180 2404 minime
2222 2358 2375 2406 desint

195 2418 282 2464 viri
305 2419 561 2480 principes:
602 2420 678 2481 qui
712 2418 761 2466 <Sc
794 2420 1175 2482 philosophentur
1207 2457 1220 2479 ,
1258 2420 1309 2468 ἅ
1341 2422 1724 2484 Philosophorum
1760 2421 2098 2469 consuetudine
2133 2421 2374 2470 oblecten-

192 2495 278 2528 tur.
349 2484 442 2530 Sed
486 2500 593 2530 cum
624 2483 779 2545 primis
822 2485 1118 2532 Veronenses
1153 2484 1332 2533 nostros
1375 2487 1653 2534 beatissimos
1689 2486 1867 2533 censeo.
1941 2485 2068 2553 Quid
2107 2487 2237 2533 enini
2288 2504 2372 2549 per

192 2547 351 2593 Deum
387 2547 702 2594 immortalem
737 2548 857 2594 ultra
893 2549 1070 2610 sperare
1106 2549 1309 2597 debeant
1345 2549 1474 2597 cives
1520 2549 1663 2597 nostri
1698 2549 2012 2598 do&rinarum
2047 2552 2374 2613 amantiffimi,

190 2611 265 2658 Te
288 2612 557 2659 Praetorem
592 2611 716 2658 naGti
743 2612 972 2673 optimum
988 2650 1001 2671 ‚
1039 2613 1346 2660 doEtissimum
1371 2613 1674 2662 &doffiiorum
1697 2615 1943 2662 hominum
1963 2614 2372 2665 studiosissimum?

191 2677 331 2739 Cujus
354 2676 650 2736 comitatem,
689 2677 1044 2736 dexteritatem,
1082 2679 1379 2740 prudentiam
1401 2717 1414 2738 ,
1446 2678 1674 2743 justitiam
1706 2679 1757 2728 ἃ
1786 2680 2062 2744 religionem
2097 2698 2193 2729 non
2229 2684 2372 2732 modo

191 2741 503 2788 Ferrarienses
556 2743 955 2806 Ravennatesque
998 2758 1326 2807 cognoverunt
1374 2760 1428 2792 ac
1465 2746 1678 2794 venerati
1714 2745 1831 2794 sunt.
1903 2746 2088 2793 Verum
2127 2746 2374 2797 liberalita-

191 2818 288 2853 tem
309 2843 321 2865 ‚
358 2806 585 2868 pietatem
620 2807 670 2856 &
710 2808 906 2870 reliquas
942 2808 989 2855 in
1027 2809 1102 2856 Te
1138 2809 1336 2873 insignes
1372 2809 1569 2858 virtutes
1608 2827 1715 2859 cum
1750 2812 1953 2874 optimus
1990 2812 2186 2875 quisque
2221 2814 2371 2873 colat,

194 2883 293 2917 tum
327 2872 527 2920 maxime
564 2873 850 2921 admirantur
887 2875 1232 2938 decantantque
1268 2875 1574 2923 studiosorum
1607 2877 1824 2941 ingenia,
1864 2893 1977 2939 quos
2013 2878 2062 2924 in
2096 2878 2193 2926 dies
2221 2895 2373 2936 amas,

193 2933 423 2995 sublevaS‚
461 2938 597 3001 erigis
619 2976 631 2996 ‚
668 2938 802 2986 foves
838 2938 889 2986 δε
924 2939 1063 2986 unice
1100 2939 1416 3002 ample5teris,
1455 2955 1679 3004 quantum
1715 2943 1889 2990 debent
1926 2942 2040 2991 Tibi
2074 2944 2244 2991 Dantis
2270 2945 2377 2992 Flo-

195 3000 364 3048 rentini
400 3003 520 3050 vatis
555 3018 711 3051 manes
734 3004 756 3049 ’ἲ
806 3005 923 3051 Cum
960 3020 1074 3051 unus
1110 3006 1370 3052 Ravennae
1401 3007 1641 3069 jacentem
1676 3021 1953 3071 putremque
1988 3007 2108 3056 illius
2145 3009 2375 3056 tumulum

196 3076 449 3113 marmoreo
485 3068 536 3117 ἅ
571 3068 820 3130 conspicuo
855 3083 1162 3118 monumento
1198 3070 1399 3118 erexeris
1446 3086 1500 3119 ac
1545 3073 1744 3121 mirifice
1790 3072 2101 3119 decoraveris.
2169 3073 2377 3122 Accedit

195 3127 484 3190 ampliffimae
519 3133 694 3199 gloriae
732 3134 865 3183 Tuae
900 3135 1027 3187 Petri
1072 3134 1177 3187 Filii
1220 3135 1480 3200 sapientia,
1530 3138 1608 3202 qui
1653 3137 1861 3203 paternis
1898 3136 2105 3200 vestigiis
2150 3138 2374 3213 incedens

132 3220 136 3222 >
2277 3217 2376 3265 jam
