2616 3686
418 192 442 261 .:³-
490 192 874 256 ,'·1.113ER
942 199 1012 249 X.
1076 195 1652 250 EPISTo-LA
1720 200 1938 256 xcvii.
2202 205 2298 268 εις

170 283 325 344 ferre.
401 277 539 351 Quis
561 277 904 348 enimpotest
929 276 1112 331 melius
1148 277 1232 329 vel
1267 276 1671 331 enudationem
1711 296 1885 331 meam
1928 294 2116 348 regere
2140 320 2155 344 ,
2211 283 2294 337 vel

169 361 187 423 ἔ
219 355 573 428 ignorantiam
607 350 909 410 instruere?
976 352 1397 423 Cognitionibus
1451 352 1522 406 de
1560 349 1868 406 Christianis
1901 353 2120 406 interfui
2159 371 2297 410 nun-

171 447 357 504 quam:
399 427 524 489 ideo
549 425 757 497 nescio,
799 424 963 498 quid,
1004 427 1056 479 δε
1093 441 1387 500 quatenus,
1429 441 1517 481 aut
1558 427 1733 496 puniri
1766 426 1967 488 soleat,
2007 439 2096 480 aut
2135 445 2297 499 quae-

167 508 230 574 rit
305 502 423 558 Nec
451 501 804 556 mediocriter
830 500 1106 563 haesitavi,
1144 500 1205 557 fit
1240 520 1307 555 ne
1345 502 1562 573 aliquod
1603 501 1886 556 discrimen
1928 512 2194 563 aetatum,
2234 520 2298 557 an

169 591 190 614 ²
226 577 523 650 quamlibet
569 578 741 632 teneri
783 576 914 630 nibil
955 595 983 631 a
1023 576 1412 633 robustioribus
1442 575 1709 634 differant.
1742 577 1902 632 detur
1935 575 2298 646 poenitentiae

172 655 365 709 venia:
409 653 593 715 anei,
633 653 728 724 qui
763 652 988 706 omnino
1031 651 1361 707 Christianus
1396 653 1524 716 fuit,
1565 652 1746 708 defiffe
1786 669 1896 706 non
1921 648 2118 721 profit;
2164 661 2177 685 ³
2205 667 2305 703 no-

172 745 304 786 men
328 727 498 801 ipsum
517 733 537 762 ⁴
567 728 724 781 etiam
751 726 785 780 fi
804 724 1024 798 flagitiis
1050 741 1226 781 careat
1246 764 1261 789 ,
1301 745 1365 782 an
1388 725 1589 798 flagitia
1612 727 1953 783 cohaerentia
1974 725 2181 779 nomini
2209 741 2307 793 pu-

171 805 403 860 niantur.
477 801 698 855 Interim
722 802 774 855 in
800 800 892 868 iis,
929 801 1022 874 qui
1047 801 1114 855 ad
1154 819 1240 855 me
1267 809 1522 874 tanquam
1561 803 1849 858 Christiani
1887 798 2303 861 deferebantur,

170 878 316 934 hunc
347 876 462 930 sum
487 875 701 930 secutus
723 876 969 930 modum.
1009 875 1345 948 Interrogavi
1370 879 1509 950 ipsos
1538 895 1602 932 an
1629 876 1796 932 efl'ent
1826 873 2140 930 Christiani:
2169 890 2299 928 con-

85 985 89 987 *
169 953 381 1008 fitentes
407 953 604 1005 iterum
632 969 690 1004 ac
717 952 878 1006 tertio
901 953 1256 1022 interrogavi,
1298 951 1614 1025 supplicium
1637 955 1895 1008 minatus:
1928 957 1943 986 ς
1965 949 2304 1020 perseveran-

169 1040 247 1084 tes
271 1024 589 1098 &ducijuffi
666 1025 862 1100 Neque
888 1028 1029 1081 enim
1057 1025 1398 1102 dubitabam,
1440 1030 1818 1102 qualecunque
1843 1025 1967 1080 effer
1991 1024 2143 1097 quod
2169 1022 2301 1078 fate-

2176 1116 2300 1153 ren-

1271 1239 1343 1271 an,
1369 1235 1431 1265 aut
1450 1227 1585 1271 simile,
1612 1227 1719 1276 quale
1740 1226 1800 1265 hie
1820 1224 2022 1274 pariter‚ut
2040 1222 2109 1261 illic
2141 1221 2305 1261 subintel-

168 1225 300 1275 lemnia
323 1235 433 1269 vota,
459 1224 567 1264 verba
579 1225 710 1275 fhcra,
729 1206 927 1275 fherijfcia,
956 1225 1062 1276 festa,
1088 1225 1200 1274 auspi·

1271 1277 1471 1326 ligendum.
1509 1276 1608 1316 Add.
1635 1277 1806 1327 Heinsius
1838 1275 1883 1314 ad
1915 1274 2028 1313 Ovid.
2056 1274 2144 1311 Fast.
2173 1273 2220 1312 11.
2248 1285 2301 1312 vs.

164 1281 243 1322 cia..
269 1276 472 1323 ¹ceremonias
485 1306 492 1315 .
503 1282 584 1321 ¹aras
596 1303 605 1320 ,
615 1285 723 1326 preces
738 1303 748 1319 ‚
768 1284 903 1332 pompas
917 1303 928 1320 ‚
950 1275 1048 1313 lua'os
1060 1303 1070 1320 ,
1084 1277 1198 1325 dapes,

167 1329 306 1382 epulas,
334 1327 400 1366 dies
421 1327 604 1371 habitum,
629 1327 763 1375 ignem,
788 1338 874 1370 tter,
901 1327 1099 1375 imperium,
1127 1340 1198 1365 mo-

168 1394 241 1426 rem
270 1389 313 1420 ω·
343 1378 468 1417 similia
495 1377 730 1427 hujtnmodi,
774 1377 810 1416 in
843 1377 971 1426 quibus
991 1379 1075 1416 certi
1097 1378 1198 1417 adhi-

167 1432 299 1470 bentur
320 1429 416 1466 ritus.
443 1430 500 1466 Rs
519 1442 540 1466 T
556 1440 580 1466 'r
598 1441 613 1464 ε
629 1442 650 1464 κ
665 1439 680 1466 s
695 1439 718 1464 H
730 1439 755 1466 u
771 1441 786 1465 s
801 1441 813 1464 1
827 1440 852 1466 u
868 1439 899 1465 ε.
950 1428 1033 1465 Alia
1064 1427 1199 1466 dabunt

165 1480 374 1521 Perizonius
390 1478 432 1517 ad
459 1478 574 1517 Sanst.
604 1479 764 1516 Minerv.
793 1479 876 1517 Lib.
900 1478 969 1516 lV.
988 1480 1200 1526 cap.XVII.

168 1540 248 1571 not.
278 1543 307 1569 1.
345 1533 383 1570 &
418 1529 496 1568 Cel.
527 1529 724 1578 Burmann.
747 1528 793 1567 ad
821 1529 973 1568 Phaedr.
998 1529 1093 1568 Ptol.
1123 1532 1203 1570 Lib.

135 1611 142 1617 -
165 1583 232 1623 111.
258 1592 311 1619 vs.
335 1580 397 1619 61.

225 1645 257 1671 1.
284 1631 522 1679 Ignorantiam
560 1629 773 1678 instruere]
810 1628 870 1667 De
902 1629 976 1667 hoc
1002 1628 1201 1677 significatu

170 1683 270 1724 verbi
289 1682 452 1732 instruere
470 1681 545 1720 satis
564 1680 720 1718 diximus
740 1679 784 1718 ad
805 1678 914 1729 Epist.
937 1679 1134 1718 LXXXV.
1164 1693 1202 1721 n.

173 1745 210 1784 3,
235 1744 275 1772 ut
294 1732 475 1782 longiorem
498 1731 587 1769 diem
609 1731 658 1767 ad
681 1729 927 1770 instruendam
959 1729 1113 1768 cauffam
1136 1732 1201 1769 da-

174 1797 261 1822 rem.
293 1794 386 1832 quae
418 1780 442 1820 fi
474 1781 674 1830 perpendas
694 1809 704 1826 ,
746 1783 988 1832 incongruum
1017 1782 1201 1832 adparebit

168 1833 277 1878 ,Vosst
305 1834 342 1871 &
365 1833 452 1871 Vet.
481 1832 547 1870 Ed.
574 1833 750 1878 exstruere.

222 1896 259 1924 2.
286 1883 499 1930 Quamlibet
518 1883 677 1933 teneri]
703 1883 741 1921 ld
767 1883 842 1928 est,
867 1889 1045 1933 quantum
1071 1885 1124 1922 vis
1146 1892 1199 1923 te-

170 1936 268 1979 neri,
297 1932 493 1983 quomodo
512 1934 654 1982 proprie
682 1934 852 1982 accipitur
881 1933 1082 1985 quamlibet.
1117 1935 1200 1973 No·

172 1986 239 2025 ster
269 1985 370 2034 supra
402 1984 482 2022 Lib.
519 1983 566 2021 11.
601 1983 708 2032 Epist.
745 1984 849 2024 XIV.
883 1997 917 2024 n.
946 1984 981 2021 6.
1012 1984 1072 2023 hoc
1095 1987 1200 2033 pretio

170 2035 370 2087 quamlibet
390 2034 580 2074 numerosa
599 2033 764 2085 subsellia
782 2035 982 2084 implentur.
1008 2035 1082 2073 Ubi
1099 2037 1196 2076 idem

170 2088 373 2126 observavit
391 2086 602 2131 Cataeiaeus.
629 2086 760 2134 Paneg.
788 2097 866 2135 cap.
894 2087 992 2127 LXI.
1015 2098 1051 2125 n.
1070 2098 1107 2126 2.
1125 2094 1200 2125 Ac-

169 2140 257 2177 cidit
276 2137 411 2187 quidem
424 2165 437 2181 ‚
463 2147 501 2174 ut
520 2145 653 2187 corpora
673 2137 871 2185 quamlibet
889 2137 998 2175 ardua
1017 2147 1059 2177 (7·
1080 2139 1197 2178 excel-

1277 1339 1363 1378 394.
1391 1330 1457 1366 Lo
1475 1342 1498 1366 n
1514 1341 1539 1367 o
1557 1339 1714 1368 OLIUS.

1326 1390 1361 1428 3.
1390 1386 1525 1418 Nomen
1543 1379 1680 1432 ipsum]
1708 1379 1765 1416 An
1777 1379 1969 1428 puniantur
1981 1373 2302 1425 Christiani,quod

1276 1429 1306 1465 C
1309 1430 1464 1470 hristiani
1485 1431 1672 1475 dicuntur,
1711 1429 1773 1468 etfi
1793 1430 1898 1467 omni
1917 1428 2045 1466 scelere
2065 1434 2220 1464 careant.
2263 1426 2301 1465 Si

1273 1483 1434 1520 nominis
1462 1482 1587 1520 odium
1613 1489 1710 1526 erar,
1739 1482 1816 1530 quis
1846 1480 2004 1518 nominis
2031 1478 2179 1516 reatus?
2207 1487 2302 1525 quae

1275 1533 1451 1571 accusatio
1478 1533 1738 1570 vocabulorum
1760 1559 1770 1576 ‚
1806 1530 1868 1568 nili
1900 1538 1961 1567 aut
1986 1529 2172 1567 barbarum
2199 1527 2302 1565 sonat

1272 1582 1419 1632 aliquod
1441 1595 1516 1621 vox
1536 1585 1695 1622 nominis
1710 1611 1719 1626 ,
1745 1590 1806 1620 aut
1827 1581 2019 1620 infaustum
2035 1607 2045 1624 ,
2073 1587 2134 1616 aut
2152 1578 2301 1616 maledi·

1275 1643 1382 1679 cum,
1418 1642 1478 1672 aut
1508 1635 1757 1683 impudicum:
1797 1631 2010 1669 Christianus
2042 1641 2157 1673 vero,
2185 1640 2302 1677 quan-

1273 1692 1352 1721 tum
1375 1686 1625 1732 interpretatio
1647 1685 1694 1721 est
1709 1684 1771 1726 ,ab
1791 1685 1966 1721 unctione
1988 1681 2175 1719 deducitur
2212 1681 2244 1717 C
2258 1693 2299 1715 Α-

1276 1747 1300 1772 '1'
1316 1745 1337 1771 Α
1350 1747 1374 1771 N
1391 1747 1410 1772 A
1423 1748 1443 1772 ε
1459 1749 1478 1772 υ
1492 1747 1518 1772 s.
1546 1741 1682 1773 Nomen
1702 1734 1839 1786 ipfitm]
1867 1735 2003 1771 Utrum
2026 1731 2070 1768 de
2090 1732 2243 1768 nomine
2261 1731 2302 1768 δε

1272 1785 1514 1833 appellatione
1540 1794 1708 1829 tantum,
1737 1797 1829 1832 quae
1864 1785 1985 1821 odiosa
2018 1784 2204 1830 invisaque
2234 1782 2300 1823 iit;

1270 1845 1331 1873 aut
1353 1837 1398 1874 de
1421 1837 1557 1885 flagitiis
1576 1837 1660 1875 huic
1676 1837 1800 1886 generi
1827 1836 2017 1873 hominum
2035 1862 2044 1877 ‚
2071 1833 2173 1882 quod
2197 1832 2301 1870 Chri-

1270 1885 1399 1926 stianos
1420 1887 1490 1927 sese
1512 1889 1713 1936 appellant,
1741 1888 1890 1937 propriis
1922 1886 2121 1934 puniantur.
2149 1884 2241 1920 Sane
2260 1883 2300 1920 &

1272 1946 1414 1977 veteres
1443 1946 1558 1988 patres
1590 1938 1927 1988 conquerebantur‚·
1955 1936 2158 1973 Christianis
2185 1934 2297 1980 magis

1272 1999 1412 2027 nomen
1434 2017 1445 2035 ,
1483 1999 1591 2038 quam
1626 1992 1734 2029 vitam
1760 2017 1771 2033 ‚
1808 1988 2060 2035 exprobratum
2087 1998 2095 2022 ε
2123 1993 2231 2033 atque
2251 1995 2316 2021 ex·
2356 1997 2360 2001 ·

1271 2050 1320 2075 eo
1340 2040 1417 2089 plus
1437 2041 1642 2080 acerbiffimi
1663 2042 1760 2084 odii,
1789 2051 1897 2089 quam
1922 2049 1984 2087 per
2002 2037 2128 2085 flagitia
2148 2036 2297 2073 scetera-

1269 2101 1342 2138 que
1364 2091 1438 2130 aliis
1457 2091 1561 2131 fuiffe
1587 2086 1828 2130 contractum..
1879 2090 1981 2137 Lege
2005 2086 2224 2125 >Tertulliani
2242 2086 2296 2122 A-

1269 2141 1434 2190 pologet.
1459 2154 1536 2189 cap.
1563 2143 1609 2182 ΙΙ.
1635 2143 1692 2180 ubi
1714 2154 1757 2181 ex
1779 2142 1846 2180 hac
1873 2141 1943 2189 ipsa
1964 2138 2119 2188 Epistola
2138 2136 2296 2176 nonnul-

170 2189 203 2228 sa
220 2187 409 2237 proceribus
425 2188 567 2226 admota
590 2186 794 2237 decrescant.
827 2187 1010 2238 Equidem
1033 2191 1197 2236 optimae
1263 2190 1296 2229 la
1317 2191 1463 2241 allegat,
1491 2195 1530 2232 ὃς
1549 2205 1635 2242 ςερ,
1652 2194 1718 2234 ΙΙΙ.
1745 2193 1771 2230 Β
1786 2206 1811 2231 u
1827 2205 1848 2229 c
1864 2204 1887 2228 H
1904 2205 1925 2228 Ν
1941 2204 1961 2229 E
1975 2205 2011 2228 a.

171 2239 405 2278 membranae
432 2238 650 2286 Guelpherb.
677 2235 868 2287 quaelibet,
904 2250 982 2289 quo
1009 2245 1135 2277 tamen
1158 2241 1198 2279 il-

1320 2255 1353 2288 4.
1383 2243 1525 2283 Etiamsi
1552 2246 1699 2293 flagitiis
1729 2243 1881 2292 careat]
1920 2239 2024 2278 Voss.
2061 2239 2099 2276 &
2129 2238 2294 2285 princeps

167 2290 230 2329 lud
253 2290 439 2337 vulgatum
459 2288 652 2336 elegantius
671 2287 824 2326 videtur.
859 2289 1196 2338 Quemadmodum
1269 2292 1334 2331 Ed.
1372 2295 1398 2333 fi
1422 2294 1572 2345 flagitiis
1607 2290 1736 2335 larem,
1766 2293 1911 2332 Deinde
1938 2288 2041 2328 Voff.
2071 2288 2290 2331 cohaerenti,

168 2342 336 2393 quamvis
354 2338 505 2389 Virgilio
529 2339 556 2378 l.
583 2339 680 2395 Aen.
707 2349 764 2377 vs,
795 2349 829 2389 3.

219 2447 264 2481 Ut
287 2441 453 2494 quamvis
471 2438 580 2479 avido
595 2448 757 2490 parerent
785 2451 878 2479 arua
897 2439 1017 2479 colono.

1266 2345 1461 2391 quomodo
1485 2347 1591 2384 etiam
1614 2343 1813 2394 expressum
1835 2345 1882 2383 est
1902 2344 1936 2382 in
1958 2342 1992 2378 V
1999 2349 2046 2379 et.
2075 2341 2140 2378 Ed.
2168 2340 2204 2376 δε
2225 2339 2292 2377 Al-

1265 2394 1370 2438 dina,
1396 2394 1603 2434 cohaerentis
1636 2399 1813 2444 margines
1841 2394 2045 2433 (fastuiboni
2081 2392 2118 2428 ὅ(
2139 2391 2290 2428 Minois.

1267 2445 1403 2494 Inepte.
1431 2447 1503 2484 Res
1521 2448 1590 2495 ipsa
1612 2447 1676 2486 star
1701 2459 1765 2495 pro
1786 2446 1927 2493 vulgata
1942 2474 1951 2488 ‚
1979 2455 2088 2494 quam
2119 2443 2226 2480 ceteri
2245 2442 2288 2480 li·

1260 2495 1310 2535 bri
1330 2508 1459 2534 omnes
1481 2498 1624 2537 habent.
1676 2498 1771 2535 Mox
1792 2509 1858 2548 pro
1878 2497 1914 2535 in
1936 2496 1974 2533 iis
1994 2496 2042 2535 est
2061 2495 2096 2532 in
2119 2492 2224 2530 Voss'.
2246 2493 2286 2529 δε

168 2543 266 2582 Vide
283 2542 331 2582 ibi
341 2542 628 2581 Taubmannum
651 2541 689 2578 ὃ(
709 2539 957 2580 Burmannum
978 2539 1024 2579 ad
1046 2541 1194 2582 Phaedr.
1226 2535 1241 2602 l
1257 2546 1316 2594 Jo.
1344 2542 1390 2585 de
1409 2548 1567 2586 Tridino
1590 2548 1642 2588 his
1657 2576 1666 2593 ,
1694 2550 1799 2598 quale
1823 2548 1898 2587 alibi
1919 2546 2183 2585 observavimus
2197 2554 2283 2591 ‚pu-

171 2593 252 2633 Lib.
278 2593 306 2632 Ι.
330 2592 414 2631 Fab.
443 2590 616 2630 XXVlII.
646 2601 697 2628 vs·
730 2602 762 2629 1.
787 2591 912 2630 Paullo
931 2599 1014 2630 ante
1042 2603 1109 2640 pro
1128 2602 1193 2642 pu-
1227 2605 1229 2628 i

174 2644 241 2682 niri
258 2644 490 2683 casaubonus
510 2644 547 2681 ὃς
579 2642 705 2679 Minos
731 2642 767 2680 in
797 2642 959 2689 margine
976 2641 1195 2684 adnotarunt
1226 2639 1230 2686 l

168 2694 295 2740 punire.
314 2735 317 2739 ,
345 2694 487 2734 Deinde
511 2691 611 2730 Voff.
637 2690 694 2737 Jo.
716 2690 761 2729 de
781 2692 820 2730 T
823 2691 940 2732 ridino
963 2693 999 2729 ὅ(
1022 2691 1195 2735 Catanaei
1223 2692 1230 2725 f

174 2744 268 2789 prior
295 2744 357 2784 Ed.
383 2746 509 2788 detur,
543 2743 617 2783 sine
644 2742 867 2792 reliquorum
895 2742 1063 2780 omnium
1087 2745 1192 2785 encli-

175 2791 243 2831 tica
263 2792 416 2835 diffione
439 2809 492 2835 ne.
507 2793 609 2832 Bene
630 2792 741 2832 multa
763 2793 931 2843 exempla
953 2794 1193 2844 congestimus

176 2840 274 2888 supra
293 2843 337 2882 ad
359 2847 462 2894 Epist.
491 2845 629 2885 LXIV.
655 2856 691 2884 n.
721 2857 754 2893 5.
779 2855 873 2896 quae
891 2843 1046 2882 nostram
1067 2856 1196 2885 emen-

179 2890 363 2951 dationem
391 2896 631 2935 vindicabunt.
656 2896 776 2935 immo
807 2896 840 2934 ei
868 2894 944 2934 satis
973 2894 1131 2945 praesidii
1158 2897 1194 2935 in

180 2940 247 2979 hac
268 2942 409 2998 epistola
432 2947 491 2985 est.
518 2947 644 2986 Statim
673 2947 774 2985 enim
802 2946 890 2985 haee
912 2947 1101 2994 leguntur:
1129 2958 1197 2985 no-

187 3002 275 3029 men
295 2993 398 3050 1p[um
417 2997 517 3035 etiam
534 2998 562 3046 st
588 2996 729 3047 flagitiis
762 3009 875 3036 careat
892 3025 911 3051 ,ἱ
927 3009 970 3035 an
985 2997 1124 3047 flagitia
1153 3011 1200 3037 co-

185 3041 362 3082 haerentia
391 3047 515 3086 nomini
540 3050 745 3098 puniantur.
783 3047 931 3089 Omifio
962 3048 1115 3099 pariter,
1143 3062 1206 3099 ne,

1261 2605 1297 2636 ta
1311 2608 1385 2685 1pro
1407 2598 1469 2645 iis,
1496 2607 1535 2639 ut
1553 2608 1705 2651 utraque
1724 2599 1858 2639 Aldina
1881 2599 2009 2644 habet,
2036 2595 2164 2636 orniffa
2182 2605 2286 2645 prae-

1258 2658 1439 2698 poinone

1315 2711 1347 2748 ς.
1377 2700 1672 2752 Perse-verantes]
1713 2701 1867 2740 Tertull.
1900 2701 2054 2746 capitulo
2091 2699 2285 2742 secundo.

1261 2749 1409 2787 Laniari
1429 2751 1514 2800 jube
1533 2752 1740 2801 sacrilegum
1767 2754 1832 2801 (stc
1862 2747 1951 2790 enini
1974 2753 2080 2791 dicere
2092 2751 2231 2801 fhletis)
2251 2750 2286 2795 Ji

1255 2801 1405 2850 confiteri
1430 2802 1720 2850 perseveraverit.
1775 2809 1872 2841 Nam
1904 2804 1978 2841 odio
1993 2814 2069 2841 erat
2086 2805 2123 2842 in
2141 2801 2289 2845 hominis

1258 2849 1318 2888 bus
1339 2850 1488 2889 innocuis
1505 2852 1610 2890 etiam
1633 2866 1752 2891 nomen
1773 2854 1968 2893 innocuum.
1996 2854 2020 2890 B
2035 2867 2058 2892 υ
2073 2867 2096 2892 c
2110 2867 2136 2894 Η
2149 2865 2173 2890 u
2185 2865 2206 2891 ε
2221 2866 2242 2889 R
2252 2880 2264 2892 .

1312 2901 1348 2936 6.
1378 2902 1589 2952 Ducijuffi]
1618 2905 1732 2947 Duci,
1762 2904 1807 2943 ad
1828 2906 2049 2953 supplitium.
2087 2907 2184 2944 Nam
2207 2919 2283 2947 rna-

1259 2949 1416 2998 gistratus
1441 2947 1592 2990 verbum
1628 2954 1704 2991 est:
1732 2956 1793 3002 qui
1821 2962 1881 2993 aut
1907 2956 2099 2996 tradendos
2129 2960 2283 3002 carceri,

1262 3009 1321 3038 aut
1345 3001 1552 3041 afficiendos
1572 3003 1741 3053 supplicio
1763 3007 1842 3044 duci
1855 3007 2013 3056 jubebat.
2042 3007 2178 3047 Seneca
2203 3011 2282 3047 Lib.

1263 3051 1292 3093 1.
1320 3052 1364 3091 de
1384 3054 1433 3093 ira
1455 3054 1606 3104 cap.u1t.
1633 3061 1700 3108 Cn.
1727 3057 1803 3103 Pifh
1824 3071 1899 3095 cum
1919 3058 2031 3099 iratus
2050 3060 2128 3101 duci
2141 3061 2280 3111 juffiffet

1725 3107 1841 3147 Lllll

2169 3125 2246 3152 eum
2258 3139 2269 3158 ,
