2616 3686
530 167 1133 250 FAssaicius
1200 195 1324 249 DE
1394 198 1759 253 PL1N11
1828 205 2158 262 ΕΡΙεΤ.

261 320 321 369 ad
352 333 562 368 mentem
591 315 733 364 Plinii
772 316 975 381 Junioris
1007 315 1183 378 prodiit
1218 315 1371 362 Halae
1410 316 1648 363 Saxonum
1687 334 1823 380 1701.
1862 340 1906 381 4.
1953 325 2205 377 Abrahami
2244 330 2439 396 Jaescke

260 386 437 434 Plinius
458 384 614 448 junior
637 382 844 438 Rbet0r‚
883 381 978 427 five
999 392 1252 441 praecepta
1274 379 1535 450 Rhetorica
1563 396 1622 452 ex
1645 381 1783 431 Plinii
1810 386 2028 447 Epistolis
2060 409 2279 459 excerpta
2312 396 2361 445 ἃ
2387 398 2438 444 il-

264 451 452 502 lustrata
474 447 593 510 Lips.
636 450 773 503 1698.
818 453 953 504 1708.
993 459 1039 502 4.
1075 445 1145 506 JO.
1184 443 1385 490 Henr1C1
1411 444 1595 492 Ernesti
1617 445 1793 497 Plinius
1825 451 1960 500 laude
1985 453 2050 501 sui
2073 461 2275 520 gaudens
2312 462 2436 524 Lips.

270 520 407 576 1676.
445 530 488 574 4.
526 511 602 558 Ad
635 509 764 557 Libri
789 510 925 557 VIII.
964 508 1219 571 Epistolam
1242 507 1482 567 octavam,
1526 526 1646 572 quae
1681 513 1908 578 integrior
1949 518 1996 565 in
2032 522 2313 575 editionibus
2359 528 2437 574 Al-

265 582 386 631 dinis
413 579 604 643 legitur,
643 574 968 622 commentarii
1003 573 1157 621 vicem
1186 575 1409 636 praebere
1443 573 1598 636 potest
1628 577 1855 640 Alphonfi
1894 583 2136 632 Ciccarelli
2171 592 2440 651 opusculum

266 649 325 695 de
360 646 594 693 Clitumno
629 640 777 688 fluvio
814 639 1038 688 Umbriae
1072 640 1230 686 Patav.
1274 642 1412 698 1564.
1450 637 1502 686 &
1534 640 1581 687 in
1618 642 1777 692 Tomo
1810 647 1888 694 IX.
1937 649 2162 699 Thesauri
2195 656 2358 705 Italiae
2390 657 2441 703 P.

264 713 400 759 VIII.
439 707 587 773 Lugd.
625 707 723 753 Bat.
766 719 903 766 1723.
941 703 1021 752 fol.
1058 703 1187 752 Libri
1218 704 1298 750 IX.
1337 703 1482 765 Epist.
1521 706 1665 754 XXX.
1704 709 1763 756 de
1806 711 2083 763 liberalitate
2128 717 2442 770 illustrandam

262 778 346 827 fibi
369 774 524 823 sumsit
546 772 752 834 Magnus
776 769 949 817 Daniel
974 769 1137 817 Omeis
1161 768 1378 832 singulari
1403 768 1719 821 differtatione
1744 774 1870 823 edita
1891 777 2112 828 Altdorfii
2140 789 2276 845 1687.
2312 802 2357 845 4.

331 842 511 889 Gallica
531 836 680 884 versio
702 835 887 898 elegans
911 834 1223 897 Epistolarum
1247 833 1387 882 Plinii
1408 835 1597 883 auctore
1615 839 1865 889 Ludovico
1889 843 2033 891 Saffio
2059 844 2179 909 (Mr.
2212 850 2269 897 de
2293 853 2438 917 S'acy,

263 909 455 957 Avocat
480 919 537 951 au
568 898 775 963 Conseil)
801 900 976 962 prodiit
1013 915 1150 960 1701.
1193 915 1267 947 12.
1302 900 1446 947 tribus
1469 901 1807 954 voluminibus:
1847 908 2003 955 recusa
2025 909 2072 957 in
2098 914 2194 976 ejus
2222 918 2439 977 operibus

258 973 398 1022 Paris.
441 987 459 1018 1
480 982 587 1029 722.
622 981 666 1025 4.
712 968 771 1012 les
806 965 1005 1011 Oeuvres
1039 965 1089 1012 de
1121 965 1222 1013 Mr.
1256 966 1305 1011 de
1340 965 1473 1025 Sacy,
1510 968 1559 1013 de
1592 970 1858 1018 I'Academie
1891 973 2129 1037 Franfozst.
2198 981 2253 1028 In
2287 983 2439 1044 prima

263 1038 474 1087 editione
510 1048 581 1080 an.
626 1035 766 1091 1699.
809 1046 880 1078 12.
919 1044 1106 1079 tantum
1142 1029 1326 1078 exstant
1356 1031 1460 1079 libri
1500 1047 1699 1096 quatuor
1728 1037 1919 1098 priores.
1992 1041 2171 1090 Gallice
2214 1060 2323 1094 ante
2358 1050 2438 1096 Sa-

262 1105 387 1151 cium
413 1102 742 1161 interpretatus
773 1096 926 1144 fuerat
953 1098 1155 1160 Jacobus
1189 1097 1512 1145 Bourchardus
1531 1136 1544 1157 ‚
1589 1102 1718 1163 cujus
1761 1104 2054 1153 mentionem
2086 1107 2203 1156 facit
2238 1113 2437 1163 Sorellus

260 1170 309 1217 in
340 1167 455 1214 Bibl.
496 1163 703 1220 Gallica3
740 1160 791 1209 ἅ
813 1175 905 1210 tres
926 1162 1065 1210 libros
1089 1161 1268 1224 priores
1292 1162 1583 1227 Hippolytus
1594 1167 1741 1230 Julius
1757 1168 1876 1217 Pilet
1899 1170 1956 1218 de
1980 1173 2316 1224 Mesnardiere.
2353 1177 2438 1227 Pa-

259 1235 320 1282 ris
351 1236 489 1292 1643.
532 1244 603 1278 12.
650 1227 814 1275 Italica
843 1227 994 1275 versio
1017 1226 1324 1275 laudatiffima
1357 1226 1430 1290 (p)
1468 1232 1631 1279 excusa
1666 1234 1849 1282 Romae
1889 1250 2026 1296 1714.
2063 1254 2108 1298 4.
2157 1242 2350 1292 Lettere
2391 1246 2439 1293 di

259 1298 415 1346 Plinio
439 1297 470 1344 il
501 1294 731 1358 giovane,
769 1293 979 1341 tradotte
1013 1293 1086 1340 dal
1120 1293 1363 1340 Canonico
1385 1293 1628 1345 Giovanni
1659 1298 1874 1347 Antonio
1900 1303 2133 1352 Tedeschi
2160 1342 2172 1364 ‚
2212 1323 2237 1354 e
2273 1321 2343 1357 tra
2375 1312 2438 1375 gli

257 1362 435 1414 Arcadi
471 1359 686 1407 Orticolo
716 1359 846 1406 Eleo.
896 1358 1180 1406 Germanice
1200 1359 1322 1406 haud
1350 1363 1699 1411 contemnendo
1732 1363 1884 1413 studio
1920 1368 2163 1418 transsatas
2199 1373 2326 1422 dedit
2357 1386 2439 1424 no-

258 1444 425 1492 tasque
448 1424 625 1474 addidit
653 1424 718 1472 V.
759 1425 809 1472 C.
846 1425 1050 1487 Joannes
1071 1424 1327 1482 Sartorius‚
1365 1425 1402 1470 F
1403 1424 1672 1488 loquentiae
1694 1429 1742 1476 in
1767 1430 2024 1494 Gymnafio
2040 1435 2305 1486 Gedanenfi
2329 1439 2438 1489 Pro-

258 1494 397 1544 fessor
421 1490 543 1553 Lips.
586 1503 722 1550 1712.
763 1498 803 1544 8.
845 1505 1003 1554 optem
1026 1503 1184 1537 tamen
1203 1489 1447 1537 meliorem
1469 1494 1524 1540 ab
1541 1495 1693 1557 aliquo
1708 1495 1810 1544 viro
1822 1496 1962 1544 docto
1985 1500 2213 1550 adornari.
2239 1505 2438 1558 XXXV.

258 1560 398 1608 Plinii
426 1554 663 1618 Epistolae
694 1555 852 1605 versae
873 1556 1074 1620 Anglice
1098 1571 1123 1602 a
1145 1557 1327 1619 Joanne
1357 1556 1574 1606 Tolando
1593 1560 1641 1606 in
1667 1561 1899 1623 Operibus
1922 1565 2021 1627 ejus
2045 1566 2268 1629 postumis
2295 1571 2435 1622 Tom.

263 1628 322 1675 II.
361 1641 406 1687 p.
443 1630 520 1681 48.
560 1624 634 1667 60.
666 1621 818 1668 Lond.
858 1627 993 1683 1726.
1035 1629 1075 1675 8.
1111 1619 1421 1683 Epistolarum
1451 1623 1553 1671 libri
1586 1625 1792 1675 universi
1818 1626 1869 1676 &
1898 1627 2212 1694 Panegyricus
2235 1635 2438 1699 Anglice

264 1690 406 1741 variis
428 1685 691 1736 auuoribus
722 1686 790 1750 (q)
812 1686 1053 1750 praemiffa
1078 1684 1217 1734 Plinii
1241 1686 1344 1734 vita
1365 1688 1518 1737 Lond.
1551 1704 1629 1750 172
1635 1704 1678 1750 5.

312 1846 387 1897 (p)
415 1844 588 1884 Giornale
611 1840 658 1881 de
688 1841 866 1884 Letterati
893 1843 1026 1885 d'Italia
1056 1843 1178 1884 Tom.
1205 1844 1324 1886 XXX.
1374 1852 1469 1884 Haec
1490 1847 1573 1898 quia
1590 1847 1816 1898 Epistolarum
1845 1851 1989 1890 Secundi
2015 1853 2143 1891 Lec'lori
2156 1854 2354 1904 fhfficiunr,
2383 1873 2435 1897 re-

257 1913 294 1950 p.
318 1909 402 1945 441.
1376 1898 1468 1948 liqna
1481 1911 1606 1955 ‚quae
1619 1899 1687 1957 Cyl·
1718 1899 1894 1943 Fabricius
1915 1916 1983 1958 nm
2001 1904 2115 1945 minus
2135 1905 2229 1946 docte
2248 1908 2290 1947 de
2311 1910 2436 1958 Nostm

311 1950 386 2001 (q)
414 1946 589 1990 Memoir.
611 1948 658 1991 de
684 1948 723 1990 T
726 1958 868 1991 revoux
899 1958 1011 2001 1725.
1034 1961 1070 2001 p.
1103 1960 1212 2003 1141.
1377 1949 1547 2001 d1fferust‚
1573 1961 1776 2003 omzmmus.

2309 3137 2436 3187 Ex-
