2616 3686
218 1018 222 1021 -
292 988 469 1039 tiores,

286 209 384 267 264
413 253 415 255 ,

488 203 547 250 C.
615 197 1005 250 PLINII
1073 196 1583 249 CAECILII
1649 197 2168 252 SECUNDI

360 275 561 329 acriter
598 293 629 326 a
667 271 893 328 Secundo
934 274 987 332 {5
1028 273 1253 339 Albino,
1289 273 1497 330 tandem
1530 271 1867 342 absolvitur,
1919 277 2058 349 quod
2094 274 2299 347 ‘Ursum
2332 282 2393 337 c>-

353 349 539 400 micum
577 343 827 403 admonet.
1153 388 1155 391 ι

432 481 628 537 Ansam
683 500 779 554 per
830 484 926 539 hos
980 485 1093 540 dies
1140 484 1280 540 dixit
1327 482 1339 503 ¹

437 557 485 608 &
528 572 545 591 ²
579 555 806 610 advertis
846 555 944 610 suis
983 559 1168 610 clamS.

290 632 422 682 vatis
462 626 676 681 duobus
718 645 729 680 ε

1388 483 1557 554 Julius
1598 484 1775 539 Bassus
1809 521 1825 547 ,
1876 482 2046 539 homo
2080 485 2404 553 laboriosus}

1248 558 1541 612 Accusatus
1581 560 1656 610 est
1695 556 1787 610 sub
1848 556 2167 626 Vespasiano
2216 577 2244 620 a
2293 564 2403 632 pri-

793 637 807 664 ³
871 628 939 681 ad
990 629 1243 681 Senatum
1294 627 1533 684 remiffus
1596 629 1686 682 diu
1750 629 2007 699 pependit
2055 666 2070 692 ,
2120 633 2135 657 ⁴
2188 634 2405 687 tandem

294 699 557 754 absolutus
598 698 1006 767 vindicatusque
1046 700 1136 751 est.
1202 703 1224 757 ,⁵
1264 700 1457 753 Titum
1500 700 1722 762 timuit,
1779 695 1796 718 ⁶
1834 715 1891 752 ut
1931 700 2228 755 Domitiani
2278 706 2408 756 ami—

294 789 424 825 cus:
490 788 515 822 a
569 769 883 823 Domitiano
920 771 1184 839 relegatus
1223 770 1301 824 est
1328 810 1342 832 ‚
1381 786 1399 811 ⁷
1440 785 1716 825 revocatus
1755 789 1782 823 a
1821 771 2044 826 Nerva:
2083 771 2409 845 sortitusque

292 839 312 864 ⁸
353 842 696 909 Bithyniam,
735 842 895 896 rediit
937 859 1072 896 reus,
1111 842 1384 896 accusatus
1425 857 1536 894 non
1573 843 1746 896 minus
1788 844 1978 896 aeriter
2011 882 2026 906 ‚
2077 861 2235 915 quarn
2276 846 2411 899 fide-

292 899 415 967 liter
465 912 747 967 defensus:
801 917 818 943 ⁹
857 915 1020 967 varias
1057 913 1338 967 sententias
1379 913 1560 966 habuit
1590 950 1604 973 ‚
1657 914 1830 982 plures
1865 927 2096 977 tamen,
2132 914 2276 986 quasi
2315 919 2413 972 mi-

546 984 672 1055 Egit
711 999 900 1038 eontra
939 1003 1062 1040 eum
1106 985 1434 1058 Pomponius
1473 983 1650 1055 Rufus
1678 1022 1693 1044 ‚
1733 983 1767 1010 '⁰
1789 986 1867 1037 vir
1905 1000 2114 1055 paratus
2153 988 2206 1040 &
2251 989 2410 1043 vehe-

291 1074 460 1114 menS.
499 1057 655 1114 Rufo
693 1056 937 1112 successit
978 1056 1008 1077 ¹¹
1049 1055 1457 1130 Theophanes,
1524 1072 1659 1111 unus
1695 1073 1765 1110 ex
1805 1056 1987 1125 leg-atis
2011 1093 2031 1119 2
2067 1055 2100 1075 ¹²
2145 1058 2233 1114 fax
2255 1077 2413 1115 accu-

344 1280 363 1308 1
394 1267 519 1314 Julius
546 1267 679 1318 Bassus.
704 1267 721 1319 ]
752 1268 866 1318 Βαθὺς
898 1269 1089 1319 plerosque
1111 1272 1324 1310 notavimus

289 1327 358 1368 per
396 1331 436 1357 ea
473 1328 652 1369 tempora.
707 1320 874 1357 Galhium
913 1321 1052 1369 Baffum
1090 1322 1322 1360 Praefeetum

294 1380 380 1406 orae
403 1371 512 1408 Ponti
535 1399 545 1415 ,
586 1372 704 1407 virum
730 1371 910 1419 integrum
938 1374 975 1409 ὃς
1009 1371 1179 1420 probum.
1233 1373 1325 1411 Salei

293 1418 384 1467 Baffi
405 1430 538 1468 poetae
562 1421 845 1459 excellentiffnni
872 1421 921 1458 sui
941 1423 1117 1471 temporis
1138 1426 1325 1462 memine-

294 1480 333 1505 re
370 1471 523 1508 Tacitus
546 1498 556 1514 ‚
601 1472 639 1508 ὃς
669 1470 803 1516 Juven.
858 1472 1007 1516 Julium
1041 1471 1184 1521 Baffum
1209 1474 1326 1512 decla-

292 1528 481 1558 matorem
511 1522 636 1558 recitat
674 1523 810 1559 Seneca
849 1523 886 1559 in
931 1522 1185 1561 controverfiis
1209 1553 1221 1568 ,
1249 1537 1326 1564 non

292 1570 446 1613 Jomum
464 1598 474 1612 ‚
502 1580 543 1608 ut
567 1571 750 1610 intertium
784 1573 956 1622 scriptum
991 1572 1167 1611 offendes.
1224 1574 1325 1614 Facit

291 1628 418 1657 tamen
457 1620 556 1659 Fabii
596 1621 847 1661 testimonium
884 1624 957 1671 legi
994 1623 1125 1662 debere
1162 1624 1323 1668 Junium

294 1669 436 1717 Bassum
453 1699 461 1714 ‚
493 1683 607 1720 quem
628 1673 823 1711 hominem
846 1673 1008 1713 dicacem
1033 1675 1071 1712 ὃς
1088 1686 1322 1724 cognomen-

294 1726 336 1755 to
378 1720 530 1769 Asinum
568 1721 691 1757 album
715 1750 724 1766 ‚
762 1735 804 1760 ac
840 1735 859 1760 a
897 1726 929 1762 se
956 1736 1073 1773 puero
1099 1728 1319 1774 cognitum,

295 1768 395 1808 idem
420 1770 576 1808 testatur.
606 1772 639 1808 C
655 1786 675 1808 A
692 1786 714 1810 τ
731 1785 750 1808 Α
768 1785 805 1809 n.

349 1821 569 1870 2Adverfis.
591 1820 607 1869 ]
637 1823 790 1872 Propter
813 1834 868 1861 res
888 1823 1064 1861 adversas.
1096 1826 1202 1864 Nihil
1225 1830 1323 1867 enirn

297 1868 341 1915 est
365 1871 405 1907 in
427 1872 521 1908 omni
545 1871 627 1907 vita
649 1874 698 1909 ad
718 1874 859 1910 laudem
880 1871 1049 1919 illustrius
1068 1902 1079 1919 ‚
1117 1888 1227 1925 quam
1265 1893 1323 1915 ca·

299 1920 445 1958 lamnas
462 1921 544 1971 ipsa.
577 1922 718 1961 Cicero.
749 1923 862 1961 lmzm.

351 1983 368 2020 3
405 1974 465 2008 Ad
487 1973 656 2022 senatum
686 1974 851 2024 renu'ffits.
875 1973 890 2023 ]
923 1975 1120 2022 Optimus:
1148 1989 1170 2012 a
1190 1977 1324 2027 senum

299 2022 464 2070 rcmiffics.
525 2023 614 2060 Non
646 2024 764 2062 audio.
806 2025 1003 2063 Graviores
1032 2025 1171 2066 cauffae
1199 2040 1276 2066 non
1305 2042 1323 2068 a

301 2071 476 2111 iudicibus
506 2073 789 2122 expediebantur
815 2103 826 2119 ‚
853 2075 912 2113 sed
937 2075 982 2112 ad
1010 2075 1172 2115 senatum
1201 2082 1324 2118 remit-

302 2121 500 2168 tebantur,
529 2134 568 2161 ut
596 2124 752 2163 vidimus
780 2125 860 2164 Lib.
890 2125 938 2164 11.
966 2125 1074 2174 Epist.
1103 2127 1167 2165 XI.

351 2185 374 2218 4
405 2173 578 2212 Tandem
616 2175 795 2224 absolutus
830 2177 1105 2225 vindicatusque
1141 2178 1239 2228 cst.]
1271 2181 1327 2218 Sic

302 2221 442 2262 Medic,
469 2225 666 2263 Lindenbr.
695 2226 848 2264 Helmst.
878 2229 916 2266 ὃ(
944 2226 1011 2265 Ed.
1040 2228 1125 2265 Vet.
1153 2241 1219 2277 pro
1248 2232 1328 2268 vul-

301 2281 388 2320 gato
414 2286 422 2310 :
462 2276 684 2325 tandemque
717 2277 906 2326 absolutus.
963 2277 1032 2315 Sed
1055 2278 1113 2316 ille
1135 2279 1327 2319 Mediceus

302 2333 376 2359 una
397 2336 482 2362 cum
505 2325 610 2362 Voss.
629 2336 812 2375 praeterea
836 2328 1007 2365 ultimum
1028 2327 1072 2374 est
1085 2328 1325 2370 damnarunt:

245 2419 247 2422 ι
303 2374 410 2421 quale
433 2376 470 2412 id
491 2375 540 2413 est
570 2405 581 2421 ‚
608 2376 711 2426 quod
736 2378 863 2416 Minos
885 2379 920 2416 in
945 2380 1106 2426 margine
1126 2379 1324 2421 adnotavit.

356 2438 373 2472 5
404 2427 523 2463 Titum
557 2426 724 2477 timum]

304 2475 442 2532 codicis·
459 2478 603 2516 Palatia.
625 2480 820 2527 Perperam
845 2487 951 2517 antea
981 2479 1190 2527 legebamus
1217 2495 1225 2519 z
1266 2484 1324 2520 Ti-

301 2532 381 2560 tum
412 2528 533 2564 timuit
557 2542 564 2565 :
613 2540 654 2566 ut
679 2531 882 2567 Domitiani
911 2530 1043 2566 amicus
1073 2543 1096 2566 a
1119 2533 1324 2570 Domitiano

305 2573 477 2623 relegatus
508 2577 562 2623 est.
602 2579 703 2626 Quid
733 2582 830 2618 enirn
853 2581 1033 2629 ineptius,
1061 2593 1172 2627 quam
1193 2583 1325 2622 admit-

305 2630 382 2663 tere
405 2628 488 2666 ideo
511 2630 706 2676 relegatum
732 2630 835 2668 fuiss'e
859 2642 881 2668 a
904 2631 1149 2679 Domitiano,
1178 2635 1280 2683 quod
1293 2637 1326 2674 ei

307 2677 446 2716 amicus
468 2677 583 2716 esset?
612 2681 800 2718 Gau-rea.

357 2728 380 2761 6
408 2734 452 2765 Ut
478 2731 675 2767 Domitiani
698 2730 869 2780 amicus.]
900 2731 1100 2782 Tanquam
1123 2733 1326 2783 suspec'tus,

310 2777 410 2822 quod
436 2780 693 2819 Domitianum
708 2780 874 2821 foveret:
902 2784 995 2821 inter
1011 2795 1122 2834 quem
1138 2785 1325 2825 &Titum

311 2835 409 2862 erant
431 2827 632 2869 simultates.
663 2833 695 2869 C
710 2845 729 2867 Α
745 2846 767 2870 τ
784 2847 804 2870 Α
819 2845 855 2871 Ν.

363 2885 379 2917 7
413 2882 602 2916 Revocatus
634 2895 654 2916 a
690 2889 826 2920 Nerva.
850 2883 864 2932 ]
894 2884 1090 2923 Restitutus
1114 2887 1149 2924 in
1171 2888 1322 2936 patriam

312 2926 464 2978 generali
496 2928 616 2965 edicto
650 2931 796 2970 Nervae
818 2963 827 2977 ,
857 2937 918 2983 qui
938 2936 1153 2974 austoritate
1173 2940 1323 2978 Senatus

311 2975 447 3009 ccnluxt
469 2975 608 3013 decreta
626 2989 644 3013 a
666 2980 884 3019 Domitiano
910 2985 1139 3025 rescindenda
1165 3002 1173 3025 :
1213 3001 1324 3038 quare

313 3022 415 3059 multi
448 3024 492 3059 ab
522 3026 629 3063 exilio
663 3028 797 3065 relicte
818 3058 826 3071 ‚
857 3035 948 3071 inter
969 3047 1061 3084 quos
1082 3037 1244 3082 Joannes
1268 3041 1326 3077 A-

307 3071 468 3121 postulus
491 3087 534 3113 ex
556 3077 697 3113 Panno.
727 3076 839 3115 lum.

2258 1132 2414 1187 sat-io-

1438 1267 1460 1306 8
1491 1264 1710 1317 Bithyniam.
1736 1267 1751 1318 ]
1791 1268 2026 1307 Provinciam
2061 1268 2098 1305 in
2126 1267 2237 1307 Ponti
2260 1267 2415 1307 exordio

1391 1317 1438 1356 ad
1468 1328 1608 1368 partem
1638 1319 1716 1356 solis
1747 1320 1895 1357 orientis
1918 1347 1927 1363 ,
1967 1319 2149 1356 Thraciae
2182 1317 2416 1368 oppositam,

1393 1371 1608 1418 opulentam
1629 1369 1710 1407 sane
1734 1372 1772 1408 δε
1795 1370 1938 1407 urbium
1970 1368 2134 1406 divitem.
2191 1371 2305 1406 Laeta
2336 1371 2418 1418 qui·

1395 1419 1482 1457 dern
1506 1422 1607 1467 regio
1631 1419 1704 1463 est,
1731 1428 1842 1469 atque
1864 1421 1967 1457 omni
1993 1418 2123 1455 referta
2146 1419 2334 1463 ubertate,
2362 1429 2418 1458 te-

1393 1467 1574 1507 stamento
1606 1470 1748 1507 alterius
1782 1469 1999 1508 Nicomedis
2033 1468 2093 1505 filii
2127 1470 2304 1507 Romanis
2337 1471 2418 1508 reli-

1396 1518 1464 1556 eta.
1490 1520 1657 1559 Traxere
1680 1519 1829 1567 Bithyni
1851 1521 2032 1567 originem
2056 1530 2076 1555 a
2098 1519 2326 1564 Thracibus,
2353 1523 2418 1571 qui

1394 1580 1483 1607 cum
1505 1569 1628 1607 Rheso
1646 1569 1692 1606 ad
1714 1570 1809 1607 llion
1830 1568 2067 1606 castrametati
2088 1568 2179 1606 sunt.
2209 1570 2309 1607 Nam
2333 1582 2418 1620 rege

1398 1621 1463 1657 suo
1495 1619 1691 1658 interfecto
1722 1621 1813 1658 ultra
1844 1619 2064 1667 Byzantium
2085 1618 2282 1667 transgrefli
2302 1632 2420 1670 prope

1395 1668 1533 1719 Bithyn
1558 1669 1711 1708 fluvium
1735 1700 1746 1716 ,
1774 1670 1872 1708 unde
1895 1681 2036 1706 nomen
2057 1680 2231 1718 accepere
2255 1698 2266 1714 ,
2294 1672 2419 1710 conse-

1395 1721 1556 1759 derunt:
1596 1720 1726 1759 deinde
1758 1721 1858 1758 fame
1895 1720 2072 1768 compulfi
2097 1750 2107 1765 ,
2142 1722 2179 1758 in
2202 1719 2419 1770 Bebryciarn

1395 1771 1556 1817 rediere,
1584 1775 1622 1810 ὃ(
1643 1772 1853 1821 Bithyniam
1878 1782 1945 1818 pro
1969 1771 2144 1819 Bebrycia
2171 1782 2190 1808 a
2219 1769 2318 1811 fluvii
2347 1785 2418 1811 no-

1395 1823 1496 1859 mine
1520 1850 1530 1866 ,
1574 1824 1679 1871 juxta
1711 1833 1825 1872 quern
1856 1821 2105 1859 habitaverant
2128 1849 2138 1865 ,
2183 1822 2420 1870 appellarunt.

1395 1871 1612 1910 Herodotus
1628 1902 1637 1918 ,
1666 1875 1783 1923 inquit
1802 1900 1812 1916 ‚
1842 1871 1989 1908 thraces
2010 1871 2208 1920 transgreffi
2226 1873 2265 1908 in
2291 1873 2435 1924 Afiam,

1395 1922 1511 1959 vocati
1536 1924 1627 1973 sunt
1661 1924 1843 1973 Bithyni,
1878 1922 1973 1971 prius
2009 1922 2172 1971 appellati
2200 1925 2418 1971 Strymonii,

1395 1973 1486 2020 quod
1509 1979 1729 2021 Strymonem
1754 1974 1953 2011 accelerent.
1983 1972 2099 2010 lom.
2125 1973 2292 2021 Plerique
2308 1975 2415 2014 MSS.

1397 2025 1434 2060 δί
1459 2023 1551 2062 Edd.
1573 2026 1608 2062 V
1613 2034 1674 2063 ett.
1694 2029 1729 2064 in
1755 2025 1884 2075 quibus
1910 2023 2066 2062 Aldinae
2092 2035 2244 2073 quoque
2267 2037 2276 2061 ι
2306 2026 2419 2074 sorti-

1401 2084 1529 2123 tusque
1545 2077 1754 2125 Bithyniam
1769 2105 1779 2121 ,
1810 2075 1901 2112 redit
1914 2087 2003 2111 reus.
2029 2074 2104 2111 Sed
2116 2074 2295 2122 Optimus
2304 2077 2423 2116 rediit.

1448 2138 1471 2172 9
1500 2127 1625 2164 Varias
1663 2126 1873 2175 sententias.
1895 2123 1912 2173 ]
1942 2124 2092 2163 Censuit
2138 2125 2238 2162 enim
2286 2124 2418 2166 Bebius

1400 2174 1527 2212 Macer
1549 2176 1631 2214 Cos.
1656 2175 1861 2224 designatus
1883 2177 1964 2223 lege
1988 2173 2289 2225 Repetundarum
2313 2185 2419 2216 tene·

1399 2225 1451 2269 ri,
1480 2225 1620 2275 Caepio
1645 2227 1762 2275 Hispo
1783 2227 1874 2265 salva
1897 2226 2072 2274 dignitate
2089 2224 2229 2274 Judices
2253 2225 2416 2274 dandos.

1401 2275 1552 2362 {enatus
1585 2277 1779 2324 decrevit,
1816 2284 1857 2314 ut
1889 2276 1968 2314 atta
2000 2276 2091 2315 Baffi
2123 2275 2416 2316 rescinderentur.

1448 2339 1469 2362 A
1486 2341 1508 2364 τ
1524 2341 1544 2364 Α
1559 2340 1597 2366 N.

1454 2390 1499 2416 ro
1529 2380 1588 2415 Vir
1604 2388 1781 2427 paratus,
1807 2377 1911 2428 eya]
1939 2377 2205 2422 Probalectio,
2231 2377 2290 2414 sed
2302 2386 2410 2425 quam

770 2429 818 2467 lta
851 2428 954 2466 libuit
987 2428 1226 2479 distinguere,
1251 2431 1326 2471 fide
1398 2435 1525 2466 tamen
1547 2431 1729 2478 improbat
1749 2431 1819 2469 Pal.
1843 2432 1882 2468 &
1906 2428 1963 2468 ed.
1989 2436 2116 2472 vetus;
2145 2429 2180 2465 in
2201 2426 2327 2476 quibus
2350 2432 2407 2472 pe-

1399 2479 1501 2516 ritus.
1530 2481 1722 2518 Canna.
1760 2481 1816 2518 Ex
1841 2480 1965 2518 nostris
1985 2482 2112 2518 unicus
2134 2472 2325 2530 1-ΙεὶφῆἍᾶ-
2344 2473 2406 2520 qni

1403 2529 1478 2568 fere
1501 2530 1642 2580 semper
1663 2543 1747 2569 cum
1768 2532 1933 2570 Palatino
1955 2528 2090 2569 incedit
2112 2555 2124 2572 ,
2179 2533 2280 2562 emtus
2302 2536 2312 2563 ἱ
2351 2531 2405 2558 fe·

1394 2581 1482 2630 liqui
1504 2593 1635 2620 omnes
1659 2583 1850 2621 restissime
1869 2591 2040 2631 paratus,
2067 2587 2142 2626 quo
2188 2570 2405 2626 vocabulum
2466 2588 2469 2591 Δ

1397 2643 1510 2681 quarn
1534 2632 1709 2672 familiare
1731 2632 1868 2671 Nostro
1890 2631 1932 2670 fit
1955 2659 1965 2675 ‚
1994 2628 2145 2681 dixi-mus
2165 2621 2209 2657 ad
2235 2619 2314 2676 Lib.
2341 2621 2405 2679 111.

1397 2682 1505 2732 Epist.
1529 2685 1575 2721 V.
1600 2695 1633 2721 n.
1659 2685 1692 2723 8.
1733 2683 1878 2721 Eodem
1901 2680 1998 2719 sensu
2025 2675 2102 2712 Lib.
2124 2670 2190 2708 111.
2212 2668 2318 2716 Epist.
2342 2670 2405 2707 lx.

1398 2746 1432 2771 n.
1465 2745 1521 2783 32.
1566 2738 1716 2772 Coafi‘us
1749 2733 1793 2780 est
1815 2731 1941 2778 statim
1971 2722 2161 2778 respqndere
2184 2747 2194 2762 ›
2231 2720 2404 2775 ''esp‘’ndit

1396 2784 1634 2833 paratissime,
1663 2787 1701 2823 ὃς
1725 2796 1759 2820 n.
1786 2782 1838 2819 16.
1868 2780 1926 2815 Vir
1945 2781 2150 2813 exercitatus
2172 2769 2407 2818 &vigilans,

1400 2847 1443 2874 cr
1465 2834 1660 2884 quamlibet
1670 2832 1800 2883 subitis
1824 2835 1969 2884 paratus.
1991 2823 2029 2860 δε
2050 2820 2141 2857 alibi.

1455 2900 1468 2925 1
1480 2899 1493 2924 1
1526 2890 1557 2921 T
1556 2879 1781 2933 heophanes]
1810 2878 1912 2915 Alius
1924 2869 2138 2928 Tbeqphanes
2153 2879 2258 2919 poeta
2273 2899 2282 2913 ,
2295 2883 2406 2929 quem

1402 2936 1542 2973 Graece
1572 2931 1740 2978 Pompeji
1772 2925 1865 2974 gesta
1904 2919 2066 2971 scrzpiisse
2104 2921 2246 2958 Tutius
2283 2921 2407 2960 allent,

1400 2986 1526 3022 Hodie
1559 2991 1708 3029 quoque
1737 2972 1947 3023 Theophanis
1979 2971 2090 3010 exstat
2120 2971 2303 3008 Graccum
2333 2973 2409 3021 epi-

1396 3040 1570 3082 gramma.
1601 3029 1752 3065 Cum.

1447 3093 1488 3120 12
1515 3079 1674 3126 Princeps
1701 3073 1782 3124 a]
1813 3073 1904 3112 Non
1941 3072 2084 3113 videtur
2119 3073 2193 3111 hoc
2230 3071 2266 3109 in
2288 3072 2410 3161 pricipis

2308 3134 2327 3161 e
2367 3131 2409 3161 u-

2609 408 2616 517 ξ,

2609 523 2614 601 ι
