2616 3686
253 327 266 356 z
331 327 465 384 liber
502 327 707 398 gratia,
761 328 893 383 liber
938 330 993 383 &
1038 328 1281 384 secundis
1324 328 1522 382 casibus
1565 327 1619 380 δι
1656 327 1884 383 adverfis
1925 342 2091 384 caret.

330 182 426 243 '388
588 176 1687 230 C.PL1N11‘CAECIL11
1755 177 2269 231 SECUNDI
2431 249 2468 259 *-

330 268 544 326 tempus
580 255 790 326 ipsum:
831 255 1106 328 postremo
1145 256 1229 310 vel
1267 258 1279 279 ¹
1319 272 1469 310 amor
1494 293 1509 318 ,
1559 255 1641 309 vel
1680 254 1872 311 odium
1905 257 1998 311 rei.
2037 255 2206 313 ²liber
2231 258 2479 328 offensis3

2168 330 2288 386 Res
2436 339 2446 348 ‘

332 401 466 458 mihi
491 407 504 434 ³
530 400 782 472 Fontejus
811 403 1078 472 Magnus,
1117 419 1253 456 unus
1276 419 1344 455 ex
1370 401 1612 472 Bithynis
1642 437 1659 463 ‚
1696 401 1936 470 plurimis
1967 400 2144 456 verbis
2172 441 2190 466 ,
2230 335 2477 476 paplocrirffl}
2545 391 2547 396 ’

334 474 432 528 mis
471 470 645 528 rebus,
718 482 736 507 ⁴
770 473 859 530 Est
904 475 1172 546 plerisque
1201 474 1574 536 Graecorum,
1609 486 1669 527 ut
1695 474 1798 536 illi,
1836 491 1938 546 pro
1966 477 2120 545 copia
2147 478 2474 537 volubilitas:

333 558 444 618 tam
467 544 680 619 longas,
721 560 936 618 tamque
960 546 1180 617 frigidas
1215 569 1232 596 s
1255 546 1509 616 periodos
1531 562 1642 602 uno
1668 545 1852 619 spiritu
1881 546 2024 620 quafi
2051 561 2293 605 torrente
2315 546 2477 611 ‘'con-

391 776 408 804 1
440 760 593 812 Amor.]
625 761 738 801 Causa
763 765 858 812 quae
879 762 1020 810 agitur,
1048 770 1094 797 an
1118 768 1215 808 grata
1234 759 1366 810 judici-

334 814 414 853 bus.
452 817 577 863 Quare
618 825 696 851 non
718 813 866 851 absurde
891 813 1020 851 Caesar
1041 811 1139 860 apud
1162 812 1366 850 Sallustium

335 866 436 904 suam
460 866 668 902 orationem
691 862 738 900 fic
761 864 920 902 orditur:
947 869 1077 900 Omnes
1102 864 1281 909 homines,
1301 870 1368 901 Pa-

337 927 406 954 tres
425 913 628 963 conscripti,
657 916 717 965 qui
741 916 781 952 de
803 916 905 953 rebus
929 914 1045 952 dubiis
1066 914 1294 964 consultant,
1322 914 1366 950 ab

335 965 412 1002 odio
428 993 439 1010 ‚
465 966 624 1004 amicitia
638 994 647 1012 ,
675 977 782 1016 atque
800 966 857 1005 ira
871 995 881 1010 ‚
909 977 1015 1016 atque
1038 966 1276 1013 misericordia
1300 978 1369 1002 va-

333 1027 414 1054 cuos
430 1015 488 1064 effe
512 1017 616 1054 decet.
645 1017 677 1054 C
691 1030 711 1054 A
728 1031 751 1056 τ
768 1030 787 1054 A
805 1030 842 1054 N.
871 1017 1055 1065 Corrupte
1078 1015 1235 1054 Helmst.
1257 1017 1371 1056 Arnz.

336 1067 467 1104 Oxon.
479 1069 517 1105 ὃς
532 1068 596 1106 Ed.
613 1068 696 1105 Vet.
711 1068 768 1106 vel
780 1067 1026 1112 amorem,vel
1038 1067 1156 1104 odium
1168 1068 1228 1105 rei.
1243 1069 1371 1107 Oxon.

337 1117 425 1156 liber
442 1119 566 1168 gratia
590 1148 599 1164 ‚
636 1129 681 1157 v·
703 1119 788 1158 liber
803 1119 969 1169 secundis
989 1118 1111 1168 gratia
1135 1118 1267 1167 cafibus
1303 1129 1372 1159 cet.

388 1180 410 1205 2
441 1169 579 1219 Liber.]
612 1170 744 1208 Oratio
774 1183 858 1208 mea
881 1199 890 1214 ‚
932 1181 1026 1219 quae
1057 1170 1161 1208 nullis
1182 1169 1374 1212 affeffibus

337 1221 497 1268 tangitur
522 1249 532 1266 ,
570 1221 665 1258 nulla
700 1223 810 1260 etiam
853 1222 1000 1259 fortuna
1041 1229 1216 1259 movetur
1239 1250 1251 1267 ‚
1298 1221 1374 1262 five

339 1270 461 1317 bona,
492 1271 566 1309 sive
590 1271 694 1310 mala.
725 1274 877 1312 CATAN.

391 1335 409 1373 3
442 1322 607 1371 Fontejus
635 1324 819 1374 Magius.]
852 1323 1066 1363 Advocatus
1090 1325 1253 1363 Graecus
1273 1336 1293 1362 a
1316 1325 1372 1364 Bi-

338 1374 461 1423 thynis
494 1376 531 1413 in
567 1375 742 1412 Senatum
776 1375 929 1414 ductus:
976 1377 1079 1426 cujus
1102 1375 1141 1414 fit
1165 1377 1313 1414 mentio·
1331 1378 1375 1416 ab

341 1424 478 1463 eodem
505 1425 584 1463 Lib.
609 1425 697 1462 VII.
727 1426 780 1464 In
797 1440 815 1464 E
832 1440 871 1464 M.
903 1428 1042 1476 Magius
1065 1427 1216 1477 quidem
1248 1439 1376 1468 recen-

341 1476 453 1515 tiores
476 1475 570 1514 Edd.
595 1488 726 1515 ornnes
758 1478 931 1517 exhibent
957 1492 965 1516 ε
1015 1479 1155 1516 Contra
1178 1477 1294 1528 scripti
1332 1492 1375 1518 o-

341 1537 448 1566 mnes
483 1529 521 1566 ὃς
543 1529 648 1578 primi
672 1529 829 1579 impreffi
844 1559 853 1576 ,
881 1539 922 1569 ut
945 1531 984 1568 δί
1007 1529 1123 1568 Aldus
1145 1537 1257 1579 atque
1279 1532 1376 1580 Gry—

342 1579 471 1627 phius:
503 1581 664 1618 Fonteius
690 1587 871 1631 Magnus,
901 1582 1098 1632 quomodo
1122 1584 1160 1620 &
1185 1582 1264 1620 Lib.
1287 1583 1377 1621 VII.

2203 635 2478 698 torquent.

1440 761 1604 800 ctionem
1627 763 1890 808 substituimus,
1920 764 2168 814 eamdemque
2197 765 2479 815 repraesentavit

1444 811 1571 850 Aldus.

1495 875 1513 911 ς
1547 864 1755 914 Periodos.]
1804 865 1850 903 In
1880 865 2051 906 lecstione.
2086 866 2197 904 Plena
2231 867 2406 908 sententia
2423 875 2482 922 pe-'

1444 913 1564 951 riodus
1588 914 1718 952 dicitur
1741 943 1751 959 ,
1790 917 1891 963 cujus
1911 925 2028 965 partes
2049 917 2128 955 sunt
2157 946 2167 963 ,
2197 930 2384 959 commata
2399 951 2409 967 ,
2440 925 2480 963 &

1449 965 1539 1002 cola.
1567 964 1624 1003 Fit
1656 973 1782 1004 autem
1806 967 1845 1004 in
1869 974 2034 1005 extrema
2057 968 2219 1008 clausula.
2243 981 2313 1008 nec
2334 973 2481 1022 longior

1448 1013 1519 1054 effe
1542 1015 1676 1062 debet,
1703 1027 1818 1066 quam
1842 1024 1882 1053 ut
1904 1028 1983 1054 uno
2001 1018 2123 1066 spiritu
2141 1020 2368 1068 proferatur:
2397 1037 2482 1063 mo-

1448 1065 1538 1105 dum
1572 1068 1649 1116 ejus
1675 1067 1809 1106 Cicero
1838 1076 1996 1117 quatuor
2019 1069 2160 1107 senariis
2183 1071 2335 1118 pedibus
2357 1079 2485 1116 termi-

1447 1119 1560 1156 navit.
1611 1118 1727 1157 Unde
1755 1119 1848 1157 libro
1884 1119 2022 1157 ottavo
2056 1119 2243 1158 Secundus
2265 1121 2347 1162 data
2371 1139 2484 1176 opera

1447 1168 1658 1218 longiorem
1689 1171 1870 1221 periodum
1905 1170 1991 1208 fecit
2015 1199 2025 1215 ,
2054 1178 2094 1208 ut
2117 1169 2323 1210 ostenderet
2344 1175 2379 1213 se
2403 1178 2484 1217 Ta.

1452 1222 1526 1259 cito
1557 1221 1784 1260 inferiorem.
1838 1221 2019 1260 Nonnulli
2053 1220 2129 1258 duo
2148 1222 2238 1260 illius
2259 1233 2393 1271 genera
2415 1227 2488 1269 esse

1449 1271 1574 1311 dicunt
1588 1301 1599 1319 ,
1625 1285 1744 1312 unum
1760 1271 1912 1322 simplex
1927 1300 1938 1318 ,
1967 1284 2053 1310 curn
2067 1272 2182 1311 sensus
2195 1275 2485 1326 uniuslongiore

1449 1323 1590 1362 ambitu
1618 1322 1902 1362 circumducitur
1926 1337 1934 1361 :
1971 1324 2127 1362 alterum
2151 1323 2254 1373 quod
2278 1326 2416 1366 constat
2439 1342 2486 1369 ex

1453 1376 1627 1414 membris
1641 1403 1650 1420 ,
1678 1374 1753 1412 five
1775 1374 1893 1413 incifis
1907 1403 1918 1420 ‚
1947 1374 2050 1425 quod
2074 1376 2193 1424 plures
2215 1375 2332 1416 sensus
2353 1378 2489 1429 habet,

1451 1434 1512 1472 ut,
1542 1427 1687 1465 Aderat
1712 1426 1850 1476 janitor
1881 1428 2026 1465 carceris
2051 1455 2061 1471 ‚
2109 1427 2272 1473 carnifex
2302 1433 2488 1478 praetoris.

1453 1477 1485 1515 C
1499 1490 1522 1514 A
1537 1491 1560 1516 τ
1575 1491 1596 1515 A
1611 1491 1649 1516 N.
1676 1477 1827 1525 Vulgo:
1858 1488 2002 1527 tamque
2025 1477 2153 1526 ridigas
2179 1478 2343 1528 periodos.
2378 1484 2489 1531 Quae

1449 1529 1580 1577 periodi
1604 1528 1671 1566 fint
1693 1528 1853 1576 rigidae,
1879 1530 2065 1578 inquirant
2083 1530 2152 1567 alii.
2182 1529 2260 1579 lpse
2283 1543 2327 1568 ex
2349 1531 2491 1573 Prima·

1454 1580 1510 1618 rio
1535 1579 1617 1618 MS.
1639 1578 1857 1618 emendavi:
1886 1591 2030 1629 tamque
2044 1579 2186 1629 frigidas
2194 1581 2361 1630 periodos.
2383 1584 2491 1625 Haec

342 1629 454 1679 Epist.
477 1631 544 1668 Vl.
570 1631 681 1669 iidem
705 1632 825 1670 Codd.
851 1633 1015 1672 scribunt.
1069 1633 1115 1671 Et
1141 1634 1304 1671 Fonteius
1340 1636 1379 1673 &
1454 1633 1554 1670 enim
1588 1631 1636 1670 est
1667 1630 1738 1680 ipsa
1770 1630 1828 1668 illa
1850 1633 1999 1679 ventosa
2033 1631 2227 1689 loquacitas
2247 1662 2256 1680 ‚
2287 1644 2400 1683 quam
2422 1637 2491 1676 Pe-

346 1682 492 1730 Magius
527 1683 682 1720 nomina
725 1683 804 1722 sunt
840 1685 1003 1729 Gentis;
1043 1692 1082 1722 ut
1114 1685 1248 1722 merito
1287 1688 1380 1725 anti—

1452 1684 1594 1721 tronius
1616 1683 1795 1731 exagitat,
1824 1681 2015 1721 verborum
2032 1683 2172 1732 sanatus
2187 1684 2307 1723 inanis
2333 1714 2344 1730 ,
2368 1700 2490 1727 vanus

323 1739 464 1782 ‘quum
492 1738 647 1782 Magnus
669 1734 842 1784 reecpiss‘e
868 1736 1000 1774 videar.
1031 1735 1131 1772 Infra
1159 1736 1315 1774 Helmst.
1340 1740 1379 1777 ὃς
1445 1733 1635 1784 strepitus,
1664 1736 1703 1772 ὃς
1735 1745 1831 1783 quae
1869 1734 1937 1772 alia
1969 1734 2007 1772 in
2038 1734 2101 1772 tali
2138 1734 2321 1774 Oratione
2345 1736 2491 1779 Tullius

347 1784 477 1820 Oxon.
503 1784 727 1834 sancliffimis
759 1785 893 1830 rebu55
943 1787 1151 1835 Gryplrius:
1181 1787 1379 1835 arerzffimis

283 1872 290 1878 ,
346 1834 459 1872 rebus.
484 1836 608 1874 Ceteri
636 1836 752 1885 scripti
788 1839 826 1875 δε
840 1837 931 1876 Edd.
946 1838 1048 1875 Vert.
1062 1838 1230 1886 vulgatae
1244 1839 1379 1879 favent.

394 1898 418 1933 4
445 1890 527 1931 'Mos
547 1885 591 1933 est
607 1886 781 1936 plerisque
805 1894 1020 1927 Graecorum
1035 1892 1050 1934 ,'
1066 1888 1167 1938 eya]
1199 1888 1380 1929 Afiatico-

345 1946 454 1974 rum:
483 1948 571 1974 nam
593 1937 709 1976 Attici
732 1940 834 1988 preffi
860 1941 896 1978 &
920 1951 1047 1989 graves
1072 1969 1082 1985 ,
1121 1938 1170 1978 isti
1195 1942 1321 1981 inanes
1341 1955 1382 1982 ac

346 1986 601 2025 redundantes.
627 1990 777 2032 ‚Cicero
812 1992 849 2029 in
872 1991 986 2029 Bruto
1010 1991 1054 2029 de
1079 1991 1190 2029 Claris
1216 1992 1383 2034 Oratori-

346 2036 414 2074 bus
447 2050 525 2088 cap.
558 2039 680 2078 XCV.
734 2041 852 2079 Aliud
873 2054 993 2080 antem
1013 2056 1120 2092 genus
1142 2042 1186 2089 est
1209 2057 1279 2081 non
1301 2056 1384 2083 tam

339 2087 528 2137 sententiis
549 2091 826 2140 frequentatum
850 2121 860 2138 ,
900 2107 1008 2144 qttam
1043 2094 1160 2132 verbis
1183 2095 1322 2133 volucre
1343 2111 1384 2134 ac

348 2139 569 2183 incitatum;
601 2142 703 2190 quale
724 2143 768 2190 est
791 2156 883 2180 nunc
906 2144 996 2194 Asta
1018 2156 1106 2182 tota.
1147 2145 1324 2185 Meminit
1347 2150 1385 2186 &

348 2189 429 2227 alibi
464 2192 656 2230 Petronius
690 2205 764 2244 cap.
790 2195 836 2231 ΙΙ.
884 2201 1005 2244 Nuper
1027 2195 1174 2244 ventosa
1197 2195 1323 2242 isthaec
1345 2212 1386 2239 φ·

346 2242 500 2279 enormis
522 2243 720 2292 loquacitas
748 2246 910 2284 Athenas
933 2260 975 2283 ex
1001 2246 1090 2299 ᾼβιι
1123 2249 1388 2297 commigravit.

347 2291 474 2330 Etiam
508 2293 557 2330 D.
589 2293 772 2343 Augustus
805 2295 970 2336 Asiaticis
989 2298 1112 2335 inanes
1125 2299 1324 2347 sententias
1351 2304 1390 2341 ὅς

354 2342 620 2382 volubilitatem
644 2347 843 2384 verborum
865 2349 1012 2394 tribuit,
1042 2361 1128 2386 cum
1153 2350 1208 2386 M.
1233 2351 1390 2392 Antonii

357 2393 560 2433 diffionem
595 2396 846 2446 perstringeret
873 2428 883 2444 ,
922 2408 963 2437 ut
1003 2401 1200 2439 Suetonius
1234 2402 1312 2440 Lib.
1344 2405 1391 2442 11.

358 2456 435 2494 cap.
460 2446 678 2484 LXXXVI.
704 2449 825 2487 refert.
853 2450 1065 2489 Euenum.
1102 2452 1269 2498 Eadem,
1297 2467 1392 2505 quae

358 2494 570 2535 Buclrnerus
596 2527 606 2543 ,
641 2499 868 2550 adscripscrat
898 2502 1062 2541 Barthius
1088 2532 1097 2546 ‚
1137 2504 1266 2553 quibus
1299 2505 1392 2545 adde

357 2546 537 2585 Plutarch.
570 2550 710 2587 Anion.
745 2564 823 2600 pag.
857 2554 943 2599 (μί).
975 2556 1012 2592 &
1048 2566 1142 2604 quae
1164 2555 1323 2605 Interpp.
1349 2559 1393 2596 ad

358 2598 506 2636 Petron.
542 2611 617 2649 cap.
654 2601 678 2637 l.
714 2603 752 2638 ἓ(
778 2604 822 2640 ll.
852 2604 1008 2642 Praestat
1027 2606 1151 2642 locum
1175 2606 1290 2654 ipsum
1315 2619 1395 2646 cor-

363 2650 488 2698 rigere.
518 2651 773 2700 Vulgolegas:
806 2655 893 2691 Mos
918 2655 1143 2706 estole-risque
1157 2662 1394 2705 Graecorum,

364 2712 405 2738 ut
427 2702 489 2739 illis
512 2701 552 2738 lit
569 2712 631 2751 pro
655 2705 745 2750 copia
770 2705 982 2743 volubifitas.
1013 2708 1127 2745 Tunc
1147 2708 1183 2744 in
1204 2709 1397 2749 cultiffimo

365 2751 535 2806 scriptore
556 2753 645 2792 feras
671 2769 677 2791 :
713 2761 787 2793 Mos
811 2756 854 2803 esl
872 2756 1042 2806 plerisque
1057 2787 1066 2802 ,
1097 2770 1137 2796 ut
1158 2758 1230 2796 illis
1246 2761 1296 2808 stt
1319 2791 1327 2806 ‚
1358 2764 1397 2802 ὃς

370 2806 461 2840 teras
495 2813 619 2841 contra
654 2817 785 2845 omncs
807 2808 913 2845 libros
943 2819 1086 2847 veteres
1112 2808 1127 2846 ?
1169 2809 1211 2847 In
1232 2811 1394 2852 Hebnst.

373 2850 484 2905 Arna.
523 2854 653 2892 Oxon.
686 2860 724 2894 ὃς
759 2858 825 2896 hd.
861 2860 946 2896 Ver.
980 2863 1164 2909 reperias:
1192 2862 1395 2910 pauciffi'mis

371 2912 481 2954 rooles.
530 2903 585 2947 Est
605 2905 767 2954 olerisque
792 2916 1004 2947 Graecorum
1026 2925 1068 2948 ut
1102 2913 1176 2950 cito
1207 2916 1298 2961 copia
1333 2929 1397 2953 vo-

372 2948 488 2984 lubrln
524 2978 533 2992 ‚
586 2956 686 3000 quod
734 2960 883 3005 quidem
933 2963 1098 3009 ineptum
1149 2962 1204 3001 est.
1263 2966 1394 3014 Aptius

1452 1787 1646 1834 pluresque
1668 1793 1855 1834 praeterea
1875 1792 2062 1823 notarunt.
2092 1785 2276 1834 Frigidum
2300 1789 2398 1826 enim
2413 1791 2493 1828 ina-

1453 1848 1501 1875 ne
1525 1838 1563 1874 &
1587 1838 1713 1875 inutile
1735 1835 1832 1886 apud
1856 1836 2044 1874 Nostrum.
2077 1836 2157 1875 Lib.
2182 1836 2210 1873 I.
2233 1837 2343 1884 Epist.
2369 1839 2432 1877 IX.
2454 1845 2493 1883 ng

1454 1901 1486 1939 3.
1522 1889 1619 1937 Qot
1645 1888 1713 1926 dies
1738 1917 1748 1933 ‚
1812 1900 1897 1925 uam
1923 1886 2056 1935 frigidis
2087 1886 2188 1925 rebus
2211 1888 2375 1938 absumfi.
2405 1891 2491 1932 Lib.

1456 1939 1522 1977 IV.
1555 1938 1664 1988 Epist.
1690 1901 1816 1977 XVI}
1837 1950 1873 1977 n.
1894 1950 1929 1986 4.
1953 1938 2086 1976 omnia
2109 1937 2173 1984 ista
2198 1937 2326 1987 frigida
2348 1952 2392 1980 ω’
2412 1942 2492 1980 ina..

1455 1991 1515 2028 nia
1547 1991 1733 2028 videntur.
1774 1990 1827 2027 Ita
1862 1990 1997 2029 Cicero
2022 2003 2030 2027 :
2061 1988 2204 2038 frigida
2235 2001 2278 2029 e>
2299 1990 2413 2030 ieiuna
2433 2006 2490 2031 ca·
2517 2022 2521 2026 .

1455 2042 1594 2080 lamnia
1618 2071 1629 2086 ‚
1667 2042 1798 2080 Graeci
1833 2043 1942 2080 etiam
1966 2038 2109 2089 ψυχςὶν
2130 2041 2168 2078 &
2185 2039 2405 2090 ’ψυχρότητα
2425 2057 2487 2084 eo-

1461 2094 1547 2132 dem
1567 2093 1668 2131 sensu
1690 2092 1937 2141 frequentant.
1967 2092 2123 2130 (Σοιϊε.

1509 2145 1531 2181 6
1559 2142 1844 2193 Contorquent.]
1874 2142 2082 2189 Jaculantur
2103 2152 2280 2193 tanquam
2303 2146 2418 2186 telum
2429 2147 2487 2186 211²

1461 2196 1565 2247 quod
1589 2196 1627 2233 in
1648 2193 1904 2233 adversarium.
1943 2195 2001 2234 Sic
2020 2195 2210 2242 Juvenalis
2229 2198 2274 2235 de
2297 2199 2483 2248 enthyme-⁴

1462 2255 1583 2286 mate:

1512 2369 1574 2380 --
1602 2354 1649 2388 Et
1671 2360 1813 2388 curtum
1826 2351 1986 2400 sermone
2005 2361 2122 2390 rotato

1516 2407 1691 2451 Torqueat
1713 2401 1956 2450 enthymema.
1984 2423 2055 2433 ·——

1462 2503 1564 2542 CAT
1581 2516 1655 2541 AN.
1685 2505 1831 2554 Saepius
1860 2505 2015 2543 iaculari
2037 2535 2047 2552 ‚
2075 2503 2254 2555 torquere,
2278 2502 2403 2551 iam„
2427 2508 2479 2532 m-

1460 2557 1555 2592 afr‘are
1577 2553 1673 2592 dieta
1696 2557 1733 2594 in
1755 2568 1869 2606 quem
1892 2557 2022 2605 legitur
2045 2585 2056 2602 ‚
2093 2556 2150 2593 sed
2172 2563 2249 2607 non
2269 2560 2307 2602 ea
2329 2554 2480 2584 notione

1461 2617 1682 2655 contorquere
1704 2608 1763 2645 hic
1786 2608 1835 2645 est
1856 2605 2088 2656 capiendum.
2125 2604 2221 2654 QUJ³
2242 2607 2338 2633 enlm
2361 2595 2405 2632 dc
2427 2605 2481 2644 pe-

1460 2658 1569 2694 riodis
1590 2658 1778 2707 loquitur,
1807 2660 1846 2697 δε
1865 2657 2028 2695 torrentis
2043 2655 2229 2691 meminit,
2254 2655 2482 2694 contorquent

1466 2710 1531 2746 erit
1555 2709 1752 2757 colligunt,
1781 2707 2027 2747 concludunt,
2055 2695 2379 2753 comprehendunt.
2428 2698 2482 2735 lta

1465 2759 1537 2808 ipse
1586 2760 1730 2798 Tullius
1776 2757 1971 2796 Periodum
2017 2748 2190 2804 amb-atum
2212 2775 2221 2790 ‚
2257 2758 2442 2802 cit-furtum
2468 2777 2480 2794 ,

1465 2809 1794 2860 comprehensionem
1817 2835 1828 2852 ,
1855 2801 2197 2844 circumscrtpnonem
2221 2810 2388 2834 ammonis
2413 2811 2482 2836 vo-

1465 2872 1521 2900 cat
1623 2872 1700 2908 quo
1748 2857 1891 2907 proprie
1935 2849 2018 2886 facit
2076 2859 2304 2896 contorquere.
2379 2849 2484 2889 Idem

1468 2913 1546 2950 Lib,
1559 2890 1618 2947 '11.
1647 2910 1692 2947 de
1714 2908 1876 2945 Divinat.
1893 2911 1968 2947 cap.
1994 2898 2057 2935 LI.
2087 2899 2222 2935 Deinde
2235 2908 2484 2948 contorquent

1462 2974 1568 3010 atque
1588 2961 1640 2996 ita
1664 2956 1878 2993 concludunt
1901 2967 1911 2986 .-
1954 2955 2035 2986 Non
2058 2950 2166 2998 igitur
2182 2950 2270 2998 sunt
2304 2951 2354 2989 dij
2379 2980 2390 2995 ‚
2427 2964 2484 2989 nec

371 2999 475 3035 Vols.
505 3002 787 3052 (stestplcr1'571oe
812 3015 1021 3046 Graecorum
1039 3022 1098 3059 pro
1123 3015 1214 3062 copia
1228 3017 1393 3053 volubili·
1451 3008 1656 3060 significant
1674 3007 1819 3050 sutura.
1877 3000 1957 3039 Lib.
1993 3000 2060 3037 III.
2096 3000 2243 3038 Tuscul.
2279 3000 2375 3049 Drr'p.
2407 3013 2484 3052 cap.

368 3060 439 3088 tas.
469 3049 583 3087 Vides
616 3053 670 3087 illa
704 3067 773 3089 mos
810 3058 846 3092 &
869 3057 909 3098 fit
932 3061 967 3095 in
993 3063 1091 3098 nullo
1114 3066 1198 3102 Vct.
1222 3067 1315 3104 Cod.
1338 3077 1393 3104 re-

362 3101 480 3152 periri.
509 3100 591 3141 Nos
625 3115 669 3141 cx
704 3107 904 3145 veterrimis
938 3112 1157 3153 membranis
1191 3122 1318 3156 veram
1338 3116 1390 3156 le·
1449 3106 1649 3167 sententias
1668 3103 1797 3159 eolltgre
1820 3108 1834 3140 !
1864 3116 1950 3154 quae
1983 3102 2370 3158 perba'5031501‘quet!
2403 3104 2472 3142 Lib

1461 3056 1601 3096 XXVI.
1637 3058 1694 3091 At
1726 3067 1835 3110 quam
1869 3052 2062 3089 rhetorice!
2092 3064 2198 3100 quam
2219 3052 2365 3100 copiose!
2396 3066 2484 3103 quas

2438 3130 2486 3206 [ιζ
2512 3178 2521 3184 .
