2616 3686
429 228 437 235 .
532 176 1870 242 L-IBER'v.E1³·15'roLAx1v.
2159 203 2252 268 '371

118 267 291 324 mitum
326 258 462 318 enim
487 296 505 323 ‚
542 273 606 311 ne
640 254 884 322 defiderio
919 250 933 272 ⁸
969 253 1246 310 Senatoris
1285 274 1383 311 non
1397 261 1524 331 jam
1563 261 1712 332 quast
1745 264 1808 315 de
1848 264 2128 334 ntmdint's,
2154 279 2258 342 fid

118 336 268 410 quast
281 335 343 390 de
396 331 568 394 ratia,
598 331 784 402 fama,
821 327 1087 399 dignitate
1109 331 1370 383 certantis
1395 369 1413 394 ,
1451 343 1562 385 tam
1576 334 1971 402 pertinaciter,
2003 346 2250 410 praeser-

116 411 216 463 tim
249 411 304 461 in
333 351 532 460 §genam
557 443 574 468 ‚
610 411 926 476 repugnaret
953 420 973 453 .·
1007 401 1208 473 alioqui
1233 403 1480 474 majorem
1503 404 1765 457 invidiam
1790 442 1807 468 ,
1846 416 1863 434 ²
1893 425 2046 477 quam
2056 417 2245 483 proxi.

113 499 218 544 me,
244 483 533 552 paffurum.
605 478 656 546 (³
679 475 808 531 Erat
830 472 951 527 sane
977 475 1153 544 prius,
1188 491 1216 528 a
1241 475 1425 545 paucis
1455 489 1630 530 tamen
1656 477 2007 534 acclamatum
2044 500 2242 541 exeun·
2298 494 2322 545 3

113 554 205 622 ti.)
230 551 510 620 Subjunxit
525 564 735 620 preceS‚
770 545 1110 619 multumque
1132 546 1514 619 lacrymarum:
1552 553 1682 621 quin
1706 550 1867 617 etiam
1896 562 2009 605 tota
2037 554 2247 614 afflone
2315 558 2320 595 ἓ

114 626 285 682 homo
322 626 376 678 in
410 621 646 678 dicendo
679 619 1001 674 exercitatus
1036 635 1256 690 operam
1294 619 1448 677 dedit
1476 660 1493 685 ‚
1545 637 1604 676 ut
1634 621 1916 692 deprecari
1940 627 2106 697 magis
2147 631 2244 697 (id

115 698 254 753 enim
281 696 336 751 &
359 693 692 750 favorabilius
717 693 774 745 δε
801 693 1003 761 tutius)
1029 708 1190 764 quam
1217 691 1441 748 defendi
1470 694 1759 750 videretur.
1835 695 2127 753 Absolutus
2164 700 2243 759 est

116 768 370 827 sententia
411 766 666 837 designati
714 762 959 820 Consulis
1004 768 1022 794 ⁴
1066 766 1279 823 Afranii
1324 766 1564 831 Dextri,
1623 765 1772 837 cujus
1822 767 1956 825 haec
2005 770 2239 830 summa:

2031 844 2241 900 Melius

165 990 181 1017 1
209 972 422 1024 senatoria]
455 974 635 1022 Sollertis,
663 977 727 1026 qui
743 977 803 1025 jus
830 975 1059 1026 ingrediendi
1073 978 1136 1018 Se·
1205 975 1246 1015 fit
1269 1004 1280 1021 ‚
1308 976 1487 1028 nusquam
1521 989 1714 1030 quoquam
1739 1006 1750 1023 ,
1785 987 1826 1016 ut
1847 987 2032 1028 nugentur
2055 981 2216 1025 editores
2230 988 2252 1032 5

110 1037 237 1070 natum
261 1029 298 1066 &
319 1025 532 1065 sententiam
555 1027 698 1066 dicendi
718 1027 886 1066 habebat.
914 1028 1069 1067 Cum.
1205 1028 1268 1077 qui
1291 1038 1492 1067 exeuntem
1515 1030 1616 1068 illum
1635 1030 1740 1068 nobis
1765 1030 2147 1079 faciant,digrediens.
2175 1037 2242 1077 Et-

157 1092 179 1118 2
205 1081 326 1127 Qam
344 1078 503 1128 proxime
520 1079 678 1128 pasturus
694 1107 704 1122 ‚
731 1078 836 1128 cra]
864 1079 1009 1118 Vereor
1031 1091 1079 1118 ne
1093 1083 1131 1120 ὃς
1207 1079 1308 1116 enim
1332 1078 1507 1123 ἐκζοῆι-εις
1527 1081 1611 1119 istae
1634 1093 1713 1118 non
1735 1088 1836 1118 erant
1859 1083 2065 1120 faventium
2096 1086 2241 1130 Nomi..
2273 1094 2280 1102 “

108 1131 169 1171 ista
189 1130 297 1168 lectio
321 1128 506 1167 mendosa.
532 1130 632 1167 Nam
656 1130 766 1167 Palat.
786 1129 925 1167 accedit
949 1132 1131 1171 veteribus
1204 1138 1292 1167 nato
1307 1158 1317 1175 ‚
1351 1131 1409 1169 sed
1441 1132 1527 1169 huic
1560 1132 1711 1181 quidem
1739 1131 1956 1169 infestorum
1977 1134 2015 1170 &
2037 1134 2238 1184 iratorum,

110 1181 202 1221 Edd.
222 1184 258 1219 in
278 1180 427 1231 quibus:
453 1181 610 1228 proxime
627 1179 787 1231 paffurus
806 1190 896 1218 erat.
923 1185 1012 1236 Sane
1030 1183 1129 1231 prius
1203 1182 1365 1230 collegae
1386 1193 1510 1221 antem
1537 1184 1703 1226 Senatori
1736 1181 2035 1231 gratificantium.
2089 1185 2239 1229 Deinde

2 2194 3 2237 l

3 2270 6 2325 1

5 2330 9 2423 l

107 1242 226 1271 tamen
240 1233 360 1281 paucis
381 1229 623 1269 acclamatum
651 1232 811 1269 exeuntis
837 1230 1028 1281 subjunxit
1051 1242 1129 1280 pre-

106 1296 166 1322 ces.
188 1285 312 1332 Quam
325 1282 498 1332 proposui
511 1282 718 1332 scripturam
734 1309 745 1328 ,
773 1283 865 1320 eruit
879 1293 923 1320 ex
938 1282 1128 1322 Membra-

104 1336 159 1373 nis
182 1333 477 1373 Neustetterianis
502 1333 655 1372 Modius
667 1331 796 1371 noster.
816 1333 1009 1371 GRUTER.
1033 1339 1127 1373 Erat

95 1386 184 1435 sane
204 1398 331 1422 verum
345 1394 467 1421 tamen
480 1396 502 1421 a
514 1385 634 1434 paucis
647 1383 892 1421 acclamatum
903 1382 1124 1432 est.]Merito

104 1434 232 1475 diffidit
244 1434 382 1472 Modio
394 1429 582 1472 Gruterus.
608 1436 642 1471 A
655 1434 883 1472 distinetione
894 1435 1123 1483 potiffimum

103 1495 210 1526 vetus
221 1484 547 1534 scripturalaborat.
576 1485 760 1522 Monitum
781 1485 873 1521 enim
899 1484 1125 1531 (refert-Pii-

102 1539 198 1585 nius)
215 1551 254 1574 ne
265 1534 426 1586 desiderio
427 1534 688 1584 senatoris,<9‘c.
700 1546 777 1572 tam
784 1535 1126 1583 pertinaciter-,prae-

97 1589 222 1639 sertim
234 1588 405 1636 insenatu
419 1613 428 1629 ,
451 1590 657 1634 repugnaret
671 1601 681 1621 .-
705 1583 836 1632 alioqui
849 1584 1018 1632 majorem
1028 1586 1126 1626 invi-

103 1640 328 1689 diam,quam
335 1636 550 1686 proxime,pa
549 1635 723 1685 [μανικῷ
727 1644 786 1671 rat
793 1633 880 1681 sane
889 1634 1125 1683 prius,tamen

103 1702 126 1727 a
155 1691 274 1739 paucis
300 1716 310 1733 ,
347 1687 586 1723 acclamatum
609 1684 785 1734 exeunti.)
801 1684 995 1734 subjunxit
1015 1696 1124 1736 preces

103 1740 329 1789 multumque
349 1738 590 1774 lacrimarum.
626 1736 777 1785 Alioqui
800 1736 963 1783 <nempe
985 1735 1126 1777 dicebat

106 1791 288 1830 Tuscillus
322 1789 548 1827 Nominatus
580 1787 615 1826 se
650 1787 860 1835 monitum)
893 1785 959 1823 nifi
995 1787 1125 1828 scilicet

106 1840 286 1880 desisteret
306 1851 506 1888 repugnare
531 1838 718 1882 senatori,
747 1840 785 1877 ὃ(
805 1835 832 1873 fi
851 1835 963 1875 rursus
975 1838 1125 1879 auderet

107 1893 238 1939 agendi
258 1893 384 1930 animo
406 1891 569 1927 senatum
590 1890 738 1928 introire
759 1916 770 1932 ‚
798 1886 878 1926 fore
898 1915 909 1932 ‚
939 1896 979 1925 ut
1002 1891 1122 1930 multo

107 1943 248 1989 majore
269 1942 442 1979 convicio
455 1940 702 1978 verberaretur
717 1968 726 1985 ,
739 1941 778 1979 &
797 1938 934 1988 probris
945 1941 1120 1986 graviori-

105 1991 169 2028 bus
191 1991 445 2036 incelseretur,
473 2001 582 2040 quam
606 2002 743 2040 nuper,
769 2001 885 2039 quum
915 1989 1120 2032 Vicentinis

103 2041 278 2080 adfuisset.
309 2044 413 2081 Haec
436 2041 484 2079 est
506 2041 561 2079 illa
579 2041 745 2087 invidia,
772 2051 885 2089 quam
904 2039 1019 2090 passus
1045 2053 1119 2083 erat

102 2090 292 2130 Tusciitus.
321 2094 375 2130 Ut
393 2092 495 2142 quod
515 2091 560 2130 de
585 2092 738 2131 Catilina
760 2090 936 2130 Sallustius
959 2104 968 2129 ε
996 2092 1119 2140 obstre-

94 2150 173 2191 pere
191 2157 307 2182 omnes
330 2173 340 2189 ,
376 2142 501 2191 hostem
517 2153 635 2192 ,atque
649 2142 868 2194 parricidam
890 2154 1025 2180 vocare.
1063 2146 1117 2184 Ut

100 2193 196 2242 apud
230 2194 404 2233 Tacitum
435 2193 516 2232 Piso
541 2194 710 2241 senatum
737 2192 859 2242 rursus
891 2194 1115 2242 ingreditur,

97 2245 444 2294 redintegratamque
472 2245 723 2295 accusationem
747 2272 758 2289 ,
796 2244 949 2292 infensas
967 2254 1113 2292 patrum

98 2307 213 2340 voces,
240 2295 394 2345 adversa
416 2306 460 2334 <7
475 2295 588 2342 saeva
613 2294 920 2346 cunc'laperpeffus.
943 2294 1011 2332 111.
1034 2297 1115 2336 An-

97 2347 166 2383 nal.
194 2346 267 2383 Etsi
292 2359 359 2394 pro
381 2357 502 2383 rerum
522 2344 771 2393 magnitudine
790 2345 883 2383 haec
893 2347 1003 2394 paulo
1015 2356 1115 2386 atro-

99 2397 208 2434 ciora.
236 2397 345 2435 Hanc
375 2407 503 2433 aurem
530 2396 713 2434 invidiam
745 2396 816 2434 sese
846 2396 1044 2444 intelligere
1066 2410 1114 2438 ne

97 2448 355 2494 ignoraretur,
398 2447 531 2485 Plinius
559 2446 590 2482 ἐν
622 2446 826 2493 πόιξενθὲσει
859 2445 971 2494 (nam
995 2448 1112 2493 priora

98 2497 207 2536 verba
230 2510 310 2546 pars
334 2505 434 2537 erant
455 2499 628 2536 orationis
651 2525 662 2542 ,
699 2508 772 2546 qua
797 2496 865 2534 sese
891 2496 1114 2537 Nominatus

98 2547 168 2587 ibat
196 2548 429 2592 excusatum)
464 2548 674 2598 interposuit
704 2547 873 2594 congesta
896 2545 997 2584 fuiffe
1020 2546 1114 2587 ditfta

99 2600 358 2639 nonnullorum
381 2599 508 2638 acerba
526 2601 563 2637 in
588 2606 785 2637 exeuntem
809 2610 830 2634 e
848 2596 972 2634 senatu
995 2626 1005 2642 ‚
1034 2602 1114 2648 qui-

99 2647 163 2688 bus
183 2651 216 2690 ei
228 2649 338 2688 fieret
359 2649 494 2688 invidia
521 2678 532 2694 ,
570 2652 608 2687 δε
629 2655 841 2687 oneraretur
863 2647 1024 2686 hominis
1045 2662 1111 2698 pu-

100 2697 176 2738 dor.
226 2701 325 2739 Dein
352 2699 445 2738 redit
475 2699 521 2737 ad
545 2698 833 2738 continuandam
865 2701 1112 2740 narrationem

104 2747 336 2797 defensionis,
365 2762 436 2802 qua
469 2752 697 2799 postremum
730 2757 804 2788 erat
824 2751 863 2787 in
879 2748 1002 2789 senatu
1024 2751 1112 2790 usus.

105 2795 200 2839 Hinc
227 2810 403 2852 apparet,
450 2813 562 2851 quam
594 2803 704 2850 longe
736 2799 778 2838 fit
805 2812 827 2838 a
860 2811 951 2838 vero
985 2801 1112 2842 devius

106 2844 222 2890 Franc.
269 2853 418 2892 Modius
439 2883 450 2899 ‚
487 2865 605 2903 quum
639 2854 793 2901 explicat
823 2863 961 2900 paucos
983 2861 1109 2891 tamen

1200 1233 1314 1271 nefflt
1344 1233 1587 1276 οἰσύγκλωςω.
1615 1245 1693 1272 non
1717 1235 1818 1271 enim
1849 1244 1969 1283 quum
1997 1234 2236 1286 clamaretur,

1196 1282 1255 1320 ille
1277 1284 1394 1323 subito
1417 1296 1438 1322 a
1459 1286 1678 1334 purgatione
1698 1284 1743 1322 ad
1762 1284 2063 1332 deprecationem
2087 1286 2122 1324 se
2145 1300 2237 1329 con-

1198 1335 1328 1374 vertit:
1355 1334 1416 1373 sed
1447 1337 1535 1374 illud
1569 1337 1781 1374 convicium
1806 1334 1947 1374 factum
1968 1337 2017 1374 est
2038 1339 2162 1385 primo
2183 1342 2253 1381 sef

1196 1392 1284 1423 natu
1298 1414 1309 1431 ,
1336 1398 1415 1436 quo
1433 1387 1723 1425 vicentinorum
1746 1387 1989 1425 contradictio
2012 1399 2076 1436 per
2090 1388 2239 1432 Tuscil-

1196 1434 1275 1473 lum
1299 1437 1421 1476 audita
1445 1437 1494 1476 est
1521 1451 1529 1474 :
1571 1437 1766 1476 intercessit
1786 1437 1875 1474 alius
1897 1438 2040 1475 senatus
2063 1466 2074 1483 ‚
2113 1453 2232 1490 quum

1196 1484 1375 1526 Tuscilius
1407 1489 1627 1527 Vicentinos
1661 1487 1819 1525 destituit
1842 1516 1853 1532 ,
1890 1487 1992 1537 supra
2011 1488 2079 1536 Ep.
2100 1502 2133 1536 4.
2157 1493 2233 1533 hoc

1196 1534 1349 1576 demum
1379 1536 1491 1578 tertio
1525 1538 1650 1577 senatu
1681 1546 1876 1576 revocatus
1898 1538 1997 1576 idem
2021 1539 2231 1590 Tuscilius,

1191 1587 1386 1637 postquam
1421 1587 1637 1639 exposuisset
1668 1602 1738 1626 non
1763 1588 1833 1638 fibi
1858 1587 1969 1636 fidem
1995 1620 2005 1635 ,
2045 1602 2117 1630 erc.
2141 1602 2225 1634 tum

1192 1639 1370 1676 monitum
1393 1641 1433 1690 sc
1461 1650 1535 1680 σε.
1565 1639 1699 1690 alioqui
1719 1640 1890 1688 majorem
1908 1640 2092 1678 invidiam
2115 1656 2228 1691 quam

1186 1689 1344 1736 proxime
1361 1692 1521 1739 paffurus
1533 1705 1545 1734 3
1573 1690 1652 1735 his,
1679 1692 1832 1740 inquam
1847 1717 1857 1733 ,
1885 1690 2055 1740 expofitis
2068 1693 2227 1741 subjun-

1191 1737 1249 1775 xit
1276 1749 1389 1789 preces
1428 1739 1654 1790 multumque
1694 1740 1956 1778 lacrimarum..
1994 1742 2123 1793 Atque
2147 1745 2223 1785 hoc

1191 1789 1300 1827 tertio
1336 1791 1460 1829 senatu
1497 1790 1580 1829 sane
1617 1790 1794 1829 ha&enus
1831 1791 2012 1842 nusquam
2050 1794 2222 1843 digressus

1191 1848 1374 1880 narratur:
1404 1842 1463 1880 sed
1486 1843 1608 1891 primo
1634 1842 1758 1880 senatu
1781 1870 1791 1887 ,
1817 1841 2014 1893 postquam
2037 1857 2105 1893 pro
2127 1847 2224 1886 Vin.

1191 1893 1342 1931 centinis
1381 1901 1507 1931 contra
1535 1894 1659 1931 virum
1685 1894 1913 1943 praetorium
1945 1894 2086 1933 dixisset
2109 1924 2120 1940 ‚
2159 1910 2222 1936 ex.

1189 1943 1290 1981 eunti
1322 1945 1564 1982 acclamatum
1599 1947 1638 1982 ὃς
1670 1943 1848 1982 invidiam
1883 1944 2018 1982 factam
2043 1947 2223 1989 monstrat

1186 1991 1332 2033 Plinius.
1360 1994 1517 2034 Videtur
1540 2003 1666 2033 autem
1688 1993 1855 2043 scripsisse
1869 2023 1879 2040 ,
1896 1995 2090 2044 paffurum.
2109 1999 2222 2036 GRc-1·

1186 2054 1278 2083 Νον.
1314 2045 1431 2084 Recte
1465 2045 1643 2084 divinavit
1680 2047 1695 2080 ὁ
1736 2044 1860 2090 πάνυ,
1899 2046 2071 2095 scriptum
2115 2049 2223 2096 fuiffcz

1179 2095 1361 2143 paffurum
1386 2126 1397 2142 ,
1424 2096 1535 2148 idque
1558 2098 1650 2135 clare
1671 2097 1802 2145 legitur
1822 2097 1861 2134 in
1884 2097 2063 2137 Mediceo
2087 2127 2098 2144 ,
2138 2101 2178 2138 δε
2198 2111 2221 2141 a

1185 2146 1290 2184 nobis
1317 2148 1460 2186 auctori
1494 2149 1541 2186 est
1565 2148 1760 2186 redditum.
1798 2147 1981 2185 Modiana
2003 2148 2127 2188 videre
2148 2164 2219 2200 po-

1182 2201 1235 2233 tes
1268 2198 1434 2236 Novant.
1467 2200 1573 2237 Lest.
1606 2199 1716 2248 Epist.
1746 2197 1812 2235 LI.
1836 2210 1949 2248 quem
1972 2206 2100 2238 tamen
2122 2205 2219 2249 opti.

1182 2255 1268 2284 mae
1290 2249 1529 2287 membranae
1551 2249 1727 2287 deserunt.
1760 2250 1872 2297 Supra
1899 2249 2055 2286 Hchnst.
2069 2250 2216 2298 senato·

1182 2296 1229 2333 ris
1243 2325 1253 2341 ‚
1281 2300 1434 2337 nimiam
1455 2298 1555 2348 quast
1573 2300 1614 2336 de
1638 2299 1809 2336 nundinis
1830 2313 1842 2341 ς
1864 2298 2084 2337 Priinarius:
2104 2302 2215 2349 sena-

1181 2348 1266 2434 ἒονές
1285 2377 1295 2393 ,
1320 2362 1391 2387 non
1425 2351 1510 2398 quia
1530 2349 1606 2386 iam
1631 2348 1731 2398 quast
1751 2349 1792 2385 de
1815 2361 1851 2384 n.
1872 2349 1936 2396 qui
1957 2359 2113 2387 movere
2135 2363 2214 2391 non

1210 2408 1229 2433 e
1256 2406 1328 2435 cnt.

1231 2458 1250 2496 3
1281 2454 1373 2485 Erat
1390 2448 1477 2495 sane
1499 2460 1629 2487 verum
1653 2460 1663 2486 t
1702 2459 1826 2486 tamen
1844 2461 1866 2485 a
1893 2449 2010 2495 pausis
2030 2452 2212 2490 acclama:

1179 2507 1259 2534 tum
1293 2498 1350 2536 est.
1380 2498 1470 2536 Inde
1492 2499 1684 2548 subiunxit
1708 2498 1725 2548 ]
1750 2501 1857 2548 Lego
1889 2500 1971 2537 hic:
2002 2514 2111 2550 quam
2129 2513 2212 2553 pro.

1182 2547 1274 2586 xime
1293 2548 1463 2598 passurus.
1502 2551 1622 2597 (Erat
1635 2550 1725 2599 sane
1744 2580 1753 2595 ‚
1783 2563 1910 2588 verum
1934 2560 2055 2588 tamen
2077 2566 2099 2587 a
2120 2562 2211 2600 pau.

1181 2599 1227 2635 cis
1257 2599 1526 2647 acclamatum)
1558 2605 1606 2637 Et
1637 2601 1717 2638 inde
1736 2601 1943 2650 subiunxit.
2002 2602 2208 2651 Explicatio

1183 2650 1367 2688 Gronovii
1399 2649 1445 2687 cst
1476 2653 1626 2700 optima.
1667 2653 1885 2690 Senianum.
1923 2651 2209 2693 Distintstionem

1182 2700 1367 2738 Gronovii.
1390 2700 1516 2739 adserit
1537 2702 1752 2741 veterrimus
1777 2703 1993 2747 Mediceus,
2021 2705 2083 2752 qui
2106 2717 2209 2753 prae-

1180 2759 1277 2789 tcrea
1303 2764 1311 2787 :
1342 2757 1433 2788 Erat
1449 2752 1538 2800 sane
1559 2753 1649 2800 prius
1674 2784 1683 2799 ,
1722 2768 1745 2790 a
1767 2754 1883 2803 paucis
1905 2765 2026 2791 tamen
2041 2783 2052 2798 ,
2080 2755 2206 2792 adcla-

1178 2815 1322 2839 matum
1351 2804 1502 2841 exeunti.
1557 2804 1750 2842 subiunxit
1779 2814 1847 2842 cet.
1881 2806 1918 2842 &
1950 2805 2025 2843 hoc
2057 2806 2210 2845 restitui.

1178 2854 1351 2891 Proxime
1384 2853 1428 2890 ad
1461 2855 1557 2891 illam
1590 2855 1791 2894 lestionem
1825 2856 1954 2892 Oxou.
2008 2859 2204 2906 Eratsane
2255 2857 2258 2860 ’

105 2897 266 2945 (fortean
286 2906 391 2952 gratia
415 2903 575 2954 collegae
599 2933 610 2949 ‚
637 2905 696 2942 vel
716 2905 782 2941 alia
803 2902 903 2940 causa
927 2902 1105 2942 silentium
1174 2905 1270 2954 prius
1286 2934 1295 2948 ,
1320 2916 1442 2942 tamen
1465 2906 1580 2952 paucis
1605 2934 1616 2950 ,
1643 2908 1888 2943 acclamatum
1911 2906 2084 2943 exeuntis.
2115 2907 2202 2944 Sub-

105 2953 299 2995 tenentibus
328 2956 474 3004 ceteris)
507 2955 771 2993 acclamatione
803 2956 843 2992 ὃς
874 2951 1009 2992 assensu
1042 2955 1106 2993 suo
1175 2957 1321 3000 iunxit,
1350 2966 1418 2994 cet.
1447 2957 1506 2994 De
1526 2958 1742 2996 clamoribus
1763 2958 1827 2996 illis
1849 2955 2035 2996 invidiosis
2057 2957 2138 3006 lege
2150 2959 2207 2996 in·

103 2999 248 3041 dicentis
265 3007 464 3048 orationem
487 3005 740 3056 comprobasse
762 3034 772 3050 ,
802 3017 887 3042 cum
908 3004 1026 3042 subito
1048 3007 1105 3046 ille
1178 3007 1227 3043 fra
1251 3008 1332 3044 Lib.
1359 3007 1419 3044 IX.
1443 3007 1550 3056 Epist.
1575 3007 1680 3047 XIII.

103 3059 124 3087 ²
152 3054 355 3100 purgatione
384 3057 427 3096 ad
460 3058 780 3108 deprecationem,
807 3063 938 3105 utpote
961 3056 1105 3096 favora-

1224 3071 1246 3105 4
1273 3058 1427 3106 Afranii
1450 3060 1594 3097 Dextri.
1616 3061 1622 3102 l
1654 3061 1755 3098 Cum
1778 3065 1916 3098 Dextro
1939 3055 2101 3097 habuisse
2113 3060 2202 3097 ami-

27 3098 35 3112 ’
98 3098 259 3147 biliotem
273 3130 284 3149 ‚
309 3104 462 3158 ideoque
481 3108 544 3150 sibi
563 3108 888 3150 conducibiliorem
911 3110 1103 3149 conversus
1171 3110 1292 3150 citiam
1313 3109 1415 3150 Mart
1438 3110 1527 3149 VII.
1548 3110 1707 3151 testatur.
1758 3111 1833 3152 Hic
1854 3110 1979 3160 postea
1998 3111 2037 3149 iu
2062 3108 2206 3147 Consu-

1492 3160 1562 3215 Aa
1575 3172 1594 3199 a
1620 3174 1642 3200 2.
2133 3158 2208 3202 latu
