2616 3686
591 180 936 232 LIBER
1005 180 1709 235 V.E1³18TOLA
1776 185 1868 236 v1.
2206 201 2296 258 339

168 267 186 290 ¹
223 259 692 332 Amphitheatrum
717 254 935 327 aliquod
963 257 1282 311 immensum
1299 298 1313 320 ‚
1339 256 1391 310 &
1420 254 1437 272 ²
1456 258 1612 326 quale
1635 259 1741 311 sola
1767 273 1946 312 rerum
1970 267 2158 311 natura
2176 266 2290 326 pos.

166 338 226 393 fit
249 333 521 404 effingere.
586 330 719 385 Lata
746 330 798 384 δε
831 326 1015 383 diffusa
1042 328 1284 398 planities
1310 328 1582 382 montibus
1607 329 1840 398 cingitur
1867 344 1880 382 :
1921 343 2129 382 montes
2155 330 2293 383 sum-

163 427 248 464 ma
271 407 345 462 sui
371 419 520 478 parte
548 421 771 475 procera
802 417 1022 456 nemora
1053 400 1105 453 δι
1131 404 1347 471 antiqua
1374 399 1588 454 habent.
1655 398 1930 469 Frequens
1961 399 2031 452 ibi
2067 404 2116 452 ὅ(
2154 402 2292 453 varia

162 481 375 536 venatio
404 496 416 532 ε
467 477 594 532 inde
621 475 855 530 caeduae
882 472 897 498 ³
925 472 1078 527 silvae
1109 490 1235 527 cum
1264 473 1377 544 ipso
1402 485 1588 527 monte
1615 472 1954 526 descendunt
1986 488 1998 524 :
2038 471 2126 525 has
2155 473 2293 526 inter

161 554 413 624 pingueS,
451 553 754 620 terrenique
778 545 1003 614 colles,)
1045 562 1223 617 neque
1249 547 1394 601 enim
1423 545 1576 600 facile
1603 545 1821 617 usquam
1857 545 2037 598 saxum
2067 581 2082 605 ,
2132 545 2293 598 etiam

163 624 198 680 si
224 638 534 696 quaeratur,
572 621 833 682 occurrit,
853 621 873 684 )
897 618 1204 688 planissimis
1232 619 1431 691 campis
1463 618 1739 673 fertilitate
1771 634 1879 672 non
1906 615 2137 677 cedunt,
2175 617 2291 684 opi-

164 713 415 768 mamque
438 693 652 749 meffem
677 695 695 752 ⁴.
719 692 878 746 serius
907 705 1113 746 tantum
1136 731 1150 754 ‚
1189 693 1282 749 sed
1308 709 1419 746 non
1447 691 1621 745 minus
1650 702 2009 761 percoquunt.
2072 686 2181 740 &ub
2207 688 2288 741 'his

164 786 258 840 per
293 770 422 822 latus
456 783 616 820 omne
656 765 838 818 vineae
877 766 1270 836 poi·riguntur‚'
1319 780 1591 834 unamque
1631 769 1644 795 ⁵
1672 764 1862 817 faeiem
1893 763 2055 833 longe
2078 761 2289 830 lateque

164 853 475 895 contexunt.
550 841 790 908 Qiarum
816 855 841 890 a
867 837 1001 899 fine,
1038 840 1260 907 imoque
1284 837 1425 908 quali
1453 836 1687 905 margine
1709 875 1724 897 ‚
1760 845 1771 871 ⁵
1815 834 2018 888 arbusta
2068 832 2289 887 naseun-

166 925 283 968 tur:
334 924 478 984 prata
514 911 638 965 inde
669 948 683 973 ‚
722 911 1023 982 campique.
1099 910 1325 980 Campi,
1362 925 1497 981 quos
1524 908 1731 962 nonnisi
1756 910 2001 979 ingentes
2036 903 2202 959 boves
2232 905 2286 959 &

161 1135 242 1166 ante
261 1128 453 1168 inventum
484 1130 682 1168 literarum.
721 1130 754 1167 C
768 1142 790 1166 A
805 1143 827 1168 τ
843 1143 864 1167 Α
880 1142 916 1167 Ν.
954 1129 1049 1174 Jam
1065 1129 1173 1177 juve-

2182 977 2292 1033 for-

1249 1129 1360 1167 Arnz.
1385 1130 1423 1167 δε
1448 1127 1517 1166 Ed.
1540 1129 1627 1166 Vet.
1656 1127 1738 1165 inde
1761 1125 1907 1163 crebrae
1927 1123 2046 1172 filvae
2068 1136 2094 1161 c.
2118 1124 2140 1161 i.
2162 1139 2209 1162 m.
2233 1128 2290 1165 de-

159 1191 269 1224 num,
295 1180 394 1230 eyn]
427 1180 480 1217 Ita
504 1184 637 1219 merito
661 1183 900 1229 interpungo:
922 1181 1019 1230 senes
1043 1180 1174 1216 multos
1244 1181 1436 1230 scendum.
1458 1191 1664 1229 perperam.
1708 1178 1808 1214 Male
1829 1178 1939 1214 etiam
1964 1176 2055 1213 haec
2079 1177 2293 1231 interpreta-

160 1230 279 1268 videas
291 1243 377 1268 avos
392 1232 910 1281 ,proavosquejamjuvenusm
943 1233 1066 1280 (Prius
1077 1231 1178 1267 enirn

158 1277 225 1318 fic:
239 1279 419 1330 bincsenes
433 1281 560 1319 multos
575 1283 696 1321 videas
711 1296 812 1326 avos,
825 1292 1054 1332 proavosque.
1085 1281 1178 1325 Jam

150 1329 328 1380 juvenum
343 1361 353 1375 ‚
365 1344 436 1372 υτ.
448 1334 645 1381 quomodo
659 1336 697 1372 &
712 1331 828 1382 {egisse
844 1334 1073 1371 Cat-ariacum
1090 1343 1180 1368 con-

156 1379 231 1419 stat.
251 1382 265 1429 )
297 1385 412 1431 Cujus
433 1383 599 1421 lectionis
621 1386 758 1432 argutia
780 1396 846 1433 pro
864 1385 1023 1433 longiori
1047 1382 1181 1419 confir-

157 1434 324 1472 matione
345 1436 421 1472 erit.
445 1434 614 1471 Casina.
638 1436 736 1473 Bene
750 1436 857 1472 habet
870 1434 929 1473 ista
944 1434 1117 1484 posterior
1130 1434 1182 1471 di-

155 1480 337 1534 stinCtio,q
344 1495 409 1521 uae
421 1483 531 1521 nec'tit
544 1487 828 1534 illazproawsque
839 1486 911 1522 iam
925 1484 1182 1522 iuvenum.Sed

158 1533 295 1582 reliqua
318 1537 427 1572 etiam
452 1535 700 1582 perpurganda
719 1535 820 1578 sunt,
849 1535 938 1571 dum
951 1537 1060 1571 haec:
1083 1537 1179 1582 senes

159 1583 289 1620 multos
323 1584 446 1621 videas
479 1597 566 1621 avos
591 1614 600 1629 ,
639 1586 757 1621 minus
793 1585 975 1620 concinne
998 1584 1180 1632 leguntur.

159 1633 396 1672 Scribendum
434 1646 569 1683 nempe
602 1637 640 1673 &
674 1633 965 1681 distinguendum
990 1646 1034 1672 ex
1061 1634 1182 1674 Medi-

159 1694 253 1729 ceo,
283 1685 444 1722 Riccard.
478 1683 579 1721 Vols.
618 1684 811 1722 Lindenbr.
846 1683 1014 1732 Bongars.
1053 1687 1091 1723 ὅ(
1117 1687 1181 1723 Al-

161 1732 271 1772 dinis:
305 1743 393 1771 Hmc
408 1735 505 1784 senes
530 1736 644 1773 multi.
677 1736 797 1772 Videas
819 1748 906 1771 avos
929 1763 938 1776 ,
961 1742 1180 1784 proavosque

160 1784 235 1820 iam
259 1789 455 1823 iuvenum:
487 1786 607 1824 audias
621 1786 768 1833 stabulas
784 1814 793 1830 ‚
819 1795 886 1823 cet.
912 1784 1021 1822 Forte
1045 1787 1177 1824 etiam:

163 1833 237 1871 Hic
254 1837 347 1884 senes
368 1837 474 1874 multi
494 1837 712 1885 legendum:
741 1848 824 1874 nam
849 1838 887 1874 &
907 1837 980 1874 hoc
999 1847 1065 1885 pro
1099 1836 1178 1874 hinc

165 1880 245 1922 sistit
269 1887 456 1925 Medii-eus
471 1917 481 1931 ,
510 1899 618 1937 atque
642 1885 872 1925 oxoniensis.

220 1946 234 1970 1
265 1938 598 1985 Amphitheatrum.
622 1937 636 1988 ]
678 1939 779 1977 Dion
807 1939 843 1976 in
867 1937 969 1976 rebus
994 1938 1174 1985 Caesaris,

167 1983 487 2033 Amphitheatrum
527 1990 741 2038 appellatum
775 1988 822 2027 est
843 2017 854 2034 ,
904 1990 988 2038 quia
1022 1990 1176 2027 circum-

167 2044 312 2082 quaque
335 2037 452 2076 sedilia
473 2040 579 2077 habet
600 2039 673 2077 fine
695 2040 796 2078 scena
825 2067 835 2083 ,
862 2039 1071 2078 aedificium
1094 2041 1177 2080 sane

166 2086 404 2141 compafftum
439 2090 572 2126 circum
607 2091 696 2129 circa
720 2119 728 2131 .
775 2089 878 2139 quod
911 2090 1046 2128 indicat
1073 2091 1178 2139 ipsius

166 2134 266 2172 verbi
299 2142 553 2187 interpretatio.
587 2141 626 2179 δε
660 2141 846 2180 Secundus
875 2139 1036 2189 expresse
1070 2153 1177 2179 mon-

164 2182 268 2241 strat,
298 2189 468 2227 &suidas
481 2190 610 2235 refert,
637 2191 955 2242 Amphitheatrum
975 2191 1180 2231 dicilocum

164 2236 325 2293 undique
363 2239 516 2287 speculas
549 2243 759 2280 habentem.
814 2241 1008 2278 Theatrum
1048 2245 1180 2289 pariter

164 2283 266 2323 fuisse
301 2292 612 2336 affirmandum,
639 2293 770 2331 indicat
805 2293 994 2331 Vitruvius
1023 2293 1104 2330 Lib.
1133 2295 1181 2332 V.

163 2334 271 2373 Hanc
294 2348 416 2377 aurem
440 2352 594 2379 autumo
616 2343 857 2382 differentiam
880 2346 972 2380 inter
994 2342 1179 2381 theatrum

163 2386 207 2442 ὃς
234 2389 539 2444 amphitheatrum
560 2422 569 2438 ,
608 2394 708 2444 quod
739 2396 812 2433 hoc
842 2394 995 2431 habebat
1018 2394 1079 2431 illo
1102 2406 1180 2431 am-

163 2436 251 2492 plius
286 2442 457 2479 circulum
498 2447 715 2482 exteriorem
743 2474 752 2488 ‚
808 2445 956 2493 qualem
995 2445 1179 2482 cernimus

162 2485 263 2525 fuisse
297 2491 502 2545 Veronensi
536 2506 664 2532 arenae
689 2524 699 2538 ‚
728 2495 846 2532 adhuc
867 2496 985 2542 aliqua
1010 2505 1054 2530 ex
1080 2504 1178 2541 parte

163 2537 379 2587 superstitem
396 2571 405 2585 ‚
434 2555 545 2592 quam
560 2547 699 2583 incolae
712 2548 807 2581 alam
824 2547 996 2583 vocitant.
1022 2544 1176 2581 (LA-rm.

208 2600 227 2626 2
257 2591 412 2647 (ἐξω-[ι]
445 2595 505 2631 An
529 2595 601 2632 hoc
625 2598 776 2632 verbum
801 2595 938 2641 respicit
964 2605 1099 2631 variam
1125 2594 1179 2632 sll—

163 2647 287 2679 varum
328 2645 455 2681 taciem
479 2673 488 2688 ‚
521 2657 565 2682 an
590 2646 633 2683 ai
658 2646 874 2684 immensam
897 2645 1176 2692 amplitudinem

167 2699 293 2729 caveae
314 2691 329 2728 ?
368 2695 405 2732 &
429 2705 514 2732 tunc
541 2695 680 2734 necesse
707 2699 771 2734 erit
795 2727 804 2743 ,
845 2697 947 2746 quale
971 2707 1036 2745 pro
1060 2709 1176 2746 quan-

171 2747 243 2776 tum
265 2742 468 2798 usurpatum
495 2745 604 2785 fuisse.
637 2747 750 2785 [ofin.

220 2801 239 2838 3
267 2793 390 2832 Silvae.
418 2800 428 2844 q}
470 2798 661 2836 Minorum
683 2800 865 2835 arborum.
896 2798 1022 2835 Servat
1043 2797 1087 2835 ad
1111 2810 1177 2835 un-

177 2846 280 2893 guem
302 2855 483 2897 praecepta
508 2849 824 2888 describendorum
849 2850 1019 2886 locorum
1045 2877 1055 2891 ‚
1084 2861 1178 2897 quae

177 2888 295 2945 jubent
316 2897 469 2943 primum
492 2899 697 2948 attingenda
723 2899 940 2944 extrinseca,
964 2902 1001 2936 ὅ(
1024 2901 1177 2938 circum-

182 2946 314 2980 vicina:
341 2945 466 2987 deinde
489 2950 523 2989 id
545 2951 645 2999 quod
671 2952 891 2989 intendimus
907 2980 916 2994 ,
946 2959 984 2987 ut
1007 2953 1178 2999 praecipit

222 2989 406 3036 Phthonius
434 3002 468 3038 in
502 3002 819 3050 progymnasmite
854 3003 941 3039 arcis
964 3001 1178 3040 Alexandri-

184 3044 261 3080 nae.
287 3041 395 3085 luen.
429 3051 685 3093 Riccatd.inde
709 3054 841 3093 caeciae
854 3051 995 3105 filvae;
1025 3052 1181 3092 Helmst.

1253 1239 1310 1268 tur
1334 1231 1497 1269 Barthius
1521 1244 1530 1267 ι
1569 1243 1634 1280 quo
1655 1229 1824 1278 propiores
1850 1225 1944 1263 valli
1970 1254 1979 1269 ‚
2022 1239 2056 1262 eo
2076 1239 2190 1274 magts
2215 1238 2291 1265 cae-

1254 1283 1365 1326 duae,
1396 1280 1499 1331 quod
1521 1293 1566 1319 ex
1588 1280 1657 1319 istis
1683 1279 1798 1316 verbis
1823 1290 1900 1315 non
1924 1275 2087 1314 efficitur.

1308 1344 1330 1378 4
1355 1333 1469 1369 Serius
1493 1342 1665 1376 tantum,
1687 1330 1751 1379 sed
1774 1342 1843 1366 non
1867 1328 1986 1365 minus
2012 1326 2289 1378 percoquunt.]

1257 1383 1412 1421 Statius:
1441 1393 1484 1421 ω·
1507 1396 1589 1432 quos
1613 1382 1808 1431 percoquit
1823 1377 1943 1427 Ebosia
1957 1390 2106 1414 cannas.
2135 1377 2290 1418 Banrfl.

1253 1433 1446 1471 Mediceus
1475 1434 1671 1482 decoquunt
1697 1460 1708 1476 ‚
1746 1430 1849 1480 quod
1883 1441 1961 1466 non
1997 1430 2127 1476 probo.
2170 1435 2291 1466 Pereo·

1253 1496 1352 1534 quere
1386 1483 1431 1521 de
1464 1483 1537 1521 sole
1572 1483 1763 1520 Lucretius
1785 1509 1794 1524 ,
1825 1480 1958 1518 Cicero
1977 1488 2089 1528 atque
2111 1479 2169 1516 alit
2188 1479 2293 1529 dier

1254 1542 1349 1572 runt.
1380 1534 1538 1572 Ovidius
1559 1533 1714 1572 Remed.
1736 1531 1826 1569 Am.
1854 1541 1904 1567 vs.
1928 1529 1987 1580 83.

1303 1641 1403 1673 Nam
1437 1647 1536 1672 mora
1571 1636 1636 1672 dat
1660 1635 1753 1672 vires
1770 1636 1788 1678 ,'
1807 1643 1947 1671 teneras
1970 1643 2070 1669 mora
2092 1633 2287 1682 percoquit

1419 1697 1509 1722 uvas

1352 1739 1401 1772 Et
1425 1713 1571 1772 valid’as
1584 1734 1713 1784 segetes
1729 1761 1739 1778 ,
1766 1732 1859 1782 quod
1871 1731 1950 1779 fuit
1971 1731 2080 1769 herba
2097 1760 2107 1777 ,
2126 1733 2236 1780 facit.

1248 1836 1322 1874 Ubi
1334 1841 1484 1881 tamen,
1513 1835 1615 1885 quod
1630 1836 1794 1878 mireris,
1820 1833 1936 1882 scripti
1951 1833 2144 1876 nonnulli,
2175 1835 2285 1874 etiam

1250 1888 1419 1926 meliores
1435 1916 1444 1932 ‚
1472 1899 1558 1924 eum
1583 1888 1697 1936 prima
1721 1886 1817 1923 Edit.
1840 1884 2006 1933 decoquit.
2038 1883 2109 1921 Sed
2135 1886 2283 1924 consule

1251 1937 1443 1976 Heinsium
1468 1938 1512 1975 ad
1534 1949 1619 1975 eum
1642 1937 1778 1974 locum.
1808 1935 1976 1973 Riccard.
2001 1934 2116 1971 scribit
2138 1947 2283 1985 perquo-

1247 2001 1397 2037 quunt3
1453 1987 1609 2026 Helmst.
1645 1988 1759 2025 Arnz.
1792 1988 1830 2024 &
1862 1984 1930 2022 Ed.
1965 1985 2052 2022 Vet.
2084 1988 2282 2036 percoquit,

1249 2049 1419 2089 corrupte
1435 2068 1444 2083 ,
1471 2049 1512 2077 ut
1533 2038 1624 2077 infra
1648 2050 1682 2076 n.
1709 2051 1764 2075 11.
1784 2037 1853 2074 alit
1870 2063 1880 2079 ,
1915 2047 1981 2083 pro
2004 2035 2123 2072 alunt.

1301 2103 1318 2138 ς
1351 2091 1498 2128 Faciem.
1524 2089 1540 2139 ]
1573 2088 1823 2137 Adspectum,
1851 2087 2121 2134 apparentiam.
2180 2087 2282 2125 Nam

1249 2141 1359 2178 etiam
1393 2141 1438 2180 de
1471 2141 1575 2179 rebus
1606 2141 1776 2178 inanimis
1808 2137 1936 2177 dicitur
1963 2150 1972 2174 z
2022 2146 2062 2174 ut
2106 2137 2206 2185 Virg.
2237 2137 2282 2176 de

1251 2202 1366 2229 mari:

1300 2312 1370 2323 ·—
1399 2291 1538 2341 Quibus
1561 2291 1681 2340 aspera
1706 2290 1890 2339 quondam

1305 2344 1383 2391 Visa
1410 2343 1520 2379 maris
1536 2342 1662 2389 facies.
1690 2361 1758 2370 —-

1251 2442 1298 2479 Et
1332 2443 1486 2479 Tacitus
1517 2441 1597 2478 Lib.
1627 2440 1709 2476 XV.
1747 2439 1872 2476 Aliam
1896 2439 1973 2484 fere
2005 2439 2122 2477 littore
2134 2439 2278 2485 faciem.

1252 2493 1445 2531 Marcellus
1466 2501 1591 2528 tamen
1616 2491 1791 2538 exemplis
1816 2491 1938 2527 nititur
1968 2490 2166 2527 monstrare
2181 2519 2191 2534 ,
2210 2493 2279 2537 sa-

1249 2545 1331 2580 ciem
1355 2544 1410 2590 elle
1431 2545 1496 2579 oris
1513 2542 1678 2590 speciem:
1710 2542 1747 2578 ὅ(
1772 2540 1921 2577 Cornel.
1947 2542 2127 2579 Celsusita
2144 2540 2276 2579 faciem

1251 2595 1490 2631 terminavit:
1545 2593 1655 2628 Facies
1681 2592 1868 2638 fulturam
1900 2591 2006 2628 habet
2046 2605 2274 2636 maximam,

1250 2657 1337 2694 quae
1369 2659 1389 2680 a
1423 2653 1570 2691 tempore
1601 2642 1760 2691 incipiens
1785 2651 1842 2690 per
1866 2643 1994 2679 medior
2020 2651 2131 2679 ocutos
2155 2655 2276 2679 nares-

1251 2708 1313 2744 que
1337 2696 1545 2742 transversa
1566 2694 1726 2741 pervenit
1752 2695 1799 2728 ad
1823 2692 1977 2729 alterum
2012 2704 2157 2739 tempus.
2199 2693 2276 2728 CA-

1254 2758 1344 2783 aAN.
1375 2745 1537 2782 Riccard.
1564 2743 1758 2781 Ltndenbr.
1784 2743 1912 2779 Oxon.
1936 2746 1973 2780 &
2000 2745 2109 2780 Arnz.
2136 2753 2276 2792 unaque

1254 2796 1342 2834 facie
1365 2796 1459 2844 longe
1482 2796 1620 2844 lateque
1641 2805 1844 2830 contexunt.
1867 2805 1942 2830 non
1965 2795 2092 2841 probo.

1299 2848 1320 2881 6
1352 2845 1548 2894 Arbusta.]
1584 2846 1718 2882 Parvae
1743 2845 1887 2882 arbores
1909 2844 2115 2881 maritandis
2141 2843 2273 2881 vitibus

1252 2909 1491 2946 opportunae.
1533 2897 1709 2944 Apulejus
1733 2898 1767 2933 in
1792 2906 1828 2931 re
1852 2894 1975 2931 rustica
1999 2902 2274 2932 commemorat

1251 2948 1391 2995 arbusta
1415 2978 1425 2993 ‚
1464 2958 1557 2997 quae
1590 2947 1676 2983 locis
1703 2944 1845 2994 aquosis
1878 2946 2056 2982 laetantur
2079 2972 2090 2988 ‚
2119 2947 2157 2982 ὃς
2180 2955 2275 2993 quae

1252 3000 1362 3038 aridis.
1414 3000 1603 3037 canu.
1654 2996 1814 3034 Riccard.
1852 2995 2048 3035 Lindenbr.
2088 3000 2125 3033 ὅ(
2158 2996 2274 3042 ssong.

1253 3050 1412 3099 ambusta
1434 3050 1651 3097 nascuntur,
1678 3059 1745 3097 pro
1767 3045 1920 3097 arbusta.

1433 3100 1468 3138 V
1485 3110 1506 3137 v
1535 3111 1555 3136 2
2129 3107 2150 3143 1-
2178 3092 2282 3139 Tm&

2339 914 2397 961 ¹0
