2616 3686
753 180 1756 238 1-1.STEPHAN1

246 300 328 349 Ad
353 299 541 349 Graecas
565 310 710 348 autem
737 313 858 347 voces
887 298 999 360 quod
1025 300 1214 357 attinet,
1250 299 1363 348 hisco
1395 301 1574 362 epistolis
1600 302 1784 364 insertas
1806 341 1820 363 ,
1868 307 1918 362 de
1941 309 1996 356 iis
2026 326 2186 376 quoque
2215 317 2378 382 diffen-

183 367 298 418 tium
321 368 535 416 interdum
555 367 813 426 exemplaria
833 381 850 410 ,ι
884 374 1012 426 atque
1034 365 1252 413 interdum
1273 366 1460 412 lectiones
1483 382 1626 414 eorum
1647 369 1842 428 diversae
1855 407 1868 429 ,
1894 373 2004 432 sunt
2025 380 2273 444 ejusmodi,
2291 398 2343 435 ut
2355 423 2373 450 ‚

184 441 336 487 utram
346 435 501 494 eligas,
554 435 636 478 vix
634 431 773 492 facile
789 429 983 490 statuere
1005 429 1144 489 poffis.
1226 430 1481 490 Exemplum
1508 431 1638 480 habes
1668 436 1715 482 in
1746 437 1823 484 hoc
1848 437 1930 484 loco
1951 444 2143 502 epistolae
2160 449 2380 513 stptimae*

185 498 286 546 libri
306 500 437 545 tertii.
509 498 621 545 Erat
645 495 856 542 φιλόκαλος
895 493 1036 557 usque
1071 496 1128 543 ad
1159 497 1424 545 emacitatis
1454 500 1881 560 reprehensionem.
1951 506 2080 555 Nam
2111 512 2183 559 hic
2215 518 2376 581 austri<

177 575 305 625 ptum
331 563 390 626 est
414 564 596 624 margini
620 561 674 614 ξύ)
699 562 952 606 καινόΦιλος.·
985 561 1096 622 quod
1121 577 1202 608 non
1225 563 1365 609 minus
1388 562 1541 610 babere
1571 565 1706 612 lecum
1724 568 1878 631 potest.
1946 572 2128 621 Pariter
2146 581 2256 626 enim
2262 586 2376 647 fimt

184 644 342 675 emaces
364 631 436 690 qui
454 642 520 674 res
536 626 765 689 pulchras,
800 621 856 674 [9⁷
890 628 963 684 qui
992 641 1059 672 res
1089 642 1248 685 novas,
1285 630 1589 691 qualescunque
1607 628 1720 693 ficut
1739 672 1752 693 ,
1798 645 1964 683 amant.
2031 642 2261 691 Dicuntur
2292 667 2372 698 au-

185 705 269 741 tem
289 727 304 752 ‚
339 696 412 755 qui
428 693 536 756 fient
557 708 699 740 rerum
721 704 935 736 novarum
955 693 1124 752 cupidi,
1160 695 1295 739 etiam
1328 697 1547 740 Φιλόκαινοι
1574 733 1587 754 ,
1632 697 1688 750 ὃ
1719 700 1885 761 quidem
1901 702 2176 766 frequentius
2211 709 2374 774 (quan-

183 771 277 807 tum
298 760 527 820 memimffi,
539 756 733 820 p0ffi4m)
758 769 888 815 quam
907 760 1139 806 καινόφιλοι,
1209 759 1437 806 Emacitas
1466 761 1633 820 quidem
1663 776 1773 810 certe
1800 769 2038 829 excusanda
2072 778 2206 837 magis
2237 779 2299 838 est
2328 786 2378 829 in

183 827 228 871 237
248 842 320 885 ρο,
356 828 500 888 quifit
529 826 761 879 φιλόκαλος,
798 835 925 882 quam
956 824 1002 867 in
1031 838 1075 868 eo
1097 862 1110 884 ,
1147 825 1222 886 qui
1247 822 1491 884 Φιλὸκοεινος,
1516 826 1597 888 seu
1624 827 1878 878 nuwdmmoe:
1911 839 2106 894 quoniam
2138 843 2210 888 ille
2237 852 2375 910 magis

183 892 354 938 ducitur
363 893 530 951 judicio
552 929 564 949 ,
601 902 728 951 quam
753 885 836 935 hic.
908 884 1033 934 Illius
1065 900 1210 937 autem
1235 889 1396 951 prioris
1427 893 1623 941 vocabuli
1658 899 1921 945 contrarium
1953 902 2107 965 legitur
2124 908 2171 952 in
2196 910 2374 972 epistola

185 960 319 1005 tertia
341 958 440 1004 libri
447 957 628 1016 stcundi
638 987 655 1014 ,
687 951 954 1003 ἀφιλόκαλον.
1027 953 1194 1003 Verum
1209 951 1343 1016 puto,⁶
1375 957 1618 1004 ἀφιλόκαλον
1638 964 1699 1008 ibi
1718 962 1866 1020 souare
1895 980 1975 1011 non
2005 978 2098 1016 tam
2123 974 2368 1040 Inelegans

186 1022 244 1074 ὃ
267 1024 380 1070 rude
406 1056 421 1079 ‚
459 1037 588 1084 quam
619 1020 843 1069 Alienum
877 1020 932 1065 ab
972 1018 1138 1068 homine
1178 1022 1406 1076 honestatis
1436 1023 1510 1069 vel
1540 1039 1684 1077 rerum
1717 1027 1984 1090 honestarum
2003 1035 2188 1096 studioso
2211 1056 2228 1086 .·
2255 1047 2377 1103 ficut

182 1104 247 1135 me
276 1090 322 1134 in
350 1085 564 1148 Thesauro
586 1102 674 1133 meo
696 1084 924 1146 exposuiffle
947 1086 1156 1134 arbitror.
1225 1088 1449 1151 Adfertur
1468 1100 1611 1137 autem
1633 1096 1693 1141 ibi
1717 1093 1771 1146 {9⁹
1801 1098 1892 1141 alia
1911 1098 2053 1159 lectio,
2087 1104 2370 1172 ἀπειρόκιιλον,

181 1170 288 1215 quae
315 1169 395 1200 non
413 1155 556 1200 aliena
577 1153 632 1199 ab
659 1152 774 1198 illius
803 1153 882 1197 loci
893 1150 1113 1211 sententia
1134 1154 1207 1216 est.
1275 1158 1422 1216 Atque
1442 1171 1494 1200 ex
1518 1157 1572 1202 iis
1595 1160 1694 1207 loeis
1716 1198 1729 1220 ,
1777 1163 1823 1207 iu
1853 1163 2004 1223 quibus
2038 1177 2220 1232 utraque
2253 1175 2373 1225 leciio

181 1235 308 1281 aeque
318 1219 454 1281 potest
463 1219 584 1281 ferri
602 1253 618 1279 ,
653 1216 709 1277 est
730 1217 904 1278 quidam
929 1216 985 1269 {9³
1014 1221 1060 1264 in
1086 1219 1256 1282 epistola
1282 1225 1415 1267 tertia
1443 1221 1545 1267 libri
1562 1222 1767 1285 secundi,
1801 1229 1847 1273 in
1868 1230 1976 1288 fine.
2046 1234 2173 1282 Nam
2205 1239 2265 1285 ibi
2293 1257 2374 1291 non

169 1284 311 1347 solum
331 1285 751 1336 μεγαλοφωνότατοςι
775 1282 861 1340 sed
878 1287 1010 1328 etiam
1030 1289 1424 1338 λαμπροφωνότατος
1447 1287 1582 1348 potest
1613 1295 1707 1355 legi.
1773 1296 1842 1340 At
1863 1310 1965 1341 vero
1987 1298 2033 1343 in
2064 1302 2230 1362 epistola
2251 1308 2370 1367 quin-

180 1361 230 1396 ta
255 1351 355 1397 libri
372 1351 506 1409 primi
525 1349 646 1395 haud
669 1348 818 1395 itidem
845 1348 1057 1409 dixerim,
1094 1366 1174 1398 non
1195 1354 1336 1398 minus
1364 1349 1595 1403 οοὖθοαί>επν
1611 1391 1628 1418 ,
1672 1359 1782 1421 quod
1817 1359 1874 1418 est
1904 1361 1950 1407 in
1986 1371 2178 1428 margine
2195 1403 2210 1428 ,
2246 1388 2376 1432 quam

179 1412 509 1474 δυσκαθαίρετον,
556 1414 666 1476 quod
694 1413 749 1475 est
778 1416 824 1460 in
853 1425 1049 1461 contextu
1081 1454 1094 1473 ,
1136 1419 1245 1478 ροβε)
1274 1420 1354 1481 legi
1379 1436 1394 1465 .·
1427 1422 1511 1485 sed
1546 1435 1694 1471 contra
1720 1426 1848 1484 plane
1880 1429 2063 1475 alienam
2096 1435 2153 1479 ab
2188 1437 2263 1483 hoc
2293 1440 2377 1488 loco

164 1479 520 1542 fignificationem
539 1479 693 1526 habere
718 1478 964 1530 αὐθαίρετον.
1027 1485 1104 1528 At
1122 1486 1167 1542 fi
1190 1487 1374 1546 margini
1402 1488 1662 1551 adscriptum
1682 1490 1838 1552 fuiffit
1871 1492 2204 1547 ἅκατατοὶλοιιςον
2233 1501 2381 1566 (quod,

179 1548 310 1593 etiam
347 1544 551 1606 adfertur
587 1562 638 1592 ex
672 1544 879 1592 nonnullis
923 1548 1263 1614 exemplaribus)
1301 1553 1435 1599 locum
1476 1554 1531 1606 [9⁷
1565 1556 1640 1603 hoc
1662 1557 1775 1616 poſje
1805 1555 1958 1604 habere
1996 1560 2189 1612 dicerem.
2260 1568 2375 1617 Um?-

178 1628 273 1659 cum
293 1613 424 1672 super
453 1611 509 1672 est
539 1611 824 1670 vocabulum,
855 1610 973 1672 cujus
1010 1617 1260 1661 mentionem
1281 1615 1438 1676 facere
1475 1623 1646 1667 velim:
1679 1625 1728 1667 id
1761 1622 1818 1682 est
1847 1627 2085 1688 M‘stfpssov,
2127 1633 2173 1676 in
2200 1633 2373 1693 epistola

177 1677 399 1729 undecima
418 1679 517 1723 libri
528 1677 718 1740 secundi.
785 1676 844 1723 Ia'
863 1694 990 1738 quum
1009 1682 1196 1741 margini
1216 1681 1314 1742 efflt
1335 1685 1685 1746 adscribendum,
1721 1687 1776 1739 {9³
1799 1700 1946 1736 contra
1967 1698 2191 1746 λειτέργιον
2212 1699 2258 1742 in
2277 1710 2372 1747 tex-

177 1754 230 1789 tu
244 1743 510 1803 ponendum,
544 1743 668 1800 hujus
694 1744 962 1789 locum'illud
980 1748 1220 1805 occupavit.
1287 1750 1445 1811 Neque
1462 1753 1573 1799 enim
1599 1753 1812 1814 anyeutior
1841 1757 1924 1814 iis,
1960 1763 2033 1818 qui
2061 1766 2263 1816 λιτὲργιον
2287 1765 2371 1829 (ex

179 1824 415 1871 quocunque
425 1813 490 1870 fit
511 1810 743 1871 exemplari
758 1808 1029 1872 profectum)
1053 1812 1232 1858 admitti
1250 1814 1357 1874 poffit
1375 1817 1679 1879 arbitrantur,
1717 1829 1926 1882 tanquam
1960 1839 2011 1868 ex
2031 1825 2140 1869 λιτὸν
2172 1826 2228 1880 [9³
2259 1827 2381 1884 ἔργον,

180 1878 445 1936 composttum
475 1907 492 1934 ,
535 1885 585 1921 ut
606 1891 650 1922 eo
662 1873 931 1936 fignificetur
953 1884 1074 1921 tenue
1100 1877 1155 1929 ἐξ
1177 1880 1272 1925 leve
1293 1882 1585 1943 ministerium.

242 1946 469 1987 Caeterum
490 1940 565 1987 hoc
585 1956 742 2002 quoque
764 1942 817 1986 iis
839 1940 1143 2001 obssrvandum
1166 1943 1220 2004 est
1240 1981 1254 2004 ,
1290 1949 1365 2008 qui
1392 1950 1580 2012 linguam
1616 1952 1828 1999 Graecam
1859 1955 2011 2000 callent
2034 1987 2050 2013 ,
2085 1971 2213 2017 quam
2239 1969 2369 2019 aptas

175 2021 300 2053 voces
342 2007 526 2054 Graecas
560 2005 616 2060 ἐρ’
651 2020 781 2069 quam
824 2022 909 2053 non.
942 2016 1095 2054 temere
1137 2009 1234 2072 ficis
1267 2013 1443 2061 Latinis
1485 2016 1665 2076 epistolis
1705 2019 1885 2066 Plinius·
1922 2021 2152 2080 inmisceat.
2219 2026 2374 2089 Quam

180 2073 414 2118 cautionem
439 2074 679 2119 Ciceronem
707 2073 840 2119 etiam
863 2071 1098 2134 adhibuzffi
1121 2077 1348 2124 videmus:
1381 2097 1510 2142 quum
1526 2081 1648 2129 hodie
1678 2096 1827 2131 contra
1854 2088 2045 2148 plerique
2076 2089 2120 2132 in
2135 2086 2226 2146 fica
2261 2090 2375 2147 scri-

174 2148 259 2198 pta
281 2170 296 2195 ,
318 2136 505 2199 suasque
522 2137 780 2200 praestetim
801 2137 988 2198 epistolas
1012 2141 1220 2188 vocabula
1245 2144 1413 2192 Graeca
1433 2148 1701 2211 inferciunt,
1735 2167 1847 2211 nen,
1875 2154 1986 2214 quod
1996 2153 2162 2212 aptiora
2162 2157 2256 2214 fint
2280 2157 2374 2203 La-

182 2204 312 2262 tinis,
344 2202 418 2259 fi’d
439 2204 549 2264 quod
568 2220 617 2251 ea
637 2237 657 2263 ,
688 2218 817 2266 quum
841 2204 1011 2263 norint,
1045 2208 1178 2253 etiam
1206 2208 1433 2272 noffefiiri
1450 2216 1601 2263 velint.
1672 2217 1857 2280 ⁴,Quodfi
1892 2219 2032 2263 multa
2061 2219 2221 2278 noffent
2243 2258 2256 2278 ,
2305 2233 2380 2269 to-

183 2279 253 2314 tas
283 2270 371 2315 illis
395 2267 582 2329 epistolas
603 2269 878 2331 resarcirent.
947 2270 1034 2317 Sed
1066 2289 1142 2319 cur
1175 2273 1377 2338 (objiciet
1403 2279 1595 2343 aliquis)
1633 2282 1808 2328 Plinius
1839 2283 2006 2342 epistola
2031 2284 2193 2329 decima
2215 2290 2386 2335 octavas

182 2334 283 2380 libri
303 2336 438 2395 primi
458 2350 555 2381 voce
579 2336 747 2384 Graeca
776 2334 1038 2386 λογισάμενος
1061 2337 1158 2400 usus
1189 2340 1273 2400 esi„
1303 2358 1431 2404 quum
1454 2361 1533 2391 non
1564 2347 1664 2408 effic
1679 2349 1990 2410 fignificantior
2018 2365 2146 2411 quam
2182 2352 2374 2401 Latinae

185 2402 370 2461 aliquot,
406 2416 512 2461 quae
533 2401 578 2446 in
587 2411 765 2462 promtu
788 2406 957 2451 erant?
990 2407 1149 2453 Dicere
1179 2407 1288 2452 enim
1323 2419 1495 2467 poterat
1521 2427 1538 2457 .·
1583 2412 1742 2476 Quem
1771 2415 1881 2460 illud
1909 2417 2145 2477 cogitaſjem
2176 2433 2337 2466 mecum
2355 2457 2379 2467 ..

185 2468 281 2525 vel,
316 2466 470 2530 ‚Quum
497 2467 607 2512 illud
631 2469 944 2532 confideraffem
964 2505 980 2530 ,
1023 2472 1098 2516 vel
1119 2472 1434 2532 perpendiffem.
1502 2479 1594 2539 Ego
1626 2488 1737 2524 certe
1773 2479 1960 2540 existimo
1981 2515 1997 2540 ,
2045 2483 2157 2543 quod
2188 2483 2386 2533 Graecus.

185 2530 364 2577 Homeri
395 2530 544 2589 versus
567 2531 842 2595 sequeretur,
877 2538 966 2584 ideo
995 2539 1061 2583 illi
1090 2535 1150 2581 ibi
1177 2553 1336 2600 quoque
1368 2540 1529 2590 Graece
1557 2544 1670 2605 loqui
1690 2546 1904 2606 placuiffi’·.
1974 2547 2111 2611 ⁴,Quod
2126 2550 2170 2607 st
2207 2547 2373 2596 Graeca

186 2610 263 2640 non
303 2596 581 2657 ubjunxiffl’t,
613 2600 824 2659 putaſjem
854 2604 946 2648 ideo
971 2602 1092 2661 usum
1111 2592 1182 2648 illo
1200 2607 1426 2665 participio
1457 2608 1643 2667 Graece,
1679 2610 1790 2669 quod
1815 2613 2138 2657 concinnitatem
2167 2614 2386 2674 majorem:

183 2659 334 2707 habere
365 2662 423 2707 ibi
458 2663 676 2709 videretur
709 2664 808 2724 usus
838 2670 1089 2727 participii:
1121 2683 1251 2729 quum
1276 2670 1446 2717 -Latini
1478 2675 1642 2719 nullum
1675 2674 1889 2733 habeant,
1927 2677 2039 2737 quod
2062 2678 2189 2736 plane
2233 2678 2367 2725 Grae-

186 2740 230 2769 co
273 2727 336 2771 illi
378 2727 634 2788 respondeat.
701 2731 829 2777 Nam
874 2733 1136 2780 Meditatus
1181 2748 1262 2779 non
1303 2751 1435 2798 aeque
1478 2740 1560 2784 loco
1604 2740 1672 2784 illi
1714 2742 1925 2788 convenit.
1999 2742 2164 2788 Verum
2200 2745 2377 2804 obponet

185 2789 297 2835 mihi
329 2794 535 2852 quispiam
560 2794 757 2854 fortaffis
792 2797 847 2850 &⁸
882 2814 1023 2845 vocem
1056 2798 1291 2849 πλκτκνὼν,
1322 2818 1407 2864 qua
1440 2804 1538 2864 usus
1571 2803 1626 2864 est
1646 2805 1745 2850 libri
1759 2808 1895 2865 primi
1916 2807 2082 2871 epistola
2117 2811 2276 2866 tertia,
2309 2809 2366 2861 ὅς’

186 2856 350 2916 rogabit
386 2858 487 2917 quid
518 2860 564 2904 in
597 2875 646 2905 ea
691 2861 905 2916 ἑλληνίζειν
947 2864 1095 2925 neceſje
1131 2864 1279 2927 fuerit
1302 2907 1314 2926 ‚
1365 2869 1420 2919 ὅ
1465 2886 1604 2917 annon
1650 2870 1946 2921 Platanetum
1980 2873 2115 2919 elicere
2148 2877 2364 2932 potuerit,

186 2919 278 2981 Ego
314 2923 632 2982 Namnetum,
658 2926 869 2988 st’quenclo
902 2932 1168 2992 analogiam,
1199 2934 1311 2992 poffl*
1340 2936 1427 2982 dici
1459 2951 1540 2982 non
1572 2950 1710 2996 nego:
1745 2935 1831 2994 ῥεῖ’·
1864 2938 2174 2985 Platanonem
2217 2940 2366 3000 dixiſje

183 2987 397 3035 Romanos
434 2996 529 3034 tum.
562 2995 758 3050 temporis
779 3031 792 3054 ,
840 3011 891 3042 ex
935 2997 1151 3045 Martiali
1196 3000 1330 3048 etiam
1375 3003 1540 3063 colligo,
1587 3000 1702 3064 apud
1741 3015 1862 3064 quem
1898 3003 2069 3066 legimus
2123 3004 2228 3051 libro
2281 3014 2376 3052 ter--

189 3060 263 3099 ²50·

2258 3136 2380 3186 Proe-
