2616 3686
557 197 914 252 ⁴LIBER
979 194 1072 246 1V.
1138 197 1706 259 EPISTOLA
1770 212 1864 263 IX.

142 284 357 345 sationis
389 320 407 350 ⁹
464 277 521 334 &
579 275 754 347 origo,
826 268 1106 354 Respondi
1155 288 1281 343 ego,
1354 274 1493 363 52³²}OE
1552 281 1680 334 mihi
1756 285 1934 366 Bassus
1995 290 2236 363 injunxe-
2280 329 2311 372 4

142 373 254 423 rat,
291 354 304 376 ¹
337 365 396 409 ut
435 351 600 405 totius
636 343 957 402 defensionis
995 340 1342 398 fundamenta
1410 353 1678 417 jacerem?
1717 354 1955 414 d1cerem
1982 361 2052 416 de
2078 382 2232 421 orna-

126 427 335 486 rmentis
361 424 461 479 suis
489 460 504 485 ‚
567 437 703 493 quae
734 418 806 474 illi
840 415 894 469 &
933 430 1003 469 ex
1035 417 1248 486 generis
1283 418 1524 475 claritate
1550 460 1566 485 ‚
1631 423 1685 478 &
1723 442 1793 481 ex
1834 430 2080 499 periculis
2118 439 2234 507 ἱρῆς

141 516 329 573 magna
351 508 528 553 erant:
557 493 795 548 dicerem
820 486 890 541 de
915 484 930 512 ³
953 487 1346 568 conspiratione
1370 490 1700 561 delatorum,
1726 514 1885 569 quam
1900 503 1955 556 in
1978 506 1995 531 ⁴
2018 509 2236 576 quaestu

141 571 433 629 habebant:
473 566 711 621 dicerem
738 559 939 622 causas,
982 562 1174 636 quibus
1198 561 1613 622 fafflofissimum
1639 586 1916 645 quemque
1946 613 1962 639 ‚
2000 591 2059 631 ut
2084 580 2234 636 illum

142 645 310 718 ipsum
336 638 736 710 Theophanen,
772 631 1093 688 offendisset.
1155 635 1410 692 Eundem
1434 655 1523 693 me
1551 642 1792 697 voluerat
1818 661 2104 704 occurrere
2128 657 2233 707 cri.

142 718 301 781 mini,
338 730 447 786 quo
472 711 696 765 maxime
717 705 1075 778 premebatur.
1096 705 1150 760 in
1177 707 1287 762 aliis
1320 711 1464 764 enim
1494 751 1510 775 ,
1560 715 1802 784 quamvis
1837 719 2026 774 auditu
2061 726 2234 793 gravi-

143 788 361 850 oribus,
406 799 514 839 non
553 780 938 836 absolutionem
974 778 1143 832 modo
1175 817 1192 842 ,
1251 787 1604 840 verumetiam
1648 787 1859 844 laudem
1908 796 2231 853 merebatur,

143 871 158 898 ⁵
195 859 326 916 Hoc
348 857 492 910 illum
520 852 802 914 onerabat,
839 851 991 922 quod
1019 851 1187 906 homo
1218 851 1437 925 fimplex
1461 856 1516 910 δε
1543 859 1787 915 incautus
1811 900 1828 924 ‚
1879 866 2146 935 quaedam
2172 867 2230 926 ⁶a

143 925 543 1004 provincialibus
567 963 583 989 ,
637 937 696 978 ut
733 924 933 977 amicus
963 961 978 986 ‚
1017 940 1314 996 acceperat.
1390 928 1528 983 Nam
1559 932 1731 986 fuerat
1759 935 1815 988 in
1839 940 2115 1006 provincia
2141 959 2231 998 ea-

137 1003 259 1058 dem
283 997 559 1075 Quaestor.
632 995 790 1053 Haec
815 996 1147 1052 accusatores
1174 997 1190 1024 ⁷
1214 996 1354 1054 furta
1384 999 1437 1054 &
1464 1004 1668 1074 rapinas
1705 1043 1721 1068 ‚
1756 1007 1864 1077 ipse
1886 1025 2108 1068 munera
2134 1032 2232 1069 vo-

2065 1085 2231 1143 cabat.

2148 236 2240 292 265·

135 1218 360 1260 editionibus.
394 1220 455 1259 Est
475 1219 626 1270 quidem
648 1219 685 1258 in
702 1218 868 1257 Palatino
883 1247 893 1262 ‚
919 1217 978 1257 sed
999 1222 1033 1259 ei
1046 1220 1141 1260 abest

1206 1218 1308 1260 Tale
1335 1231 1433 1262 certe
1463 1224 1596 1262 vitium
1629 1227 1722 1265 infra
1750 1237 1841 1264 mox
1862 1231 2047 1275 occurrit,
2074 1231 2135 1271 ubi
2147 1244 2231 1273 eae-

137 1270 286 1309 alterum
309 1283 353 1312 εγ·
366 1274 460 1320 fax.-
493 1271 589 1309 adeo
609 1278 651 1308 ut
671 1270 734 1308 vix
757 1267 819 1306 fiat
849 1269 999 1308 dubium
1015 1300 1025 1316 ‚
1062 1272 1143 1310 scri·
1207 1269 1293 1309 dem
1318 1274 1553 1313 membranae
1568 1290 1585 1333 ⁴.
1603 1289 1692 1326 quae
1714 1277 1766 1315 illi
1785 1289 1830 1315 ex
1847 1282 1982 1329 generis
2005 1281 2091 1319 clar.
2127 1295 2194 1332 pro
2218 1313 2230 1331 ,

135 1328 238 1369 Fam
258 1321 496 1361 solummodo
520 1320 644 1366 fuiffe,
670 1333 762 1358 unus
784 1335 800 1358 e
820 1320 941 1368 legatis
955 1349 965 1366 ,
991 1324 1142 1368 princeps

113 1371 370 1420 *accusationin
398 1373 542 1422 Quibus
560 1372 868 1421 interpretationis
889 1372 976 1409 loco
1002 1373 1145 1412 acceffit

130 1429 247 1467 mox,
264 1424 338 1470 fax
360 1435 403 1463 (9⁹
421 1425 521 1472 origo.
569 1420 692 1460 Poffet
713 1424 823 1460 etiam
844 1420 945 1460 fuisse
966 1450 977 1466 ‚
1015 1437 1105 1462 unus
1130 1439 1147 1462 e

131 1467 253 1520 legatis
264 1475 338 1519 fax
359 1474 613 1522 accusationis,
639 1480 681 1509 ut
703 1481 842 1510 caetera
874 1473 929 1509 illa
965 1482 1047 1510 nata
1081 1474 1147 1514 sint

134 1529 155 1555 a
171 1521 292 1569 gloffa.
320 1524 510 1561 Gauri-za.
537 1522 720 1559 Eamdem
741 1523 954 1558 varietatem
974 1523 1011 1559 in
1023 1525 1148 1563 nostris

131 1569 227 1611 libris
246 1573 445 1611 observavi.
499 1572 644 1619 Optimi
661 1579 787 1608 tamen
810 1570 1001 1608 Mediceus
1024 1600 1034 1616 ,
1063 1575 1147 1613 Ric,

136 1621 229 1659 card.
253 1623 381 1660 Oxou.
406 1621 604 1660 Lindenbr.
626 1622 664 1658 &
686 1618 756 1656 Ed.
790 1619 877 1656 Vct.
913 1633 1004 1658 unus
1027 1636 1069 1659 ex
1100 1624 1148 1662 le-

131 1672 224 1719 gatis
248 1673 306 1710 fax
324 1673 549 1723 accusationis
568 1681 612 1710 (7
634 1670 724 1719 origo
749 1697 760 1713 ‚
787 1671 910 1718 itaque
942 1673 1146 1726 emendavi.

137 1721 373 1762 Recentiores
396 1722 567 1769 quidam,
594 1732 680 1757 cum
703 1720 898 1758 Gruterum
913 1721 971 1758 luc
982 1722 1144 1763 Gloffam

126 1773 301 1821 reperisse
324 1803 334 1818 ‚
374 1775 413 1812 ὃς
444 1782 505 1810 aut
534 1772 685 1821 princeps
717 1771 967 1820 accusationis,
996 1781 1058 1811 aut
1069 1776 1145 1820 fax

137 1824 364 1871 accusationis
386 1823 582 1871 legendum
604 1819 770 1860 censuisse
790 1821 954 1859 viderent
978 1850 988 1867 ,
1016 1822 1147 1864 deteri-

136 1881 178 1908 us
207 1874 440 1924 adripuerunt
464 1902 475 1918 ‚
501 1874 688 1921 vulgantes
710 1885 718 1909 :
741 1873 889 1921 princeps
918 1873 1146 1922 accusationis

137 1930 182 1957 ο·
202 1925 291 1971 origo
306 1953 316 1968 ‚
344 1937 429 1962 cum
451 1924 600 1973 quilibet
621 1925 710 1962 naris
731 1933 808 1960 non
829 1923 985 1961 multum
999 1924 1147 1966 obtusae

138 1969 265 2009 sentire
286 1983 395 2022 queat
413 2002 423 2019 ,
449 1971 489 2009 τὲ
505 1976 655 2024 princeps
686 1971 848 2011 Glossam
881 1972 951 2011 esse
982 1977 1031 2012 τέ·
1057 1977 1145 2023 sax.
1174 2006 1176 2028 ι

141 2020 251 2058 L'nde
277 2025 345 2061 iam
368 2026 457 2064 olim
481 2027 517 2062 in
540 2024 678 2062 Aldinis
701 2026 738 2062 &
769 2023 908 2062 duobus
941 2025 1048 2064 MSS.
1078 2039 1148 2066 no-
1174 2039 1175 2042 ’

137 2068 210 2108 sssis
243 2073 423 2121 legebatur
446 2087 454 2111 ε
486 2075 638 2125 princeps
657 2075 731 2121 fax
760 2075 982 2123 accusationis
1004 2104 1017 2121 ‚
1044 2089 1147 2126 non,
1171 2068 1175 2092 ‘

137 2123 238 2167 quod
286 2126 321 2161 in
369 2125 554 2164 Hackiana
601 2126 747 2174 aliisque
791 2126 908 2164 adhuc
956 2131 1146 2176 regnavit,
1171 2175 1173 2180 ‚

133 2172 285 2221 princeps
309 2177 346 2213 δε
357 2177 442 2224 fax.
495 2182 571 2213 fax
592 2175 666 2214 hoc
696 2174 795 2214 sensu
827 2179 983 2215 occurrit
1014 2178 1147 2230 Paneg.
1171 2182 1174 2213 i

138 2231 213 2268 (ψ.
240 2225 344 2262 vill.
376 2228 640 2264 Irritamentum
660 2225 749 2273 istud
769 2227 908 2263 irarum
924 2256 933 2271 ‚
959 2240 1004 2266 ω’
1017 2227 1075 2264 fax
1090 2241 1149 2267 tu-

135 2272 269 2311 multus
282 2276 413 2326 fhiffet.
458 2278 609 2316 Tacitus
641 2278 687 2314 ll.
720 2276 812 2315 Hist.
831 2288 906 2327 cap.
933 2278 1147 2319 LXXXVI.

134 2327 359 2363 Acen-imam
380 2327 463 2365 bello
487 2328 605 2366 facem
639 2327 810 2377 praetulit
832 2356 842 2371 ‚
880 2329 1076 2377 quomodo
1107 2334 1146 2369 &

136 2373 268 2412 Cicero
282 2405 291 2420 ,
319 2380 382 2426 qui
404 2378 507 2416 simul
527 2379 571 2416 de
589 2380 742 2416 homine
763 2379 913 2428 Philipp.
936 2391 1011 2428 cap.
1042 2380 1146 2418 XIV.

131 2427 316 2464 Antonius
342 2430 411 2465 eins
444 2430 601 2466 omnium
631 2428 861 2465 incendiorum
898 2428 969 2465 fax.
998 2430 1057 2466 ubi
1092 2431 1146 2467 A-

133 2472 246 2511 brim.
298 2479 485 2517 videndus.
531 2480 706 2528 Apu‘eius
752 2479 912 2527 Apolog.
952 2490 1032 2526 pag.
1061 2491 1143 2528 321.

133 2528 194 2560 Hac
223 2525 268 2571 est
295 2529 431 2574 pueruli
462 2530 563 2567 huius
595 2528 773 2578 instigator
796 2554 813 2572 ‚,
835 2528 890 2564 hic
911 2530 1143 2577 accusationis

134 2577 274 2620 ικεῖον,
291 2576 344 2614 hic
375 2581 480 2617 totius
503 2580 702 2617 calumniae
714 2578 904 2625 fornacula
919 2607 930 2622 ‚
953 2578 1008 2616 hic
1022 2582 1143 2620 Aemi-

131 2621 220 2663 lunt
242 2626 344 2665 huius
369 2628 426 2665 fax
451 2641 492 2668 O·
508 2630 716 2679 flagellum,
739 2629 841 2678 quod
863 2639 989 2666 tamen
1013 2641 1057 2668 ex
1070 2631 1142 2670 alio

139 2681 264 2728 genere
286 2679 495 2717 transsatum
520 2680 569 2717 est
618 2679 782 2717 Eosdem
815 2682 854 2718 ὅ(
884 2680 1072 2729 incensores
1100 2693 1142 2720 ac

141 2734 320 2766 incensores
350 2741 482 2767 vocare
513 2730 629 2769 so'cnt
652 2760 662 2775 ‚
711 2741 782 2780 qua
818 2730 862 2767 de
897 2741 933 2768 te
957 2731 1070 2768 multa
1096 2733 1142 2771 ad

142 2769 272 2814 Lucan.
307 2779 388 2817 Lib.
417 2780 508 2817 VH.
541 2792 592 2818 vs.
623 2782 708 2827 607.
737 2782 837 2818 cuius
869 2783 907 2818 δε
931 2781 1010 2818 Lib.
1035 2782 1062 2819 Ι.
1090 2794 1140 2821 vs.

145 2820 224 2904 {3⁶³-
250 2826 326 2866 Sum
361 2833 461 2877 faces
497 2831 579 2870 belli
605 2861 616 2878 ,
661 2832 723 2870 ubi
769 2831 937 2869 nonnihil
974 2831 1140 2871 diximus.

208 2883 292 2913 ιτε.

196 2931 218 2976 1,
240 2921 289 2978 [ξε
307 2932 408 2968 satias
431 2932 526 2983 defi]
566 2933 741 2982 Optimus
762 2934 875 2970 reiicit
896 2943 937 2970 ut
960 2960 972 2976 ‚
1009 2945 1053 2971 ex
1075 2934 1138 2972 usu

148 2976 271 3024 ΟΡῖῐῐῖἱι
303 2980 494 3030 cuiusque,
522 2984 566 3020 de
603 2995 681 3034 quo
718 2983 764 3020 ad
791 2983 923 3021 Sallust.
953 2984 1034 3021 Cat.
1061 2996 1137 3033 cap.

150 3016 299 3075 λέἷλη·
324 3036 360 3063 ¹²·
388 3040 419 3067 ι.
451 3033 636 3072 Haesitavi
665 3042 792 3072 tamen
810 3063 821 3079 ‚
859 3034 1046 3083 cogitans,
1074 3047 1141 3084 po-

147 3075 246 3106 mm‘*
276 3071 361 3112 ΨΜ
386 3088 446 3125 9²1
476 3084 688 3123 concursum
724 3085 923 3124 litterarum
956 3091 988 3124 T
1014 3087 1139 3135 perire.

1206 1333 1257 1410 ᾗ
1273 1336 1317 1380 ex
1339 1326 1473 1373 generis
1497 1325 1663 1367 claritate
1677 1358 1687 1374 ,
1715 1337 1755 1367 ut
1777 1329 1875 1369 recte
1898 1332 2033 1381 vulgati
2046 1336 2233 1386 ceterique

1221 1384 1230 1410 1
1259 1384 1298 1412 ri.

1260 1447 1282 1473 2
1309 1436 1520 1488 Jacerem.]
1551 1440 1784 1481 Collocareni
1800 1471 1812 1489 ‚
1838 1442 1968 1482 scilicet
1994 1445 2032 1484 in
2059 1444 2232 1497 depreca—

1209 1486 1324 1524 tione.
1355 1488 1510 1527 Cis-iau.

1263 1559 1282 1593 3
1312 1549 1584 1597 Conspiratt'one.
1607 1550 1621 1591 ²:
1651 1553 1827 1604 consensu
1850 1556 1917 1594 alii.
1944 1558 2154 1596 Boxuonu.
2175 1561 2233 1598 U-

1211 1610 1278 1635 nus
1299 1598 1355 1636 Cl.
1377 1599 1503 1637 Minos
1526 1603 1564 1638 ὃς
1587 1602 1671 1640 Vct.
1697 1605 1793 1643 Cod.
1814 1607 1976 1656 consensu
2016 1608 2231 1655 adnotavit;

1214 1658 1250 1687 at
1271 1649 1380 1687 nostri
1401 1649 1547 1688 summo
1566 1653 1739 1692 consensu
1761 1656 1941 1704 praestant
1975 1660 2234 1709 conspiratione.

1261 1721 1284 1755 4
1307 1709 1501 1760 Qasstus]
1531 1711 1631 1748 Nam
1655 1722 1824 1761 quartam
1843 1715 2031 1755 bonorum
2062 1719 2236 1762 confisca-

1209 1770 1335 1799 torum
1382 1768 1523 1809 partem
1567 1761 1778 1801 habebant:
1816 1764 1902 1805 inde
1938 1769 2233 1819 quadruplatores

1209 1809 1306 1851 diCti.
1336 1811 1492 1849 Caram.
1520 1812 1624 1861 Lege
1648 1813 1814 1863 Lipsium
1837 1816 1882 1854 ad
1907 1817 2028 1858 Tacit.
2052 1820 2118 1859 IV.
2130 1823 2232 1865 Ann.

1210 1873 1287 1910 cap.
1308 1861 1392 1900 XX.
1420 1862 1573 1901 Bana-H.
1602 1864 1699 1901 Mox
1722 1866 1899 1916 Optimus
1922 1868 2161 1920 Theophanen.

1260 1935 1278 1970 ς
1312 1930 1378 1962 Hoc
1398 1925 1501 1963 illum
1522 1927 1704 1965 onerabat.
1728 1927 1743 1978 ]
1782 1930 1979 1980 GryphiuS.
2026 1935 2097 1967 Hoc
2123 1931 2230 1970 illum

1208 1971 1290 2011 alias
1322 1976 1492 2014 onerabat
1515 2004 1525 2021 ,
1562 1979 1665 2027 quod
1688 1982 1907 2019 recentiores
1930 1981 2079 2031 quidam
2105 1982 2230 2022 sedulo

1207 2034 1452 2074 propagarunt
1476 2057 1486 2072 ‚
1534 2039 1620 2066 curn
1653 2037 1778 2067 tamen
1802 2043 1843 2070 ea
1863 2032 2041 2070 Particula
2063 2033 2100 2070 in
2127 2035 2231 2074 nullis

1205 2073 1336 2123 scriptis
1358 2105 1371 2121 ‚
1408 2090 1530 2127 neque
1560 2079 1598 2116 in
1632 2080 1699 2118 Ed.
1722 2082 1810 2120 Vet.
1832 2082 1975 2122 Aldinis
1991 2111 2001 2128 ‚
2029 2082 2231 2130 Catanaei,

1207 2125 1354 2212 ῗῐμῑεϊί
1377 2129 1546 2180 adp-areat
1571 2158 1581 2175 ,
1610 2130 1738 2170 Minos
1761 2133 1933 2172 eamdem
1955 2135 2099 2173 uncinis
2117 2135 2231 2175 inclu-

1221 2185 1296 2215 erit.

1255 2228 1279 2264 6
1307 2233 1345 2265 A
1366 2229 1642 2278 provincialibus
1658 2260 1668 2275 ,
1697 2245 1737 2270 ut
1759 2234 1857 2284 cra]
1890 2234 2126 2272 Scribendum
2141 2246 2227 2272 cen-

1207 2276 1291 2322 seo,
1320 2291 1360 2316 ut
1383 2281 1517 2317 amicis.
1557 2282 1744 2319 Gaonov.
1784 2284 1861 2321 Iam
1897 2285 2083 2332 Gryphius
2111 2286 2148 2322 ὃ(
2174 2286 2226 2322 Si·-

1208 2328 1360 2367 chardus
1382 2330 1572 2369 ediderunt
1594 2344 1632 2369 ut
1655 2334 1776 2371 amicis
1793 2362 1802 2377 ,
1831 2334 1954 2382 estque
1974 2335 2021 2371 ita
2054 2335 2091 2371 in
2123 2335 2226 2374 Voss]

1209 2379 1247 2414 δε
1270 2379 1381 2415 Arri-1..
1405 2381 1651 2427 perscriptum.
1678 2383 1749 2420 Sed
1771 2383 1992 2421 vetustissiini
2018 2385 2199 2421 catamitus
2213 2402 2224 2429 ;

1206 2438 1326 2477 neque
1346 2430 1419 2466 hoc
1440 2431 1586 2469 librariis
1607 2433 1840 2470 tribuendum
1855 2462 1865 2477 ,
1893 2435 1954 2484 qui
1991 2436 2112 2483 potius
2140 2437 2225 2474 alte-

1206 2488 1287 2515 rum
1335 2478 1508 2517 dedissent
1557 2494 1602 2518 ex
1651 2482 1903 2521 observatione
1926 2513 1935 2528 ,
1987 2485 2031 2522 de
2070 2497 2141 2535 qua
2181 2488 2227 2524 ad

1207 2528 1286 2566 Lib.
1315 2528 1380 2566 ΙΙΙ.
1409 2529 1514 2579 Epist.
1542 2531 1627 2569 XV.
1654 2544 1688 2569 n.
1717 2545 1747 2570 2..
1802 2535 2008 2573 Sententiae
2046 2535 2229 2577 utrumvis

1204 2578 1379 2617 satisfacit.

1255 2642 1272 2676 7
1306 2636 1415 2667 Furta
1428 2630 1665 2681 &rapinasff
1689 2634 1951 2673 Controversia
1976 2636 2022 2674 de
2044 2639 2228 2684 nomine,

1206 2680 1245 2716 ὃ(
1267 2681 1475 2719 constitutio
1500 2681 1699 2720 diffinitiva.
1752 2683 1948 2723 Furtoruin
1971 2687 2046 2724 duo
2069 2687 2139 2726 effe
2163 2700 2227 2737 ge-

1206 2742 1291 2768 nera
1324 2732 1432 2770 refiert
1464 2733 1572 2780 Cajus
1598 2747 1606 2770 :
1646 2733 1878 2772 manifestum
1911 2739 1949 2774 ὃς
1972 2750 2048 2774 non
2072 2739 2228 2778 manife-

1205 2779 1305 2818 stum.
1363 2782 1544 2829 Manijost’i
1585 2785 1776 2822 convictu-z
1813 2795 1957 2824 tenetur
1995 2789 2031 2824 in
2070 2789 2229 2835 quadru-

1207 2832 1304 2879 plum
1321 2861 1331 2877 ‚
1360 2833 1461 2882 quod
1486 2836 1558 2883 rapi
1583 2834 1732 2883 quidem
1754 2833 1828 2874 sine
1852 2840 1888 2876 vi
1922 2849 1999 2874 non
2032 2838 2147 2886 potest
2175 2840 2228 2878 se-

1203 2883 1364 2921 cundum
1398 2885 1484 2932 Uip.
1538 2886 1640 2922 Furti
1682 2897 1758 2922 non
1795 2886 1972 2935 manifesti
2011 2896 2154 2927 tenetur
2190 2892 2229 2929 in

1205 2933 1382 2981 duplum,
1413 2937 1447 2972 vi
1482 2936 1665 2972 bonorum
1698 2944 1881 2984 raptorum
1918 2939 1956 2975 in
1979 2939 2224 2990 quadruplum

1203 2984 1314 3021 Paulo
1336 2985 1570 3024 contestante.
1598 2988 1632 3023 C
1647 2999 1667 3022 A
1685 2999 1705 3023 τ
1723 3000 1744 3022 Α
1761 3000 1795 3024 Ν.
1826 2987 1944 3026 Aldus
1968 2990 2005 3027 &
2034 2989 2226 3039 sequentes

1206 3034 1294 3071 I-de.
1320 3037 1512 3086 pleraeque
1535 3049 1575 3071 ac
1595 3037 1747 3084 rapinas.
1777 3039 1917 3077 Contra
1951 3040 2057 3078 MSS.
2093 3052 2226 3080 omnes

1203 3088 1239 3122 ἃ
1263 3085 1330 3124 Ed.
1356 3086 1440 3126 Vct.
1458 3097 1502 3127 θ’
1522 3089 1689 3133 rapinam
1720 3088 1887 3139 Bongars.
1908 3102 1974 3129 aut
1995 3091 2149 3142 rapinas.

1554 3138 1587 3175 L
1613 3138 1625 3175 l
2102 3155 2115 3179 1
2148 3145 2220 3177 Lex
