2616 3686
253 206 319 254 70
500 171 2180 237 CPLINIICAECILIISECUNDI

257 271 572 330 tubernalis:
612 280 762 339 pater
789 280 910 320 tuus
938 262 994 318 &
1021 267 1210 324 matri,
1250 257 1782 321 &¹avunculomeo‚
1823 260 2126 318 mihietiam
2147 301 2162 326 ‚
2190 264 2358 336 quan}

263 364 378 400 tum
408 358 593 398 aetatis
625 342 641 362 ⁸
667 340 935 395 diversitas
962 335 1096 408 paffa
1124 334 1227 397 est,
1265 331 1560 386 familiaris:
1603 347 1828 402 magnae
1852 333 1908 382 &
1938 349 2119 402 graves
2145 324 2378 400 causae}

190 435 220 473 2
266 438 361 474 cur
403 416 660 487 iuscipere
695 413 750 467 &
789 427 987 479 augere
1018 407 1338 478 dignitatem
1376 417 1523 459 tuam
1561 402 1807 458 debeam.
1884 400 2006 459 Effe
2042 421 2216 462 autem
2261 406 2360 463 tibi

271 492 283 517 ³
311 504 537 545 centum
567 486 788 540 millium
815 483 1064 545 censum,
1103 480 1221 532 satis
1244 475 1444 530 indicat
1463 514 1479 539 ,
1516 478 1665 548 quod
1695 475 1838 547 apud
1876 493 1974 530 nos
2000 476 2018 502 ⁴
2041 477 2263 533 decurio
2287 497 2360 535 es,

268 564 473 636 Igitur,
513 578 570 615 ut
598 576 653 612 te
678 574 786 610 non
822 556 1122 608 decurione
1152 550 1349 609 solum,
1388 564 1576 602 verum
1604 550 1763 602 etiam
1782 549 2362 621 equiteRomauoper-

273 638 545 698 fruamur,
587 629 760 686 offero
785 629 879 680 tibi
908 627 973 679 ad
1002 623 1300 695 implendas
1325 619 1338 645 ⁵
1369 620 1640 691 equestres
1654 622 1929 676 facultates
1944 637 2188 677 trecenta
2204 624 2366 677 millia

200 724 223 776 3
279 709 580 766 nummum.
641 703 731 756 Te
759 715 1058 754 memorem
1088 698 1240 766 hujus
1267 693 1501 748 muneris
1526 693 1790 747 amiciti-ae
1817 695 2022 749 nostrae
2048 695 2371 750 diuturnitas

278 782 524 854 spondet,
605 775 725 844 Ego
748 791 816 827 ne
843 772 970 826 illud
997 769 1216 842 quidem
1245 767 1549 829 admone0‚
1589 767 1739 838 quod
1766 767 2060 822 admonere
2082 767 2372 832 deberem,

280 855 412 914 &nili
442 855 631 907 leirern
655 848 843 920 sponte
869 846 1164 909 faciurum,
1203 854 1260 898 ut
1289 839 1552 920 dignitate
1579 857 1608 893 a
1633 856 1720 894 me
1746 839 1902 903 data,
1936 835 1952 863 ⁷
1987 857 2146 912 quam
2184 840 2378 894 mode·

2089 992 2091 995 ι
2130 911 2346 968 stiffime
2359 951 2376 978 ,

277 1072 375 1121 'quos
405 1067 526 1108 firmat
554 1060 770 1106 Palatinum
819 1061 858 1099 δε
889 1060 994 1097 ratio.
1048 1057 1177 1106 Nuper
1209 1054 1304 1094 cufi:
1347 1052 1419 1090 fere
1443 1051 1633 1098 dicebant,
1661 1052 1947 1102 quadringenta,
1974 1050 2100 1089 subint.
2124 1051 2247 1090 millia.
2276 1052 2378 1090 Cen)

281 1122 463 1171 Municeps
499 1130 581 1156 tuus
608 1145 618 1161 ‚
655 1127 722 1153 vc.
756 1111 859 1162 quod
883 1110 1014 1160 respuit
1036 1121 1152 1157 nexus
1178 1108 1307 1146 verbo·
1348 1104 1404 1142 sus
1426 1115 1517 1141 vero
1543 1105 1751 1142 Senatorius
1776 1111 1849 1142 erat
1871 1103 2069 1151 ostingenta
2090 1102 2202 1141 millia
2227 1131 2237 1147 ,
2275 1114 2317 1141 ut
2337 1108 2376 1143 m

285 1183 379 1208 rum.
409 1172 598 1209 Gnurfiu.
628 1164 874 1203 Consentiunt
907 1160 1125 1199 emendatae
1156 1159 1306 1197 lectioni
1355 1154 1517 1204 Augusto
1541 1154 1664 1204 prodit
1688 1155 1785 1192 Suet.
1840 1154 1922 1192 Nec
1946 1153 2006 1191 abs
2029 1165 2066 1191 re
2099 1153 2181 1192 sane
2215 1154 2255 1191 in
2286 1166 2379 1192 con·
2614 1171 2616 1175 ·

284 1233 417 1260 omnes
439 1220 548 1260 nostri
574 1217 680 1255 MSS.
703 1226 744 1254 ut
768 1217 806 1252 ὃς
829 1213 992 1263 plerique
1015 1211 1209 1259 Angiicani
1234 1237 1245 1254 ,
1273 1220 1312 1245 ut
1355 1205 1511 1244 ferendis
1535 1208 1673 1255 magnis
1695 1207 1759 1244 ilus
1785 1205 2018 1254 dignitatibus
2043 1233 2054 1250 ,
2083 1205 2208 1243 census
2242 1215 2383 1252 opum·
2607 1183 2616 1243 l·

284 1271 481 1321 indigneris
506 1300 516 1317 ‚
544 1270 741 1308 Thomnm
776 1264 926 1301 Hearne
959 1270 1173 1311 corruptum
1203 1260 1311 1300 ilud:
1355 1269 1426 1307 que
1451 1259 1541 1295 ratio
1566 1257 1632 1295 fuit
1662 1257 1793 1295 habita.
1848 1256 2042 1294 Verissime
2077 1257 2214 1306 quippe
2248 1255 2381 1295 Tullus
2465 1295 2474 1302 ,
2547 1288 2561 1304 ,

286 1330 467 1374 Mumceps
501 1332 584 1360 tuus
615 1331 658 1359 <7¹
701 1313 946 1366 condismpzdns
981 1342 992 1359 ‚
1053 1313 1315 1362 repraesentare
1355 1307 1454 1357 apud
1479 1308 1592 1345 Dion.
1617 1304 1851 1346 Halicarnasi.
1877 1307 1958 1345 Lib.
1985 1306 2050 1344 IV.
2090 1306 2165 1343 Οὐκ
2183 1303 2231 1344 ἄν
2244 1309 2384 1351 γένοιτο

287 1373 454 1424 potuisse,
1357 1361 1519 1404 <Dp6vnpcz
1534 1357 1678 1404 εὐγενὲς
1701 1359 1732 1395 ἐν
1751 1359 1918 1397 ἀνδράσιν
1938 1361 2184 1403 άπαραυμ.-νοις
2207 1359 2276 1394 ’τῶν
2305 1358 2384 1396 καθ’

340 1437 354 1463 1
388 1420 622 1471 Ammaia]
675 1421 718 1459 C.
751 1417 871 1456 Plinio
906 1414 1078 1454 Secundo
1111 1414 1282 1453 historico
1307 1441 1318 1458 ,
1357 1411 1486 1454 ἡμέραν
1509 1410 1734 1456 ἒιναγκκῑωνι
1766 1408 1867 1448 Nihil
1885 1408 2076 1460 generofiur
2103 1407 2212 1459 potest
2238 1409 2384 1458 japere,

291 1478 351 1514 cui
386 1487 450 1525 per
484 1474 726 1523 adoptionem
757 1467 872 1505 faetus
907 1465 956 1504 est
992 1466 1170 1505 Caecilius
1204 1465 1320 1510 filius,
1357 1463 1417 1512 qui
1439 1461 1634 1512 quotidiani
1666 1462 1779 1499 vitius
1820 1461 1965 1511 penuria
2003 1461 2191 1511 premitur.
2246 1459 2387 1506 Adde,

287 1527 449 1564 multum
474 1525 536 1564 ista
560 1521 782 1562 confirmant
807 1519 1052 1568 opinionem,
1080 1517 1145 1566 qui
1178 1515 1321 1565 scripse-
1360 1511 1463 1563 quod
1496 1514 1629 1562 majori
1662 1524 1768 1550 curae
1801 1512 1897 1549 Rem
1930 1542 1936 1549 .
1968 1512 2128 1556 habent,
2158 1520 2319 1560 quorum
2345 1514 2385 1550 &

289 1588 328 1615 re
362 1578 519 1616 Plinium
565 1583 794 1612 avuncuum
832 1567 936 1607 t'uiffe
973 1568 1325 1607 Novocomensem.
1361 1565 1531 1613 privatim
1554 1564 1724 1608 interest,
1751 1574 1835 1600 eam
1870 1574 1889 1599 e
1921 1574 1940 1599 e
1974 1562 2118 1600 salvam.
2166 1562 2383 1600 Bramme.

291 1628 448 1666 CATAN,
1362 1613 1498 1652 Census
1532 1613 1701 1664 equestris
1734 1613 1881 1651 Romae
1915 1612 2185 1662 quadringentis
2228 1611 2385 1651 minibus

344 1691 364 1716 2
394 1674 634 1727 Diverfita;.]
687 1673 808 1720 Magis
842 1672 942 1709 enim
975 1681 1038 1719 par
1073 1682 1227 1721 parem,
1257 1669 1322 1706 de·
1362 1664 1542 1704 definitus.
1595 1666 1789 1714 Quoniam
1840 1664 1964 1714 itaque
2011 1664 2085 1701 iarn
2112 1671 2192 1700 tum
2233 1670 2387 1702 centum

295 1729 431 1774 lectar,
460 1727 660 1767 secundum
684 1725 870 1762 Graecum
894 1722 1062 1770 proverb.
1098 1721 1182 1769 ἥλιξ
1213 1721 1323 1763 ἥλικα
1361 1717 1469 1755 millia
1503 1716 1704 1766 possidebat
1738 1715 1881 1753 Firmus
1907 1744 1917 1760 ‚
1966 1715 2085 1753 adhuc
2111 1713 2281 1751 trecentis
2309 1721 2386 1753 erat
2608 1737 2616 1775 3

297 1782 434 1824 τέρπει.
464 1780 580 1818 tom.
1360 1779 1477 1816 opus,
1504 1776 1545 1805 ut
1580 1779 1692 1816 eques
1725 1767 1920 1804 Romanus
1951 1765 2063 1804 fieret.
2114 1765 2386 1804 Euenum.

342 1844 360 1881 3
391 1838 544 1869 Centum
579 1826 782 1871 millium]
820 1824 1048 1861 Nummum.
1102 1822 1203 1860 Nam
1233 1822 1323 1859 tanti
1361 1819 1524 1857 Voffian.
1562 1818 1729 1856 Aruzen.
1765 1819 1804 1855 &
1838 1816 1932 1855 Edd.
1967 1816 2148 1867 Gryphii:
2177 1816 2307 1864 equitis
2321 1817 2389 1862 sa-

294 1890 396 1923 etant
418 1883 516 1920 mille
537 1879 685 1918 nummi
700 1906 710 1922 ‚
738 1876 865 1925 quanti
886 1885 1005 1910 unum
1018 1871 1239 1911 sestertium:
1270 1883 1326 1910 er-
1359 1869 1519 1907 cultates.
1573 1870 1677 1918 Lege
1704 1869 1863 1907 omnino
1888 1868 2045 1908 Martial.
2071 1868 2152 1906 Lib.
2177 1865 2245 1903 IV.
2268 1866 2392 1916 Epigr.

294 1945 345 1984 go
395 1942 546 1971 centum
596 1930 705 1967 millia
744 1936 945 1964 nummum
973 1930 1075 1962 erant
1099 1932 1250 1963 centurn
1279 1922 1329 1960 se-
1365 1921 1527 1959 LXVII.

296 1985 425 2024 sterria.
478 1986 676 2022 (ΞΑ-[ΑΝ.
733 1977 993 2015 Decurionum
1037 1976 1160 2024 itaque
1207 1973 1330 2012 census
1417 1971 1440 2007 6
1471 1971 1548 2022 Nifi
1578 1980 1616 2011 te
1641 1971 1766 2021 scirem
1793 1968 1915 2019 sponte
1939 1966 2173 2017 safrarum]
2228 1968 2396 2008 Riccard.

297 2044 448 2076 centum
496 2034 651 2073 millibus
686 2058 697 2075 ,
745 2029 820 2065 hoc
869 2025 918 2064 est
942 2056 953 2072 ,
1003 2026 1165 2063 centenis
1212 2025 1332 2063 sester-
1368 2021 1433 2072 m'fi
1456 2023 1585 2073 scirem
1609 2023 1731 2073 sponte
1764 2029 1800 2058 te
1822 2021 2026 2068 saffrarum.
2081 2018 2151 2058 Sed
2193 2017 2400 2060 Hehnstad.

303 2089 364 2126 tiis
385 2086 644 2124 aestimabatur.
699 2081 836 2129 Neque
859 2077 960 2115 enim
983 2078 1132 2114 Romae
1162 2084 1335 2120 tanturn,
1371 2073 1541 2123 Bongars.
1575 2075 1613 2112 ὃς
1648 2071 1847 2111 Lindenbr.
1900 2070 2201 2110 Provocabulum
2235 2079 2268 2107 te
2291 2071 2400 2118 piane

300 2148 434 2176 verum
458 2137 495 2174 in
519 2132 725 2181 municipiis
749 2140 900 2179 quoque
936 2128 1126 2176 dignitates
1161 2127 1335 2165 ordinum
1372 2125 1584 2173 negligunt,
1613 2127 1653 2163 ὃς
1674 2123 1783 2162 reete.
1836 2120 1910 2160 Adi
1935 2122 2055 2160 nostra
2077 2121 2122 2158 ad
2150 2119 2283 2159 Sallust.
2320 2121 2401 2172 Iug.

301 2188 349 2226 ad
387 2187 601 2226 facultatum
639 2190 782 2220 certum
820 2178 980 2215 modum
1018 2177 1336 2226 restringebantur.
1376 2186 1451 2224 cap.
1479 2175 1562 2213 CII.
1583 2187 1619 2212 n.
1641 2189 1676 2225 9.
1730 2173 1798 2210 Cui
1812 2172 1939 2222 scilicet
1968 2171 2124 2223 placuisse
2149 2200 2159 2216 ‚
2188 2183 2230 2211 (φ
2254 2172 2331 2210 vim
2357 2183 2402 2214 ω·

302 2239 383 2284 Ita,
411 2246 450 2276 ut
474 2240 671 2276 nemo¹eas
694 2230 869 2279 consequi
892 2226 1034 2278 posset,
1060 2226 1123 2266 nifi
1158 2230 1256 2265 bona
1296 2228 1338 2265 il-
1370 2227 1534 2274 gratiam
1558 2225 1714 2273 nostram
1736 2223 1882 2274 experiri
1908 2252 1918 2266 .
1944 2236 2021 2274 quo
2044 2224 2128 2261 loco
2154 2223 2258 2262 multi
2282 2222 2404 2264 Codd.

302 2291 370 2330 Iius
394 2291 432 2328 δί
457 2288 643 2326 facultates
667 2281 855 2321 definitam
890 2279 1074 2318 summam
1118 2279 1336 2328 implerent:
1380 2287 1412 2313 te
1432 2278 1588 2327 experiri.
1623 2277 1728 2315 Ideni
1762 2276 1843 2313 Cat.
1877 2286 1953 2324 cap.
1982 2274 2067 2313 Lll.
2091 2286 2127 2312 n.
2154 2273 2209 2310 16.
2232 2280 2279 2312 Eo
2292 2275 2402 2324 magis

306 2344 346 2380 &
381 2340 552 2378 ordinem
583 2335 679 2374 adeo
714 2334 900 2370 amitteret
925 2359 936 2375 ,
975 2342 1017 2368 ea
1043 2331 1108 2379 qui
1130 2329 1338 2368 decidisset:
1378 2329 1486 2373 refert
1510 2327 1598 2366 mihi
1619 2339 1726 2377 atque
1750 2325 1847 2364 vobis
1871 2326 1991 2363 timere
2014 2355 2024 2372 ,
2062 2326 2123 2363 ubi
2154 2325 2269 2374 vulgo
2303 2333 2400 2363 erat:

307 2390 410 2444 quod
435 2403 480 2429 ex
506 2387 650 2428 Libanii
674 2395 828 2436 quoque
853 2381 899 2420 de
920 2381 1135 2420 Patrociniis
1170 2382 1340 2419 oratione
1379 2392 1433 2415 me
1456 2378 1542 2417 mihi
1565 2393 1598 2417 a.
1622 2394 1659 2415 v.
1685 2379 1816 2415 timere.
1874 2378 1931 2415 Sic
1952 2378 2009 2415 iile
2033 2376 2230 2426 nepiffime
2253 2377 2330 2415 Cic.
2357 2373 2402 2413 X.

310 2441 580 2492 cognoscimus.
607 2437 818 2476 Euenum.
1382 2429 1484 2468 Fam.
1509 2431 1617 2480 Epist.
1641 2430 1686 2467 X.
1749 2435 1794 2466 ne
1818 2439 1851 2466 te
1868 2429 1978 2476 fama
2001 2427 2160 2475 constans
2185 2455 2196 2471 ‚
2224 2439 2282 2464 nec
2300 2423 2403 2474 decipi

360 2507 383 2540 4
411 2489 600 2540 Decuri0.]
630 2489 783 2527 Senator
806 2486 844 2522 in
877 2484 1092 2533 municipio.
1143 2482 1211 2520 C».
1226 2497 1248 2522 τ
1266 2495 1287 2519 Α
1303 2495 1341 2520 u.
1380 2481 1463 2532 posse
1486 2495 1543 2520 nec
1568 2481 1674 2519 vinci.
1725 2479 1882 2527 Justinus
1905 2479 1990 2517 XII.
2014 2491 2090 2529 cap.
2114 2479 2162 2515 V.
2183 2489 2218 2513 n.
2240 2489 2270 2513 2.
2318 2478 2403 2510 Ma-

313 2544 412 2582 Vide
437 2554 530 2592 quae
555 2541 712 2579 diximus
733 2537 778 2575 ad
803 2535 871 2590 Ep.
897 2533 1006 2571 VIII.
1387 2534 1481 2571 xime
1501 2531 1762 2582 indignabatur
1785 2529 1878 2581 carpi
1892 2529 2111 2580 sermonibus
2125 2527 2295 2576 suorum,
2325 2522 2405 2561 phi-

366 2609 385 2644 5
418 2592 593 2643 Equestres
609 2587 852 2638 [καίηται]
888 2585 1050 2623 Censum
1076 2585 1243 2634 equitum
1265 2585 1343 2621 Ro·
1388 2584 1464 2634 lippi
1484 2585 1596 2633 patris
1617 2582 1819 2633 patriaeque
1842 2595 1952 2619 mores
1968 2575 2184 2630 sub-vertiffe.
2236 2576 2292 2613 Sic
2312 2573 2408 2612 Edd.

314 2656 537 2687 manorum,
565 2643 625 2691 qui
661 2637 932 2689 quadringentis
954 2635 1115 2674 sestertiis
1153 2634 1348 2673 constabat.
1390 2642 1478 2673 vett.
1513 2637 1552 2673 δε
1585 2635 1667 2673 MS.
1702 2645 1816 2684 quem
1849 2632 2018 2671 vidimus.
2072 2627 2227 2674 Vulgo:
2264 2625 2355 2674 carpi
2377 2624 2411 2662 se

318 2697 434 2735 Unde
466 2695 636 2734 subtiliter
668 2692 770 2730 illum
803 2690 932 2727 Iocum
965 2687 1097 2725 Horat.
1128 2688 1167 2726 in
1201 2685 1349 2736 Epistol.
1384 2685 1615 2736 sermonibus.
1644 2685 1800 2722 Coun.

323 2748 372 2786 est
397 2755 594 2787 executus:
1444 2748 1461 2784 7
1492 2738 1616 2785 Qum
1640 2733 1866 2783 modesttffi'me
1890 2761 1900 2778 ,
1927 2740 1968 2770 ut
1988 2741 2008 2767 a
2030 2739 2092 2766 me
2115 2725 2194 2763 data
2218 2754 2228 2771 ,
2265 2725 2408 2776 atara]

492 2811 496 2814 ’
1394 2787 1535 2826 Desunt
1560 2787 1641 2825 ista:
1669 2797 1709 2824 ut
1731 2799 1754 2821 a
1776 2798 1830 2821 me
1851 2784 1940 2820 data
1965 2782 2002 2818 in
2026 2777 2131 2815 MSS.
2145 2776 2308 2814 Ama&
2323 2777 2412 2815 Lin-

1396 2839 1490 2876 coln.
1516 2840 1604 2876 item
1628 2838 1665 2875 in
1690 2834 1780 2872 Edd.
1806 2831 1963 2879 Sichardi
1978 2857 1989 2874 ,
2017 2825 2210 2865 Thomasii
2233 2830 2271 2866 ὃς
2296 2828 2413 2866 Cella-

1399 2891 1439 2928 rii
1464 2917 1475 2934 ,
1523 2897 1563 2926 ut
1623 2899 1691 2923 uae
1724 2895 1768 2922 ex
1804 2880 2029 2920 Glossemate
2073 2879 2139 2915 irre
2169 2877 2282 2916 serint.
2337 2879 2415 2928 Ipse

1398 2947 1524 2979 contra
1544 2938 1589 2975 ad
1617 2939 1708 2973 itum
1730 2933 1815 2970 illud
1839 2945 1847 2968 :
1910 2943 1993 2966 uam
2025 2929 2122 2966 mode
2152 2927 2252 2975 iffime
2277 2957 2288 2974 ,
2314 2931 2418 2979 quod

1400 3001 1477 3030 non
1501 2992 1688 3035 comparet
1712 2985 1748 3020 in
1763 2982 1874 3020 Helm
1906 2979 1960 3017 ad.
1973 2981 2174 3029 interpretis
2188 2989 2277 3029 puto
2293 3008 2303 3023 ‚
2331 2992 2418 3020 cum

1399 3037 1583 3078 Secundus
1611 3043 1816 3083 numquam
1840 3030 1936 3069 aliud
1970 3031 2197 3068 Adverbium
2238 3030 2419 3081 Jbllicitius

1399 3085 1650 3131 subiunxiffet,
1678 3083 1704 3124 fi
1725 3096 1834 3136 quam
1865 3079 2093 3131 modestiffimo
2124 3083 2196 3123 iam
2228 3080 2421 3174 scripsgffer.

2355 3142 2421 3174 ane

370 2849 404 2885 Si
426 2844 689 2896 quadringentis
704 2845 769 2895 sex
789 2843 919 2893 septem
940 2840 1053 2879 millia
1077 2841 1201 2891 desunt
1216 2868 1227 2882 ,

374 2898 594 2987 ξῗώῗηζνζιὶιςις
609 2896 678 2974 ἠ’-ὁὶ
693 2896 813 2975 έναι
825 2908 935 2932 mores
950 2921 962 2939 ‚
988 2892 1032 2940 est
1045 2890 1328 2942 linguafidesque
1342 2917 1351 2934 ‚

329 3051 417 3091 vid.
441 3051 479 3089 ὅ(
503 3046 658 3085 Martfai.
685 3044 764 3083 L3b.
788 3045 836 3080 V.
869 3043 1021 3081 Causam
1056 3045 1160 3081 huius
1195 3041 1351 3091 exponit

325 3103 415 3146 Ptin
440 3100 521 3142 Lib.
543 3095 721 3137 XXXIII.
747 3106 821 3144 cap.
844 3106 877 3133 2.
916 3094 1071 3133 Canu.
1111 3091 1351 3144 compendio
