2616 3686
493 176 838 226 LIBER
906 174 1685 226 VIII.EPISTOLA
1751 178 1948 229 XXIII.
2203 193 2298 235 621

182 266 199 291 ¹
227 254 555 313 Pannoniam
587 263 988 313 transeuntem,
1030 267 1141 304 non
1167 266 1228 305 ut
1253 253 1557 306 commilito
1586 292 1601 316 ,
1640 254 1732 308 sed
1758 267 1817 308 ut
1840 263 1857 285 ²
1885 273 2069 311 comes
2096 257 2302 314 affecta-

181 346 376 403 torque
399 327 728 399 sequeretur.
802 325 936 396 Qua.
955 323 1234 390 industria,
1273 342 1378 396 qua
1404 326 1660 382 modestia
1690 327 1955 400 Quaestor
1976 330 2299 386 Consulibus

176 406 276 461 suis
317 401 415 472 (δε
440 403 618 472 plures
638 399 865 473 habuit)
898 417 1016 454 non
1056 401 1230 454 minus
1267 398 1538 467 jucundus
1577 401 1630 454 δε
1654 415 1834 472 gratus
1860 444 1875 463 ‚
1915 407 1932 436 ³
1961 420 2123 474 quam
2158 406 2300 458 utilis

175 476 309 533 fuit?
347 481 502 548 §quo
523 474 792 539 discursu,
833 489 940 547 qua
963 475 1230 546 vigilantia
1254 473 1390 528 hanc
1416 473 1581 548 ipsam
1607 481 1621 511 ⁵
1644 476 1998 538 aedilitatem,
2040 479 2123 529 cui
2149 493 2303 544 prae-

2119 561 2303 622 rethS

179 670 228 705 Et
249 664 418 705 intellexit
438 674 481 704 ω·
500 663 617 715 cepit]
646 663 774 701 Mores
789 669 899 713 atque
922 662 1109 711 ingenium
1130 663 1204 713 ejus
1590 702 1594 705 ⁸
1728 686 1729 689 η

178 717 354 767 perspexit
382 718 421 755 &
451 714 582 753 didicit.
631 716 685 752 Ita
702 714 802 762 supra
822 713 1010 762 intelligens
1028 714 1206 764 Principis,
1319 720 1409 753 Tum
1428 728 1556 767 quoque
1573 714 1710 755 inermis
1729 728 1803 754 eras
1817 743 1828 759 ,
1855 728 1932 753 cum
1941 721 1976 754 te
1987 721 2142 752 Romana
2144 713 2306 764 sacerdos

180 767 263 806 Lib.
275 766 360 805 vll.
386 763 660 814 Epimxxvll.
685 764 845 814 VelleJus
866 764 1206 813 Paterculus‚qu0d
1374 767 1505 816 Cepit,
1533 776 1573 803 ut
1593 767 1672 804 huic
1694 767 1770 804 urbi
1784 766 1919 817 semina
1937 767 2043 815 digna
2066 766 2179 804 dares.

183 818 360 856 Gruterus
377 815 586 854 observabat
605 841 616 859 ,
654 814 734 853 Lib.
755 814 806 853 11.
840 825 917 864 cap.
939 814 1057 852 CXV.
1085 815 1130 853 de
1150 817 1206 854 M.

182 867 327 916 Lepido
342 879 354 903 2
380 866 438 904 Vir
456 865 601 902 nominis
627 876 666 900 ac
685 866 848 912 fortunae
873 878 987 904 eorum
1005 866 1209 914 proximus;
1274 864 1318 904 C.
1344 866 1475 914 Nepos
1493 866 1605 906 Attic.
1637 879 1714 915 cap.
1748 868 1817 906 IV.
1855 868 1991 917 Captus
2017 877 2059 906 ω·
2083 864 2300 917 adolefi-entis

180 930 280 969 quem
299 917 335 955 in
353 926 526 966 quantum
551 915 688 965 quisque
708 915 908 964 cognoscere,
933 926 996 953 aut
1013 916 1208 964 intelligere
1273 915 1495 955 humanitate
1528 929 1572 958 ω’
1609 917 1775 957 doctrina.
1802 919 1903 969 quod
1929 918 1979 956 est
2007 917 2082 956 satis
2100 917 2302 971 vulgatum.

173 968 285 1019 potuit
299 994 309 1012 ,
337 967 373 1004 in
392 976 534 1005 tantum
553 966 706 1003 miratur
729 978 769 1002 ac
789 965 914 1015 diligit.
946 966 1053 1015 :Cepit
1065 993 1075 1009 ,
1099 966 1210 1016 syno-
1274 967 1308 1004 C
1322 980 1345 1003 0
1361 981 1385 1005 n
1405 979 1429 1004 'r
1443 980 1477 1005 ε.
1846 996 1848 999 -

181 1029 328 1068 nymon
346 1017 395 1055 est
414 1045 427 1060 ,
462 1017 499 1054 ὅ(
529 1016 628 1055 idem
646 1024 762 1055 notat.
814 1017 912 1054 Nam
931 1027 1024 1065 quae
1044 1017 1208 1065 intelligi·
1333 1029 1365 1058 1.
1391 1017 1651 1068 Pannoniam]
1680 1023 1804 1059 Unam
1824 1026 1967 1057 tantum
1990 1018 2214 1057 Pannoniam
2236 1018 2307 1057 Pli-

179 1079 284 1113 mus,
311 1070 349 1106 ὃς
369 1076 481 1118 capere
500 1093 513 1111 ,
554 1065 628 1104 five
659 1067 820 1116 percipere
841 1066 1084 1116 perhibemur.
1133 1066 1211 1106 Nifi
1275 1069 1354 1106 nius
1387 1070 1568 1108 nominat.
1607 1070 1838 1107 Ptolomaeus
1868 1070 1906 1106 in
1942 1069 2027 1106 duas
2052 1068 2177 1106 dividit
2197 1097 2208 1114 ,
2244 1079 2304 1106 eas

183 1120 265 1169 cepit
282 1117 399 1167 potius
415 1146 425 1162 ,
462 1117 564 1155 suum
592 1118 676 1155 fecit
694 1145 704 1162 ‚
739 1117 801 1154 iibi
819 1116 981 1167 adjunxit
1002 1118 1210 1167 interpreta·
1277 1130 1383 1157 more
1413 1119 1478 1157 suo
1507 1119 1751 1158 disterminans
1773 1133 1781 1157 ε
1818 1119 1897 1158 sati-s
1931 1118 2067 1157 constat
2092 1120 2304 1169 contingere

179 1170 310 1209 bimur.
361 1169 456 1206 Nam
482 1167 640 1217 sequitur
660 1168 773 1206 statim
799 1180 808 1204 t
834 1179 875 1205 ut
896 1182 936 1206 ex
967 1169 1157 1207 Germania
1175 1169 1212 1206 in
1278 1169 1525 1209 Germaniam.
1553 1171 1742 1210 CATAN.

185 1219 407 1258 Pannoniam
428 1229 689 1263 transeuntem,
711 1231 778 1255 non
795 1227 835 1255 ut
857 1219 1060 1263 commilito,
1079 1221 1144 1269 sed
1162 1233 1211 1256 co·
1327 1232 1363 1259 2.
1389 1226 1508 1259 Comes
1526 1221 1542 1271 ]
1572 1221 1734 1261 Secutor.
1760 1220 1820 1258 Est
1840 1220 1939 1258 enim
1960 1220 1986 1258 is
2011 1221 2073 1269 qui
2090 1218 2199 1258 officii
2222 1230 2307 1257 cau·

184 1283 255 1308 mes
274 1268 508 1319 affeflatorque
527 1270 735 1318 sequeretur.
781 1269 872 1317 Quo
895 1268 1108 1317 significatur
1131 1270 1211 1308 Ser·
1277 1270 1310 1309 sa
1328 1272 1507 1321 majorem
1529 1274 1733 1310 comitatur.
1771 1270 1954 1311 Secundus
1979 1269 2054 1308 alibi
2081 1299 2092 1315 ,
2130 1270 2310 1308 obtinenti

182 1321 311 1359 vianus
329 1321 481 1366 junium
501 1331 576 1357 non
598 1327 635 1357 ut
653 1320 949 1357 commilitonem
964 1319 1044 1363 ‚sed
1065 1329 1103 1358 ut
1123 1321 1213 1358 ami·
1281 1322 1442 1367 Africam
1471 1334 1597 1361 comes
1625 1323 1780 1373 haeserat
1801 1339 1812 1358 .-
1851 1323 1889 1360 &
1926 1321 2004 1359 Lib.
2026 1321 2089 1360 lX.
2118 1320 2309 1370 Delphinus

185 1381 272 1409 cum
308 1367 466 1408 habuisse
488 1397 499 1414 ,
537 1378 710 1420 tanquam
748 1370 870 1420 officio
895 1377 1004 1420 atque
1041 1371 1214 1420 obsequio
1242 1391 1245 1404 ι
1277 1372 1368 1410 alius
1386 1383 1527 1410 tantum
1538 1374 1709 1423 spectator
1732 1387 1776 1414 <5-
1799 1383 1936 1410 comes.
1961 1374 1979 1409 I
1994 1384 2016 1408 o
2032 1385 2052 1410 ε
2066 1385 2111 1410 M.

188 1423 265 1472 ejus
285 1427 419 1470 captus.
469 1421 617 1458 Comites
632 1421 731 1458 enirn
756 1421 794 1457 δε
821 1421 1030 1469 affectatores
1049 1421 1213 1459 diceban·
1331 1434 1365 1470 3.
1401 1424 1529 1475 Qam
1561 1423 1636 1461 usui
1663 1423 1774 1473 fuit]
1814 1422 2034 1461 Mediceus:
2075 1434 2181 1472 quam
2214 1420 2310 1459 utilis

185 1480 245 1510 tur
263 1499 275 1515 ,
315 1472 378 1520 qui
409 1469 646 1518 sequebantur
682 1470 899 1517 magistratus
930 1473 968 1508 in
990 1473 1215 1519 provincias,
1278 1473 1369 1515 suit..
1387 1473 1543 1510 Difficile
1562 1473 1671 1511 audio
1692 1502 1702 1517 ,
1740 1473 1848 1511 audio
1879 1481 2013 1510 tamen.
2040 1474 2116 1509 Cur
2140 1471 2309 1510 difficile?

187 1523 251 1571 qui
271 1523 309 1559 &
329 1520 517 1558 amicorum
542 1520 654 1557 cohors
674 1519 900 1563 dicebantur,
929 1519 974 1557 de
995 1521 1121 1569 quibus
1138 1533 1217 1559 eru·
1281 1535 1327 1561 ne
1347 1522 1469 1561 videar
1486 1523 1745 1561 correctoribus
1764 1524 1888 1562 favere
1911 1551 1922 1568 ,
1958 1523 2020 1571 qui
2042 1532 2188 1571 propter
2205 1533 2309 1570 prae-

186 1573 375 1610 ditiffimus
395 1569 615 1608 Torrentius
640 1569 686 1606 ad
717 1569 914 1608 Horatium
951 1571 1034 1608 Lib.
1056 1571 1084 1609 1.
1112 1572 1221 1621 Epist.
1281 1573 1442 1612 cedentia
1457 1573 1631 1620 jucundus
1651 1585 1693 1613 ω’
1709 1585 1832 1623 gratus
1851 1574 2041 1611 maluerint
2059 1573 2175 1618 utilis,
2194 1583 2307 1621 quam

188 1622 298 1661 V111.
326 1622 500 1667 Bucnn
515 1632 586 1657 nn.
636 1618 826 1658 Mediceus
849 1632 857 1658 :
894 1620 946 1657 ita
968 1631 1010 1660 ω·
1028 1622 1218 1667 intellexit,
1278 1625 1354 1672 usui
1375 1651 1386 1668 ,
1420 1636 1513 1672 quae
1540 1624 1636 1662 recte
1659 1624 1839 1673 componi.
1867 1622 1969 1672 poffe
1989 1651 2000 1667 ,
2047 1623 2237 1661 docuimus
2262 1623 2307 1662 ad

191 1684 236 1713 ω’
253 1672 358 1722 cepit,
383 1683 483 1714 non,
514 1678 554 1707 ut
574 1669 686 1708 Aldus
702 1670 741 1708 δί
763 1670 850 1708 olim
871 1670 1036 1718 vulgatae
1060 1699 1070 1715 ,
1096 1684 1140 1711 θ’
1160 1686 1218 1710 ex·
1281 1674 1412 1712 Sallust.
1432 1675 1513 1722 Jug.
1548 1686 1625 1722 cap.
1645 1674 1731 1713 VII.
1765 1686 1801 1711 n.
1822 1686 1856 1719 4.
1892 1675 1928 1711 in
1956 1683 2099 1710 tantam
2127 1674 2311 1712 claritudi-

190 1724 285 1773 cepit.
306 1721 520 1771 Utrumque
541 1721 691 1759 verbum
713 1731 760 1758 eo
781 1720 956 1770 pertinet,
983 1729 1022 1758 ut
1041 1721 1216 1768 ostendat,
1281 1737 1358 1761 nem
1379 1724 1478 1761 brevi
1488 1733 1695 1772 prevenerat
1716 1751 1726 1767 ‚
1754 1734 1795 1761 ut
1813 1723 1932 1772 nostris
1952 1721 2169 1761 vehementer
2185 1734 2307 1768 carus,

191 1772 294 1822 quod
312 1773 442 1811 Avitus
462 1772 608 1809 virtutes
639 1771 799 1809 Serviani
826 1771 966 1820 penitus
994 1771 1219 1821 perspexerit.
1282 1775 1511 1811 Numantinis
1528 1774 1681 1811 maximo
1700 1774 1827 1812 terrori
1849 1773 1932 1822 esset.
1958 1773 2004 1811 ibi
2023 1774 2117 1812 vide.
2169 1774 2225 1811 Ex
2249 1776 2308 1814 tali

191 1823 273 1861 Lib.
295 1822 362 1860 111.
388 1821 496 1871 Epist.
517 1821 584 1860 XI.
611 1833 647 1860 n.
667 1833 700 1868 ς.
727 1822 828 1871 idque
846 1821 999 1870 primum
1020 1823 1218 1861 nonnullius
1279 1832 1401 1862 tamen
1423 1823 1562 1862 Codice
1585 1824 1719 1873 placeat
1739 1824 1847 1864 utilis.
1873 1824 1929 1862 Sic
1945 1822 2125 1864 Phaedrus
2151 1824 2314 1865 Libui.

192 1871 314 1912 indolis
331 1872 410 1910 dedi
433 1871 594 1921 specimen
614 1899 629 1916 ,
662 1872 752 1922 quod
779 1871 898 1909 virum
923 1881 987 1908 aut
1007 1871 1219 1921 sapientem,
1280 1874 1451 1913 Fab.1V.
1476 1886 1529 1914 vs.
1550 1873 1586 1913 8.

193 1933 258 1960 aut
276 1923 471 1973 proximum
484 1921 768 1972 simillimumque
772 1921 920 1972 sapienti
939 1922 1132 1970 intelligere
1134 1926 1218 1974 sum

192 1974 298 2023 visin.
327 1973 410 2011 Lib.
428 1972 498 2010 IV.
526 1971 632 2021 Epist.
651 1972 741 2011 XV.
772 1983 808 2010 n.
828 1983 863 2021 3.
891 1984 992 2021 quem
1008 1973 1126 2022 diliges
1140 2001 1150 2017 ,
1178 1986 1222 2012 ut
1330 1981 1428 2013 Nam
1441 1975 1614 2027 praedam
1634 1976 1722 2027 cepi,
1746 1977 1788 2016 (θ’
1807 1974 1930 2021 didici,
1957 1987 2064 2027 qicam
2076 1973 2125 2025 fis
2143 1975 2246 2016 utris.

194 2038 246 2073 ego
267 2052 278 2068 ,
294 2022 330 2072 fi
350 2051 361 2068 ,
387 2033 428 2060 ut
454 2036 540 2072 ega,
567 2023 705 2080 propius
720 2023 926 2071 inspexeris.
961 2023 1072 2072 Epist.
1093 2024 1219 2064 XVII.

191 2086 229 2130 n.
253 2087 288 2123 ς.
307 2087 409 2131 ιςιιιηι
431 2087 484 2130 ego
504 2085 614 2130 magis
632 2073 829 2130 admiratu-s
842 2073 927 2122 sum
944 2101 955 2131 2
973 2074 1147 2124 postquam
1160 2084 1218 2133 pe·
1276 2074 1378 2115 Pedo
1399 2076 1572 2116 Albinov.
1592 2078 1639 2117 ad
1660 2077 1808 2116 Liviam
1831 2088 1882 2115 vs.
1907 2088 1992 2116 reo.

191 2135 286 2161 nitus
305 2124 452 2174 inspexi.
478 2123 616 2172 Inspexi
634 2137 724 2161 enim
741 2135 885 2173 penitus.
911 2124 993 2163 Lib.
1004 2124 1089 2163 VII.
1111 2126 1219 2175 Epist.

188 2174 323 2213 XXXI.
349 2186 387 2212 n.
407 2186 440 2212 2.
466 2180 568 2211 Hunc
587 2186 653 2211 non
668 2174 776 2219 solum
806 2185 846 2212 ut
875 2174 1134 2214 commilitonem
1164 2178 1219 2215 in·
1331 2177 1460 2216 Utilior
1479 2178 1639 2226 patriae,
1666 2191 1772 2229 quam
1790 2179 1876 2224 tibi,
1905 2178 2039 2227 Druse,
2065 2183 2162 2216 tuae.

188 2225 300 2274 spexi.
336 2224 498 2274 Veliejus
534 2223 605 2261 Pat.
642 2223 723 2261 Lib.
753 2225 801 2262 Π.
837 2235 916 2272 cap.
949 2226 1088 2264 CXVI.
1119 2238 1156 2264 n.
1184 2240 1219 2273 4.

191 2288 291 2326 quem
313 2275 452 2318 virum,
480 2288 518 2312 ne
537 2274 598 2323 qui
612 2273 780 2331 intellexit
801 2274 936 2323 quidem
958 2303 969 2320 ,
996 2276 1135 2334 abunde
1154 2277 1218 2316 mi·
1279 2278 1432 2317 Ovidius
1452 2278 1498 2317 11.
1527 2277 1604 2316 Art.
1630 2278 1718 2316 Am.
1740 2289 1790 2316 vs.
1813 2288 1900 2326 709.
1961 2327 1964 2330 ἢ

192 2324 830 2417 23‘33554.3³{1{5¹l10532’2'3.?¹3.3
858 2336 953 2423 ἒὲἒᾱ
967 2327 1217 2416 ”eligatis

190 2427 274 2466 Lib.
294 2426 342 2465 11.
368 2425 520 2464 Observ.
539 2435 617 2473 cap.
637 2422 704 2463 111.
741 2423 903 2472 ingenue
933 2434 1058 2464 tamen
1076 2429 1215 2472 fateor,

191 2476 218 2516 fi
237 2477 418 2526 sequentia
437 2475 702 2525 perpendantur
722 2502 734 2519 ,
760 2474 911 2512 verbum
933 2476 1015 2525 cepit
1034 2478 1080 2515 ita
1100 2479 1218 2526 potius

192 2526 464 2577 intelligendum
505 2525 576 2564 effe
595 2554 607 2570 ‚
642 2532 684 2563 ut
717 2524 911 2574 posteriore
943 2526 1029 2564 loco
1055 2529 1217 2577 exposuit

190 2579 412 2618 Buchnerus.
448 2576 557 2614 Nulla
587 2577 682 2613 enim
705 2583 779 2613 tam
802 2583 874 2615 arta
893 2577 1047 2616 amicitia
1066 2579 1213 2626 existet,
1281 2579 1471 2628 utilissimus
1492 2582 1577 2619 civis
1597 2608 1609 2626 ,
1647 2581 1686 2618 ὅ(
1706 2590 1799 2629 quae
1816 2580 1895 2617 sunt
1916 2580 1993 2618 alia.
2018 2579 2148 2618 Saltem
2166 2588 2309 2618 contra-

192 2629 218 2667 fi
242 2641 332 2669 unus
351 2636 493 2668 tantum
514 2627 683 2675 intelligat
702 2627 739 2664 ὅ(
761 2627 945 2676 perspiciat
960 2628 1106 2667 virtutes
1127 2631 1215 2668 alte·
1283 2632 1375 2670 rium
1395 2631 1526 2669 inutilis
1543 2632 1638 2668 homo
1651 2659 1661 2675 ‚
1687 2630 1819 2668 inutilis
1838 2630 1945 2674 civis,
1972 2629 2074 2678 quod
2097 2629 2202 2667 toties
2214 2629 2310 2676 apud

193 2681 261 2719 rius
285 2709 296 2724 ,
322 2680 425 2728 &gob
445 2678 483 2718 id·
502 2689 587 2716 eum
608 2677 803 2716 admiretur
832 2679 869 2715 δε
890 2685 1081 2716 veneretur
1104 2694 1116 2723 ;
1152 2680 1219 2719 nifi
1283 2683 1445 2730 optimos
1465 2682 1589 2731 legitur
1608 2710 1619 2726 ,
1647 2682 1937 2720 membranarum
1957 2679 2160 2729 scripturam
2180 2680 2312 2725 defen<

198 2731 235 2768 ὃ(
256 2731 341 2769 alter
358 2731 478 2768 saltem
496 2728 601 2778 hujus
623 2729 819 2766 reverentia
847 2728 884 2765 &
915 2728 1085 2777 obsequio
1102 2732 1218 2780 capia»
1285 2731 1360 2770 det.
1385 2733 1453 2769 Co
1471 2746 1490 2769 a
1510 2747 1523 2767 -ι
1546 2746 1578 2771 Ε.

196 2787 264 2819 tut.
313 2782 438 2832 ltaque
458 2779 618 2818 distinete
638 2779 792 2828 intellige
813 2791 823 2835 ².
845 2788 891 2820 ο·
907 2778 1098 2824 intellexit,
1124 2782 1160 2820 h.
1186 2793 1218 2819 e.
1336 2794 1370 2827 4.
1396 2783 1481 2870 ,ΟἯιιο
1502 2784 1691 2832 discursu.]
1719 2781 1914 2829 Diligentia
1933 2780 1972 2817 ὃ(
1989 2778 2106 2818 studio
2127 2781 2313 2819 ambiendi

198 2830 369 2880 perspexit
402 2832 440 2869 δί
468 2830 531 2868 rite
561 2829 758 2868 aestimavit
791 2836 936 2867 virtutes
955 2829 1115 2869 Serviani
1139 2859 1150 2877 ,
1177 2841 1220 2871 θ’
1286 2832 1433 2881 prensan
1461 2834 1544 2881 ique
1563 2832 1782 2881 potentiores
1802 2859 1813 2875 ‚
1840 2832 1877 2868 ὅ(
1899 2831 2024 2880 quibus
2043 2842 2085 2869 ea
2105 2842 2158 2870 res
2178 2839 2250 2870 erat
2270 2833 2310 2870 in

200 2881 303 2926 cepit,
328 2881 350 2919 i.
374 2893 408 2919 e.
431 2880 485 2919 his
506 2880 666 2919 moribus
686 2878 747 2919 fibi
764 2881 992 2923 conciliavit,
1017 2881 1118 2920 suum
1141 2882 1220 2920 red·
1289 2893 1414 2920 manu.
1458 2882 1513 2920 Sic
1535 2884 1722 2932 discursum
1750 2882 1851 2930 supra
1875 2881 1956 2920 Lib.
1980 2881 2007 2919 1.
2034 2881 2140 2929 Epist.
2158 2881 2204 2920 de
2225 2881 2314 2919 salu·

201 2929 300 2969 didit.
324 2930 378 2969 Sic
398 2931 486 2982 capit
504 2931 638 2981 pictura
657 2942 752 2980 quae
768 2929 888 2969 adficit
913 2959 923 2973 ‚
951 2931 1104 2970 delcetat
1126 2933 1221 2981 apud
1290 2933 1387 2971 tandi
1420 2931 1542 2971 officio
1571 2946 1611 2971 ac
1638 2932 1820 2972 sedulitate
1845 2960 1856 2976 ,
1893 2940 1933 2970 ut
1967 2932 2005 2969 &
2035 2931 2206 2971 Martialis
2225 2931 2312 2971 dixit

203 2980 334 3020 Horat.
369 2981 448 3022 Art.
486 2980 592 3024 Poet.
613 3019 620 3025 ,,
634 2993 687 3022 vs.
723 2982 808 3035 362.
845 2981 998 3023 Ovidius
1034 2982 1102 3024 111.
1136 2984 1223 3023 Fast.
1292 2983 1371 3022 Lib.
1392 2982 1477 3020 Vll.
1503 2984 1619 3033 Epigr.
1641 2982 1814 3021 XXXIX.
1841 2982 1869 3020 B
1884 2994 1941 3020 uc
1955 2993 1978 3019 n
1992 2995 2016 3020 N
2032 2993 2051 3019 E
2067 2996 2106 3022 n.

201 3040 256 3069 vs·
275 3042 316 3080 9·
524 3035 537 3037 ⁴
857 3033 873 3038 ⁴
1253 3039 1260 3074 l
1344 3047 1379 3084 ς.
1406 3033 1835 3125 Aedilitatem.]1·(}r·eati
1865 3032 2003 3075 Aediles
2031 3033 2159 3089 cadem
2194 3035 2251 3125 diae
2275 3035 2315 3071 &

1716 3096 1777 3124 rii
1799 3095 1818 3134 3
2240 3094 2299 3121 ora
2311 3110 2332 3129 ,

1330 2378 1419 2416 Fecit
1438 2379 1475 2415 in
1500 2377 1745 2416 Andromache
1763 2378 1854 2419 prius
1875 2375 1935 2414 hoc
1957 2377 2312 2427 fhrtiffimusHeHor,

1380 2434 1450 2467 Nec
1461 2428 1576 2479 fhlum
1597 2429 1691 2467 bellis
1710 2428 1798 2467 utilis
1818 2427 1875 2466 ille
1885 2427 1977 2475 suit.
2111 2438 2114 2441 “

1281 2528 1435 2567 Cicero:
1463 2528 1564 2569 homo.
1582 2530 1631 2567 ad
1651 2528 1788 2567 nullam
1806 2537 1938 2572 partem
1957 2528 2054 2567 utilis
2080 2556 2092 2574 ,
2120 2529 2159 2567 &
2179 2537 2304 2568 contra
