2616 3686
299 208 398 261 828
538 193 2217 256 c.1³,1.1‹NJ1›1CAECILIISECUNDI

782 354 873 412 CI.
950 353 1391 410 PL1N1us
1468 347 1969 421 TRAJANO.

501 506 785 566 Votorum
811 502 1147 575 nuncupatio
1165 541 1180 563 ,
1225 498 1281 553 &
1311 497 1510 554 solutio
1546 515 1645 570 pro
1671 497 2004 573 Imperatore
2033 498 2088 554 δε
2120 501 2259 577 Rep,

417 658 597 714 Monet
616 671 796 728 magno
820 650 1038 708 omnium
1061 645 1283 720 consensu
1308 657 1435 701 vota
1455 660 1548 722 pro
1586 641 1808 721 Trojano
1816 646 2047 722 suscepta
2066 650 2348 724 persoluta,

899 727 964 789 ἄν
984 740 1119 779 nova
1141 739 1233 799 pro
1251 725 1362 798 ejus
1367 722 1540 795 salute
1562 736 1866 799 nuncupata.

319 878 652 1023 VOTA
693 875 929 932 Domine
965 875 1211 950 priorum
1251 888 1518 927 annorum
1550 876 1567 901 ¹
1609 886 1954 944 nuncupata,
1991 874 2186 931 alacres
2211 874 2446 952 laetique

464 955 847 1028 persolvimus:
889 949 1141 1021 novaque
1167 947 1343 1004 rursus
1372 954 1391 977 ²
1414 960 1639 1003 curante
1664 950 2100 1004 commilitonum
2119 948 2201 1011 ,δε
2226 953 2448 1021 provinc

318 1028 533 1086 cialium
573 1032 774 1104 pietate
807 1025 1167 1098 suscepimus:
1205 1023 1416 1096 precati
1457 1022 1604 1078 Deos
1631 1062 1647 1088 ,
1688 1036 1748 1078 ut
1786 1036 1878 1085 te,
1918 1041 2146 1095 remque
2177 1027 2448 1095 publicam

314 1103 610 1160 florentem
648 1104 703 1158 &
744 1102 1109 1164 incolumem,
1147 1116 1209 1152 ea
1253 1097 1586 1168 benignitate
1617 1099 1920 1161 servarent,
1959 1116 2123 1170 quam
2153 1101 2310 1171 super
2337 1119 2450 1157 ma-

319 1195 482 1250 gnaS,
510 1181 876 1308 Pluriff'asque
900 1179 1124 1234 virtutes
1145 1177 1433 1246 praecipua
1461 1171 1734 1229 sanffltate
1762 1175 2054 1246 consequi?
2078 1173 2326 1232 Deorum
2350 1177 2449 1232 ho-

318 1271 453 1309 nore
480 1272 653 1310 meru1
700 1264 739 1309 1.

2115 1567 2225 1642 CII.
2266 1568 2325 1625 T
2337 1590 2375 1625 R
2386 1592 2447 1627 Λ-

360 1720 404 1762 '1.
431 1721 679 1772 Nancupata]
708 1723 916 1769 Nuncupare
936 1742 950 1762 ,
973 1722 1014 1754 ut
1052 1716 1169 1768 inquit
1200 1715 1343 1760 Varro,
1414 1714 1673 1764 cooptandarn.
1732 1713 1795 1753 Illa
1832 1722 1955 1756 autem
1988 1727 2099 1766 opera
2130 1727 2208 1755 non
2232 1717 2449 1767 indigemus.

314 1774 494 1812 nominare
502 1772 699 1822 significat,
726 1770 829 1820 quod
851 1768 972 1806 multis
1001 1769 1178 1818 exemplis
1209 1764 1343 1806 confir·
1418 1767 1500 1804 Lib.
1526 1767 1595 1804 IV.
1624 1765 1732 1815 Epist.
1757 1765 1823 1805 XI.
1847 1779 1883 1805 n.
1911 1777 1945 1814 7.
1970 1769 2064 1819 Miffi
2090 1768 2213 1818 statim
2242 1770 2446 1818 Pontifices,

313 1832 457 1870 matur,
485 1825 524 1861 δζ
544 1824 590 1862 de
611 1823 706 1860 votis
722 1821 869 1871 proprie
886 1818 1041 1857 dicitur:
1071 1818 1221 1868 quando
1240 1816 1344 1856 alicui
1419 1818 1478 1867 qui
1505 1817 1746 1864 defodiendam
1772 1819 2029 1867 necandamque
2054 1827 2228 1857 curarent.
2255 1821 2292 1857 δι
2311 1821 2384 1859 hoc
2409 1822 2451 1860 Π.

314 1875 486 1914 divorum
510 1883 596 1912 vota
616 1873 850 1922 pollicemur,
878 1872 917 1909 δε
941 1869 1170 1909 destinamus.
1207 1868 1345 1918 Apule·
1419 1869 1484 1905 bro
1502 1868 1622 1917 paullo
1644 1875 1727 1906 ante
1756 1867 1863 1916 Epist.
1889 1869 2025 1907 XCIX.
2052 1869 2143 1920 quod
2164 1868 2251 1917 fiet,
2270 1870 2304 1921 fi
2322 1873 2446 1919 parmi.

309 1927 393 1976 jus,
420 1926 473 1963 cui
494 1935 581 1963 vota
612 1923 846 1972 nuncupabo?
873 1919 1060 1958 Secundus
1083 1921 1121 1958 in
1149 1919 1346 1969 Panegyri-
1411 1919 1519 1968 seris,
1545 1919 1747 1956 curantibus
1769 1919 1883 1963 nobis,
1911 1932 1952 1957 ne
1973 1919 2056 1969 defit
2076 1933 2206 1970 quoque
2214 1921 2359 1970 pecunia
2376 1932 2449 1969 ope-

315 1988 386 2019 co,
415 1985 608 2026 nuncupare
627 1985 712 2012 vota
729 1983 790 2023 pro
809 1971 1021 2018 aeternitate}
1031 1970 1181 2019 imperii,
1207 1981 1249 2010 <5¹
1264 1979 1345 2021 pro·
1419 1970 1451 2007 ri
1477 1980 1553 2006 tam
1587 1982 1710 2018 magno
1739 1981 1844 2019 quam
1878 1970 2065 2021 necessario,
2110 1972 2235 2010 Livius
2267 1972 2348 2010 Lib.
2376 1973 2448 2012 IV.

310 2027 430 2077 salute
448 2027 601 2072 civium,
628 2026 733 2063 immo
748 2033 807 2073 pro
821 2021 941 2073 salme
955 2022 1170 2071 principum,
1203 2031 1246 2061 εν
1270 2030 1344 2071 pro·
1421 2031 1499 2068 cap.
1532 2019 1674 2059 XLIII.
1712 2032 1801 2058 unus
1830 2034 1882 2059 res
1908 2027 2034 2058 Romae
2072 2029 2220 2059 curaret,
2254 2022 2448 2062 Suetonius

314 2086 390 2127 pter
412 2077 488 2115 illos
501 2085 562 2126 pro
579 2076 784 2113 aeternitate
805 2073 936 2121 imperii
948 2071 1154 2120 solebamus.
1193 2074 1346 2109 Nuncu-
1418 2071 1490 2117 Jul.
1517 2070 1603 2107 XV.
1631 2071 1742 2119 princ.
1768 2071 1884 2108 Primo
1906 2080 2090 2120 praeturae
2119 2072 2173 2109 die
2197 2073 2248 2119 Q
2273 2074 2446 2113 Catulum

317 2139 404 2177 pare
423 2128 527 2175 igitur
551 2126 600 2164 est
621 2126 740 2173 palam
770 2124 971 2162 nominare.
1023 2122 1123 2160 Nam
1154 2120 1346 2160 Pontifices
1421 2121 1462 2158 de
1481 2120 1681 2159 refectione
1704 2121 1872 2168 Capitolii
1896 2123 1946 2158 ad
1979 2121 2242 2171 disquifitionem
2257 2124 2367 2173 pepuli
2385 2139 2450 2166 vo,-

318 2178 492 2221 maximi,
519 2176 703 2220 consules,
733 2182 937 2224 praetores,
977 2172 1142 2210 censores
1171 2180 1257 2210 vota
1280 2183 1346 2220 pu·
1422 2171 1544 2214 cavit,
1572 2171 1745 2218 rogatione
1760 2172 1996 2220 promulgata,
2024 2185 2094 2222 qua
2121 2174 2350 2212 curationem
2371 2186 2447 2212 eam

313 2228 403 2266 blica
427 2227 678 2276 suscipiebant,
705 2237 800 2274 quae
833 2222 1017 2272 praesente
1042 2224 1182 2271 populo
1215 2223 1347 2261 refere-
1419 2220 1458 2258 in
1478 2219 1589 2258 alium
1606 2221 1841 2267 transferebat
1881 2221 2011 2259 Sallust.
2040 2222 2123 2260 Cat.
2148 2222 2213 2262 IX.
2237 2236 2274 2262 n.
2301 2235 2336 2274 3.
2348 2224 2449 2274 seque

315 2280 445 2316 bantur
463 2278 500 2315 in
520 2277 656 2315 tabulis.
691 2276 790 2314 unde
818 2273 998 2323 Augustus
1021 2273 1224 2322 conscriptis
1246 2283 1346 2321 para·
1422 2283 1558 2321 remque
1574 2271 1749 2322 publicam
1775 2272 1959 2312 curabunt.
1982 2272 2045 2310 ubi
2074 2273 2202 2313 Corte.
2249 2276 2449 2319 bouso-2

315 2330 430 2378 tisque
452 2328 531 2377 jam
555 2327 678 2366 tabulis
697 2327 842 2375 negavit
858 2325 1101 2371 suscepturum
1115 2351 1125 2368 ,
1152 2335 1245 2373 quae
1266 2335 1345 2361 non
1426 2333 1448 2358 ι.
1465 2333 1481 2358 1
1493 2335 1516 2358 υ
1530 2332 1557 2358 s.
2369 2325 2372 2327 ’

318 2378 407 2419 effer
440 2379 626 2416 soluturus.
650 2377 712 2416 fibi
743 2378 842 2414 enirn
873 2386 964 2413 mox
996 2373 1160 2411 futurum
1206 2375 1343 2412 exitum
1475 2382 1510 2420 3.
1536 2376 1688 2410 Deorum
1710 2370 1868 2423 honore]
1910 2372 1950 2411 Id
1979 2373 2051 2417 est,
2076 2374 2294 2413 honorando
2320 2373 2448 2420 De0s;

314 2429 604 2480 praesagiebat.C
618 2439 677 2465 AT
691 2441 709 2464 Α
725 2440 763 2464 κ.
789 2426 897 2465 Adde
914 2424 1125 2474 sequentem
1147 2424 1345 2473 Epistolam
1423 2427 1591 2468 Honorem
1616 2427 1768 2460 Deorum
1785 2422 1895 2468 dixit,
1918 2425 2073 2473 utsupra
2095 2424 2284 2474 obsequium
2303 2423 2445 2471 amplis-

317 2492 359 2518 ac
378 2481 502 2521 XLV.
528 2480 588 2518 De
609 2479 702 2516 votis
722 2489 791 2528 pro
823 2478 934 2516 salute
961 2475 1165 2525 principum
1191 2475 1274 2514 vide
1301 2474 1346 2513 ad
1415 2473 1499 2524 fimi
1518 2474 1648 2511 ordinis
1665 2472 1844 2521 Traianus
1875 2474 2029 2523 Epistola
2054 2474 2153 2511 XXI.
2179 2475 2276 2511 Bue
2290 2484 2313 2510 Η
2330 2485 2353 2509 Ν
2369 2484 2442 2509 na.

317 2531 427 2581 Epist.
453 2529 595 2568 XLIII.
1426 2523 1506 2563 Lib.
1533 2523 1581 2561 Il.
1611 2523 1716 2571 Epist.
1745 2524 1771 2560 I.
1796 2535 1833 2562 n.
1861 2525 1895 2562 6.
1932 2531 2029 2561 Nam
2055 2524 2108 2562 hic
2131 2523 2305 2573 supremus
2332 2521 2441 2559 felici-

371 2594 409 2620 2.
437 2581 662 2618 Curante...
683 2578 844 2628 pietatm]
882 2578 971 2615 Hoc
1015 2576 1129 2616 modo
1155 2577 1232 2615 libri
1263 2587 1347 2613 om·
1423 2574 1502 2612 tatis
1523 2574 1598 2621 ejus
1632 2574 1788 2611 cumulus
1815 2573 1951 2621 accessit.
1981 2575 2061 2612 Lib.
2089 2574 2152 2610 111.
2176 2572 2281 2619 Epist.
2311 2570 2376 2607 IV.
2402 2581 2441 2609 n.

318 2644 404 2677 ne3‚
431 2643 524 2681 quos
546 2629 722 2672 vidimus,
749 2640 819 2678 qua
838 2628 1005 2677 scriptus,
1033 2639 1105 2677 qua
1126 2627 1210 2666 cufi.
1257 2626 1346 2664 Sunt
1427 2632 1460 2669 7.
1490 2624 1654 2662 Videbam
1683 2638 1757 2672 ergo
1783 2624 2030 2662 advocationis
2058 2633 2160 2660 meae
2189 2633 2254 2657 non
2275 2620 2440 2657 minorem

318 2691 467 2726 tamen,
503 2682 629 2730 quibus
655 2678 739 2717 illud
772 2690 915 2716 curante
945 2690 1022 2716 non
1052 2679 1178 2727 placet.
1228 2676 1341 2714 Cella-
1421 2675 1602 2723 gratiam,
1631 2686 1737 2724 quam
1758 2673 1794 2722 fi
1823 2677 1958 2711 viveret
1982 2674 2061 2715 itte,
2089 2668 2309 2720 propositam,
2347 2669 2450 2716 invi--

318 2735 389 2772 rius
420 2744 572 2770 certante
601 2730 797 2778 legendum
834 2730 1007 2772 coniicit,
1035 2727 1136 2776 quod
1164 2730 1212 2766 ita
1242 2727 1349 2776 Epist.
1426 2725 1523 2761 diam
1546 2724 1695 2762 nullam.
1727 2731 1767 2762 ut
1792 2725 1841 2761 est
1869 2725 1905 2761 in
1939 2723 2106 2771 Optimo.
2134 2718 2305 2774 l'..ib.·1V.
2333 2719 2446 2768 Epist.

319 2784 401 2821 LX.
430 2784 530 2821 Alius
559 2782 610 2819 vir
642 2780 770 2818 doctus
805 2780 952 2818 volebat
980 2789 1197 2816 concurrente
1217 2806 1229 2824 ,
1265 2780 1348 2827 quia
1426 2774 1515 2812 VII.
1541 2786 1576 2812 n.
1609 2787 1637 2812 r.
1669 2774 1800 2821 placuit
1820 2772 1957 2819 statuas
1977 2772 2051 2818 ejus
2081 2778 2297 2817 &cmagtnes
2316 2783 2443 2819 quam·

321 2834 502 2882 Trajanus
532 2834 567 2870 in
595 2831 758 2880 sequenti
784 2831 933 2878 Epistola
963 2841 995 2867 te
1019 2837 1228 2879 praeeunte.
1278 2828 1349 2866 Sed
1420 2825 1593 2873 plurimas
1606 2825 1726 2868 facere.
1742 2823 1802 2860 Ad
1828 2834 1921 2870 quae
1938 2823 2012 2858 loca
2033 2819 2295 2866 quamplurima
2314 2832 2445 2858 exem-

321 2892 381 2919 aut
405 2894 475 2930 ego
502 2890 668 2920 mentem
699 2883 776 2930 ejus
796 2892 872 2918 non
892 2882 1020 2928 capio,
1048 2880 1162 2917 antid
1191 2890 1269 2917 non
1295 2890 1347 2916 ar·
1425 2876 1481 2923 pla
1505 2874 1653 2912 fuerunt
1674 2874 1850 2920 adscripta.
1876 2869 1966 2908 adde
1990 2868 2155 2906 Cortium
2178 2868 2222 2906 ad
2244 2869 2321 2908 Sall.
2360 2871 2442 2911 Cat.

325 2934 399 2980 guit
419 2935 468 2969 vis
485 2934 579 2970 verbi
598 2933 746 2981 praeite,
774 2931 819 2969 de
841 2943 917 2980 quo
934 2931 977 2968 ad
1001 2930 1107 2978 Epist.
1131 2931 1209 2967 LX.
1236 2929 1352 2978 dispu-
1426 2937 1502 2972 cap.
1529 2923 1742 2960 XXXVIII.
1768 2934 1804 2958 n.
1828 2932 1862 2975 4.
1888 2915 1990 2955 Voss.
2017 2918 2099 2975 MS.
2135 2921 2221 2956 item
2253 2920 2315 2957 Ed,
2344 2922 2439 2969 prin·

323 2982 500 3024 ravimus,
528 2995 573 3019 ex
603 2994 678 3030 quo
705 2984 788 3020 loco
820 2982 923 3019 simul
957 2980 1067 3019 etiim
1096 2980 1296 3028 adparebit‚
1325 2980 1350 3016 si
1425 2986 1530 3022 ceps,
1560 2973 1664 3016 Aldi,
1691 2971 1864 3008 Schurern
1895 2969 2047 3020 obseqm,
2085 2979 2160 3007 non
2191 2971 2365 3022 consequi,
2399 2978 2439 3009 ut

323 3032 411 3084 quid
440 3032 497 3069 hic
527 3032 738 3070 nov-andum
753 3059 764 3078 ,
791 3032 935 3071 Cellarii
964 3031 1259 3070 emendationem
1279 3027 1350 3067 effe
1426 3025 1549 3062 ceteri.
1575 3023 1608 3061 L
1620 3033 1644 3060 0
1658 3034 1682 3059 Ν
1696 3030 1721 3058 G
1736 3031 1759 3057 0
1770 3030 1792 3056 ι
1806 3030 1820 3056 1
1835 3030 1858 3055 υ
1870 3028 1895 3056 s.

2341 3081 2373 3112 1.
2397 3074 2444 3108 Et
