2616 3686
309 199 410 259 370
519 192 586 242 C.
653 182 1046 237 PLINII
1116 176 1627 235 CAECILII
1692 175 2214 230 SECUNDI

309 263 521 333 inveni,
561 266 653 336 qui
683 261 813 318 mibi
840 260 1054 332 copiam
1081 256 1286 315 consilii
1313 256 1388 312 sui
1415 253 1671 310 facerent.
1749 252 1860 326 lpse
1884 271 2164 326 praeterea
2189 258 2472 330 quaedam.

310 339 650 396 emendanda
713 336 985 391 annotavi.
1068 330 1369 388 Emendavi
1425 330 1658 390 librum,
1712 344 1878 400 quem
1927 329 2042 384 mist
2094 330 2189 386 tibi
2282 331 2463 386 Mate.

311 417 441 468 riam
481 433 549 470 ex
590 415 748 466 titulo
787 423 1086 480 cogn03ces
1113 444 1130 469 ‚
1180 421 1361 458 cetera
1400 405 1534 458 liber
1572 402 1904 474 explicabit:
1965 420 2132 475 quem
2169 402 2274 474 jam
2316 421 2465 460 nunc

312 485 324 506 ¹
351 504 572 559 oportet
602 490 669 540 ita
699 483 1047 538 consuescere
1079 519 1093 542 ,
1136 494 1192 532 ut
1221 478 1335 537 line
1352 479 1683 549 praefatione
1708 476 2056 547 intelligatur.
2135 477 2230 532 Tu
2268 477 2472 543 velim,

312 563 443 635 quid
484 561 555 614 de
595 560 885 618 universo,
923 554 1055 628 quid
1099 551 1168 604 de
1207 552 1444 622 partibus
1483 550 1703 614 sentias,
1737 549 1929 604 scribas
1954 551 2101 604 mihi.
2179 554 2295 610 Ero
2321 551 2471 608 enim

276 676 284 684 .
312 638 396 688 vel
422 634 628 688 cautior
656 635 711 686 'rn
736 626 1109 689 continendo,
1152 626 1237 676 vel
1264 623 1593 680 constantior
1615 625 1673 680 in
1697 623 1919 680 edendo
1944 662 1963 689 ,
2008 623 2047 680 fi
2070 624 2178 682 huc
2224 624 2311 681 vel
2342 625 2470 680 illuc

314 710 601 762 auctoritas
633 718 724 759 tua
753 699 1046 756 accellerit.
1086 695 1238 750 Vale.

426 854 609 912 XlV.
684 849 752 907 C.
828 849 1266 906 Fuimus
1340 844 1977 905 VALnR1Ano
2052 846 2229 903 Suo
2303 847 2356 904 S.

313 1002 515 1063 Notum
541 1011 904 1078 argumentum
918 995 1267 1072 praecedente
1273 994 1402 1069 jam
1428 995 1637 1069 epistola
1663 995 1739 1050 ad
1759 996 2102 1052 Valerianum
2127 1039 2143 1065 ,
2181 1018 2284 1072 qna
2314 1001 2467 1056 illum

384 1083 719 1136 incitaverat
754 1074 941 1128 audcre
966 1112 982 1137 ,
1023 1070 1416 1145 qnidfnturum
1444 1074 1563 1138 eſjet
1590 1069 1651 1123 de
1677 1071 2002 1140 accusatione
2028 1072 2250 1140 Tuscilii
2277 1073 2469 1129 Nomi..

385 1164 530 1206 natt:
571 1170 668 1224 quo
690 1148 944 1203 advocato
975 1146 1054 1217 nsi
1056 1148 1289 1217 sacrant
1311 1143 1369 1199 V
1364 1144 1588 1197 icentini
1609 1157 1793 1199 contra
1818 1142 2115 1198 Sollertem.

308 1304 498 1445 ET
541 1321 601 1362 tu
635 1319 791 1376 rogas
821 1341 848 1366 ‚>
888 1301 945 1355 &
988 1317 1095 1374 ego
1134 1313 1152 1336 ²
1185 1297 1403 1371 promifi
1431 1337 1447 1361 ‚
1500 1299 1534 1353 fi
1572 1297 1802 1370 rogasses
1828 1339 1845 1364 ,
1881 1295 2205 1369 scripturum
2234 1314 2322 1355 me
2346 1299 2481 1367 tibi,

436 1397 601 1451 quem
639 1373 895 1434 habuisset
934 1388 1192 1431 eventum
1221 1372 1506 1446 postulatio
1545 1373 1783 1443 Nepotis
1825 1376 1840 1402 ³
1865 1371 2005 1426 circa
2029 1370 2330 1428 Tuscilium
2360 1374 2476 1429 No-

306 1458 572 1513 minatum
669 1447 923 1506 lndufius
961 1450 1036 1507 est
1063 1450 1388 1504 Nominatus
1424 1464 1436 1500 :
1477 1448 1587 1516 egit
1614 1447 1722 1518 ipse
1747 1463 1846 1518 pro
1868 1446 1949 1506 se,
1990 1444 2140 1499 nullo
2170 1446 2470 1505 accusante.

307 1526 447 1581 Nam
487 1526 647 1597 legati
688 1523 1109 1579 vicentinorum
1147 1539 1258 1577 non
1302 1520 1474 1575 modo
1510 1525 1529 1596 f
1566 1537 1675 1573 non
1713 1517 2012 1590 presserunt
2056 1534 2181 1576 eum
2206 1558 2222 1583 ,
2285 1536 2475 1578 verum
2511 1520 2520 1527 '

309 1603 473 1654 etiam
512 1599 938 1654 sublevaverunt.
978 1598 1196 1652 Summa
1233 1592 1587 1657 defensionis,
1625 1611 1721 1645 non
1749 1589 1914 1660 fidem
1937 1588 2043 1658 fibi
2077 1591 2132 1645 in
2169 1592 2473 1647 advocatio-

311 1692 374 1727 ne
400 1712 414 1734 ,
442 1671 544 1742 fi’d
579 1671 914 1736 constantiam
955 1669 1171 1742 defuiffie
1193 1687 1211 1718 .·
1265 1665 1567 1736 descendiffi’
1606 1677 1666 1718 nt
1702 1667 1944 1719 aanrum
1966 1703 1984 1727 ‚
2031 1675 2190 1736 atque
2227 1666 2389 1720 etiam
2416 1667 2474 1721 in

312 1747 464 1801 curia
501 1747 674 1815 vistcm
702 1763 714 1798 ;
768 1740 951 1796 deinde
990 1743 1002 1770 ⁵
1036 1742 1370 1813 fi‘rmonihus
1394 1742 1677 1796 amicornm
1705 1738 2054 1802 deterritum,
2089 1737 2346 1809 receffi'ffl’.
2370 1758 2474 1794 mo-

2299 1824 2471 1867 netum

310 1962 564 2012 unusquisque
585 1957 668 1997 suae
690 1958 903 1997 inventioni
925 1956 1028 1994 favet
1051 1982 1063 1998 ‚
1089 1954 1296 2006 meliusque
1312 1955 1357 1994 de
1429 1953 1564 2005 reliqua
1595 1952 1785 2002 cognoscas.
1816 1949 2034 2001 promiserat
2065 1948 2102 1989 se
2134 1949 2350 2000 scripturum
2366 1980 2376 1997 ‚
2404 1951 2470 1992 nifi

312 2013 437 2051 alienis
451 2042 460 2058 ,
490 2022 602 2061 quarn
629 2009 674 2047 de
697 2010 763 2048 suis
783 2009 933 2059 judicat.
962 2007 1007 2044 In
1027 2005 1358 2046 secundalefflone
1433 2006 1504 2044 hac
1523 2005 1740 2043 conditione
1755 2033 1765 2049 ,
1787 2013 1829 2040 ut
1850 2011 2007 2051 rogaret.
2038 2001 2198 2041 Cum.

314 2063 383 2101 fuit
405 2075 446 2101 ut
467 2075 603 2100 mecum
620 2090 630 2105 ,
656 2060 695 2098 id
717 2061 766 2099 cst
790 2072 852 2110 per
878 2057 1060 2107 meipsum
1077 2086 1086 2102 ‚
1115 2057 1253 2096 &fine
1275 2058 1362 2097 alie-
1486 2068 1505 2106 3
1536 2052 1640 2093 Circa
1671 2055 1900 2094 Thuscillum
1938 2060 2043 2091 Nom.
2066 2051 2082 2101 ]
2134 2052 2326 2101 Tuscilium
2360 2063 2471 2095 vocat

314 2125 368 2152 no
389 2114 553 2162 judicio:
582 2113 693 2159 longe
716 2119 845 2149 tamen
868 2111 1000 2148 melior
1026 2137 1036 2152 ‚
1062 2120 1102 2146 ut
1126 2121 1256 2147 meum.
1286 2110 1362 2146 Ca-
1432 2106 1630 2146 Mediccus
1653 2135 1663 2150 ,
1705 2106 1859 2144 Hclmst.
1892 2105 2023 2142 Oxon.
2058 2104 2171 2142 Ai-nz.
2208 2107 2246 2143 ὅ(
2280 2103 2327 2142 fic
2359 2105 2471 2146 edidit

319 2177 412 2203 Tm.
444 2164 568 2202 Nostri
593 2173 746 2200 omnes:
776 2173 818 2199 ut
845 2173 985 2205 meum,
1013 2158 1074 2197 scd
1095 2158 1209 2197 isdem
1224 2172 1358 2199 omnes
1433 2158 1560 2196 Aldus.
1588 2157 1744 2196 Adluclit
1766 2157 1834 2195 Ed.
1856 2156 1945 2194 Vct.
1967 2157 2006 2194 in
2041 2166 2114 2205 qua
2145 2155 2344 2204 Tusclu'um.
2374 2156 2471 2198 Vide

315 2227 403 2253 curn
428 2215 495 2253 Ed.
518 2216 606 2252 Vct.
629 2215 667 2250 ὅτ.
692 2212 792 2250 Aldo
807 2212 916 2260 fallit
933 2240 943 2255 ‚
980 2221 1058 2248 non
1071 2210 1192 2257 fallat
1215 2240 1224 2255 ‚
1252 2211 1358 2257 quod
1432 2209 1537 2258 supra
1559 2210 1606 2247 ad
1625 2210 1734 2259 Epist.
1759 2209 1827 2247 lV.

313 2267 487 2314 vulgatae
511 2265 705 2303 ostentant.
736 2264 794 2300 Sic
819 2264 899 2302 Lib.
920 2261 1014 2299 V11.
1035 2261 1145 2310 Epist.
1168 2262 1295 2300 XVll.
1320 2275 1356 2300 n.
1483 2273 1507 2306 4
1534 2267 1618 2298 Non
1648 2260 1848 2310 presserunt
1877 2272 1966 2297 eum.
1990 2256 2008 2307 ]
2059 2258 2165 2307 Lege
2199 2258 2391 2298 Budaeum
2423 2258 2466 2296 ad

315 2329 349 2355 x.
384 2323 448 2354 <ua
473 2318 594 2367 cuique
618 2315 713 2352 ratio
737 2314 912 2351 recitandi
937 2342 947 2358 ,
987 2311 1079 2349 mihi
1103 2340 1113 2356 ,
1150 2314 1243 2361 qaod
1260 2315 1358 2363 saepe
1431 2311 1606 2350 Pande&
1631 2323 1710 2361 pag.
1737 2323 1819 2362 134.
1844 2310 1999 2348 Bam-³.
2029 2309 2111 2348 Nos
2135 2309 2180 2348 de
2203 2309 2376 2349 verboad
2387 2308 2467 2347 Lu-

311 2369 389 2406 u'am
402 2369 479 2406 dixi
495 2398 505 2413 ‚
534 2379 575 2404 ut
599 2396 610 2411 ‚
638 2364 664 2402 si
684 2365 771 2415 quid
784 2379 839 2403 me
854 2365 947 2413 fugit
962 2393 972 2409 ,
999 2364 1207 2402 admonear.
1236 2365 1357 2403 Multa
1433 2374 1511 2401 can.
1537 2364 1620 2401 Lib.
1638 2363 1730 2402 VII.
1750 2373 1801 2401 vs.
1822 2363 1909 2410 870.

315 2419 423 2458 huius
455 2420 597 2468 generis
631 2418 845 2455 notavimus
877 2416 924 2455 ad
958 2415 1102 2453 Lucan.
1126 2414 1213 2454 Lib.
1234 2415 1282 2454 ΙΙ.
1304 2428 1360 2455 vs.

319 2482 403 2519 457·
790 2477 797 2485 ·
1486 2466 1598 2555 Qidb
1619 2476 1736 2506 totum
1768 2465 1935 2516 premitis
1957 2492 1970 2511 ,
2017 2463 2104 2516 quid
2133 2472 2247 2502 totum
2279 2456 2458 2507 absolvitis

1539 2532 1576 2557 or
1601 2527 1684 2557 em?

367 2572 403 2608 si
424 2572 547 2619 rursus
571 2571 698 2616 tellus,
723 2571 824 2620 pulsu
849 2570 980 2608 laxata
1010 2569 1177 2608 tridentis
2258 2607 2266 2614 ‚
2426 2608 2433 2614 ⁴

367 2622 508 2668 Aeolii,
537 2624 687 2660 tumidis
713 2624 864 2661 inmittit
880 2621 1049 2673 fluctibus
1070 2627 1225 2659 Eurum.
1434 2621 1547 2670 Supra
1572 2621 1770 2669 Optimus:
1801 2621 1901 2658 Nam
1921 2617 2049 2667 legati.
2077 2624 2143 2663 pro
2164 2615 2302 2662 Emim
2324 2607 2457 2655 1‘3011·

1434 2673 1538 2722 quod
1559 2670 1748 2722 impressos
1766 2672 1973 2719 occupavit.
2001 2665 2096 2702 Infra
2117 2657 2316 2696 Helmttad.
2341 2659 2456 2714 Arma

316 2726 381 2764 ubi
412 2735 538 2764 contra
587 2725 693 2763 MSS.
718 2725 832 2764 fidem
858 2724 1035 2763 dederant
1056 2725 1240 2762 inmittat.
1264 2721 1361 2761 adde
1435 2722 1665 2772 desenfiom‘s‚
1693 2735 1761 2772 pro
1781 2724 1941 2772 summa.
1974 2719 2150 2758 corrupte.
2174 2709 2303 2745 Oxou.
2324 2710 2459 2759 descen·¹

322 2776 367 2815 ad
394 2778 474 2814 Lib.
501 2778 546 2814 V.
572 2787 621 2815 vs.
649 2777 732 2823 787.
1436 2774 1516 2824 disse
1536 2778 1727 2812 iaciurum.
2108 2813 2112 2817 ,
2341 2813 2344 2818 ,

380 2839 391 2863 1
427 2827 899 2878 opertetieaconsuefcere.]
930 2829 987 2866 Sic
1012 2828 1049 2864 in
1069 2825 1182 2865 Palat.
1207 2826 1363 2865 &Vctt.
1488 2839 1506 2876 ς
1539 2823 1957 2864 sermonibusamicorum
1969 2810 2238 2864 perterritum]
2267 2812 2456 2870 Ultimum

324 2874 419 2911 Em.
452 2879 689 2917 Recentiorcs
725 2883 825 2918 cuim
851 2909 862 2924 ,
900 2888 1028 2927 oportet
1062 2879 1109 2916 ibi
1142 2878 1362 2927 consuescere.
1434 2878 1589 2916 verbum
1623 2887 1703 2914 non
1737 2873 1856 2911 visitur
1888 2870 1924 2905 in
1948 2861 2098 2924 Heltnst.
2123 2863 2250 2918 Oxon.
2275 2875 2397 2913 neque
2420 2875 2460 2902 in

325 2925 460 2979 Aldina
497 2939 663 2966 usturam
697 2933 870 2968 voculam
906 2931 1086 2977 cxprcffit.
1117 2929 1152 2966 G
1166 2943 1190 2966 n
1207 2941 1231 2965 υ
1248 2943 1269 2967 T
1287 2942 1307 2966 E
1323 2943 1361 2967 rt.
1434 2927 1501 2965 Ed.
1521 2928 1605 2965 Ver.
1632 2927 1704 2964 Pro
1727 2935 1773 2960 eo
1796 2915 2088 2968 Optimushaoct
2102 2915 2309 2970 dete-rmum
2326 2944 2335 2959 2
2355 2912 2460 2965 quod

327 2975 419 3013 illud
442 2979 494 3013 ita
520 2981 739 3016 confirmant
762 2984 873 3018 noltri
898 2992 1031 3019 omnes
1056 3010 1067 3025 ‚
1107 2983 1218 3019 ctiam
1255 2981 1365 3029 Opti-
1433 2980 1586 3027 amplius
1621 2971 1792 3021 fignificat
1814 2998 1823 3013 ‚
1861 2978 2226 3022 quamvpertcrrttum
2251 2995 2259 3010 ‚
2310 2969 2348 3004 δ’(
2371 2997 2382 3012 ,
2419 2972 2461 3005 ut

326 3039 430 3070 mus,
462 3029 701 3077 cxpr„·ffitquc
716 3030 799 3065 illud
826 3031 969 3077 pridem
990 3033 1189 3080 Gryphius.
1434 3028 1535 3065 vides
1550 3054 1559 3068 ‚
1587 3026 1673 3061 loco
1695 3022 1807 3068 magis
1830 3026 2016 3056 convenit.
2060 3026 2270 3054 Perterrnus
2295 3029 2372 3055 non
2392 3018 2460 3056 sta-

382 3078 589 3127 2-Prom1si.
616 3077 630 3126 ]
672 3078 820 3122 Jocitus
863 3080 977 3116 suerat
1009 3093 1093 3118 cum
1132 3095 1180 3121 co
1204 3110 1215 3127 ‚
1245 3082 1367 3121 dicens
1431 3079 1496 3115 tim
1531 3074 1654 3113 recedit
1688 3072 1732 3108 ab
1764 3071 1908 3109 actione
1931 3099 1941 3114 ,
1987 3070 2087 3119 quo-l
2124 3068 2278 3108 ostendit
2312 3068 2396 3108 Lib.
2431 3066 2480 3107 1..

325 3130 502 3186 qnamda'u
533 3141 629 3183 nunc
662 3137 793 3181 opocen
819 3157 830 3176 ‚
873 3141 983 3179 qaam
1017 3129 1146 3184 blandq
1183 3146 1301 3184 roges,
1327 3141 1371 3172 ut
1433 3127 1541 3180 Episn
1561 3123 1706 3179 >3an
1730 3123 1841 3176 princ
1865 3123 1994 3173 utique
2016 3121 2219 3173 deterrima
2401 3173 2423 3206 S
2453 3166 2456 3170 .

2354 3181 2371 3209 x
2422 3181 2476 3219 ‘2-
