2616 3686
506 185 851 243 LIBER
916 187 982 235 V.
1049 186 1628 240 EPISTOLA
1699 193 1883 243 XIII.

121 273 263 332 'enim
296 269 456 329 semel
490 264 707 322 incitata
744 257 1022 316 liberalitas
1059 259 1193 317 stare
1216 299 1234 326 ,
1295 261 1447 333 cujus

119 341 477 404 commendat.
515 335 666 393 Vale.

283 478 458 536 XIII.
533 475 600 531 C.
673 471 1108 529 ΡιιΝῙυε

116 618 423 673 Orationem
446 654 462 681 ,
512 629 663 687 quam
684 608 827 683 apud
844 611 1128 681 municipes
1136 612 1261 680 staeos
1285 610 1539 669 habuerat
1563 653 1580 680 ,

1485 266 1945 336 pulchritudinem
1980 272 2099 329 usus
2135 216 2256 344 ipsc?

1193 473 1682 533 'scanno
1758 477 1942 534 Suo
2015 482 2069 537 S.

1616 616 1813 688 paucis
1838 618 2023 672 amicis
2053 622 2249 693 recita-j

799 692 910 736 tam
912 684 1126 755 judicio
1153 683 1347 739 Scauri
1354 687 1554 757 fflbdit.

234 814 552 880 ‚Ecitaturus
589 810 976 866 oratiunculam
1001 849 1016 875 ,
1069 827 1230 884 quam
1267 812 1537 882 publicare
1572 815 1758 887 cogito
1783 856 1800 882 ‚
1850 819 2113 877 advocavi
2152 823 2245 878 ali-

251 903 382 957 quos
407 923 425 949 ,
471 885 486 904 ²
519 896 575 937 ut
609 900 885 938 revererer
913 901 925 936 :
977 901 1175 956 paucos
1199 922 1214 947 ,
1263 897 1322 938 ut
1356 888 1370 914 ³
1395 905 1584 943 verum
1614 890 1873 946 audirem.
1950 894 2089 948 Nam
2114 896 2245 953 mihi

115 961 311 1030 duplex
336 959 470 1011 ratio
496 954 757 1010 recitandi
785 972 797 1009 :
850 973 952 1011 una
976 995 992 1020 ‚
1041 972 1100 1012 ut
1124 977 1143 1003 ⁴
1166 956 1526 1016 sollicitudine
1555 961 1800 1016 intendar
1828 965 2122 1029 :altera‚ut
2149 969 2245 1022 ad-

112 1048 327 1089 monear
354 1069 370 1096 ,
419 1027 455 1083 fi
491 1028 622 1101 quid
661 1027 804 1084 forte
842 1044 929 1085 me
956 1065 972 1094 ‚
1015 1035 1114 1086 fut
1141 1045 1322 1086 meum
1348 1069 1362 1096 ‚
1401 1031 1550 1090 fallit.
1625 1032 1758 1089 Tuli
1782 1036 1932 1106 quod
1962 1039 2242 1119 petebam:

110 1231 202 1271 Edd.
224 1244 344 1282 neque
364 1233 466 1270 aliter
485 1231 572 1280 legit
595 1230 809 1269 Catanaeus.
837 1229 971 1269 Aldina
986 1230 1135 1282 &seqq

107 1284 198 1334 quod
220 1286 388 1332 proxime
405 1282 585 1332 promisisti
608 1298 620 1327 ;
647 1294 726 1320 non
747 1282 843 1320 male
866 1312 876 1328 ,
906 1282 932 1318 fi
959 1282 995 1320 id
1023 1284 1135 1321 ctiam

2030 1114 2210 1167 inveni
2227 1153 2244 1178 ,

1195 1244 1273 1273 ram
1297 1234 1462 1287 plerique
1482 1235 1563 1275 libri
1586 1245 1744 1274 veretur.
1783 1237 1888 1276 Infra
1909 1238 1986 1278 hoc
2011 1237 2106 1277 libro
2130 1237 2244 1288 Epist.

1197 1285 1284 1324 XV.
1308 1299 1342 1325 n.
1368 1301 1399 1337 ς.
1428 1293 1524 1325 Cum
1542 1291 1700 1338 fhquerer
1721 1299 1762 1326 ut
1785 1289 1997 1338 magistrum
2012 1319 2022 1334 ‚
2053 1300 2094 1327 ut
2113 1299 2245 1339 paren-

107 1334 183 1373 libri
205 1334 477 1371 confirmarent.
506 1334 541 1370 G
557 1346 620 1370 uu
639 1347 660 1372 T
677 1346 752 1371 ER.
800 1334 918 1383 Atqui
941 1333 1136 1372 confirmat
1200 1346 1271 1374 tem
1305 1349 1502 1377 revererer.
1559 1340 1616 1378 Sic
1651 1340 1829 1388 Optimus
1855 1355 1866 1385 ;
1892 1349 1927 1379 at
1952 1341 2064 1390 vulgo
2090 1354 2243 1380 vererer.

101 1386 261 1434 proxime
284 1386 501 1423 veterrimus
524 1384 717 1423 Mediceus
743 1412 753 1429 ‚
790 1394 830 1421 ut
854 1386 893 1423 &
916 1385 952 1421 V
957 1385 1112 1422 offianus
1126 1414 1136 1430 ,

1202 1387 1335 1427 Rursus
1355 1389 1402 1428 de
1425 1390 1698 1429 recitationibus
1711 1390 1778 1428 suis
1794 1392 1874 1429 Lib.
1887 1392 1978 1429 VII.
1992 1391 2101 1441 Epist.
2112 1392 2241 1430 XVII.

106 1435 253 1485 ipsaque
300 1435 486 1473 sententia.
545 1434 706 1471 Maxime
749 1436 874 1473 haeret
919 1436 956 1473 in
1008 1436 1136 1473 Oxon.
1200 1449 1236 1474 n.
1260 1450 1294 1485 7.
1321 1442 1460 1489 Optime
1480 1452 1600 1479 autem
1623 1443 1854 1486 reverentia,
1877 1444 1991 1491 pudor
2016 1470 2027 1487 ‚
2053 1453 2166 1480 metus
2187 1443 2243 1481 iu-

64 1499 70 1505 ·
107 1486 262 1524 Helmst.
298 1488 337 1524 δε
367 1485 480 1522 Arnz.
511 1483 573 1522 sed
593 1484 711 1521 statim
733 1484 938 1523 succurrere
959 1494 1104 1533 poterat
1128 1515 1138 1531 ‚

107 1536 173 1575 has
194 1548 306 1574 voces
327 1536 373 1573 ab
394 1534 539 1573 librariis
562 1542 742 1582 perpetuo
776 1534 913 1571 misceri
938 1562 949 1577 ‚
986 1544 1025 1573 ut
1056 1537 1138 1574 Lib.

110 1587 179 1626 IV.
213 1586 322 1635 Epist.
359 1586 426 1623 111.
449 1596 483 1622 n.
508 1596 541 1632 3.
595 1595 674 1620 cum
695 1582 828 1620 iambos
851 1586 1024 1631 proxime
1055 1585 1138 1634 Iege-

112 1651 209 1682 rem,
237 1637 297 1675 ubi
323 1635 418 1674 Cod.
444 1635 610 1673 maxime.
631 1635 866 1687 Paneg3cap.
889 1634 1138 1674 VII-&hunc

112 1688 175 1726 tibi
205 1688 417 1736 proximum
442 1714 452 1729 ,
490 1684 582 1722 hunc
613 1683 917 1730 coniuncitffimum
953 1685 1137 1732 existimes.

112 1740 194 1776 MS.
220 1737 409 1776 Guelferb.
433 1737 526 1774 hunc
548 1735 614 1773 tibi
627 1735 840 1773 maximum.
868 1735 1043 1774 Lucanus
1056 1738 1138 1776 Lib.

114 1789 158 1828 X.
183 1801 233 1827 vs.
255 1790 336 1836 408.

161 1909 234 1922 —-
282 1910 354 1920 —
405 1889 452 1928 ibi
465 1891 530 1937 sas
544 1919 555 1937 ‚
581 1888 640 1927 ubi
662 1889 829 1939 proxima
853 1901 977 1927 merces
993 1917 1005 1934 ‚

116 1990 173 2026 Sic
196 1989 474 2029 emendavimus
497 2003 541 2029 ex
564 1990 720 2040 pluribus
743 1989 881 2039 scriptis.
919 1990 972 2028 At
995 1993 1136 2040 vulgo:

115 2039 174 2076 ubi
198 2042 358 2078 maxima
379 2054 502 2080 merces
518 2070 527 2087 ‚
556 2053 640 2079 cum
662 2049 786 2078 tamen
807 2040 922 2079 statim
946 2041 1136 2090 sequatur:

115 2095 210 2126 Aere
244 2102 376 2128 merent
401 2101 527 2141 parvo.
564 2092 669 2129 Haec
691 2090 860 2129 confuslo
880 2091 945 2129 nisl
966 2094 1061 2132 adeo
1086 2095 1138 2131 fa-

117 2141 261 2178 mili-aris
295 2143 382 2179 olim
414 2144 558 2181 librariis
593 2141 678 2180 esset
705 2170 715 2186 ,
742 2141 844 2180 facile
866 2145 1046 2192 corrigere
1070 2156 1137 2194 po-

116 2191 235 2227 tunic>
260 2205 266 2228 :
297 2193 386 2242 quod
406 2204 490 2231 cum
513 2195 676 2232 maxime
693 2191 878 2242 promifisli
899 2221 909 2237 ,
950 2195 1052 2244 quod
1075 2207 1139 2233 au-

119 2240 208 2277 &osi
234 2243 324 2279 infra
346 2244 485 2292 ptacuit.
525 2245 638 2284 Nunc
661 2255 751 2282 vero
766 2244 926 2295 proxime
947 2247 1140 2296 amplecti-

118 2303 211 2328 mur.
241 2294 395 2332 Conna

1200 1488 1332 1526 dicant.
1364 1492 1403 1528 ὃς
1436 1502 1528 1528 mox
1560 1504 1596 1528 n.
1631 1505 1666 1540 9¹
1705 1496 1803 1528 Nam
1837 1492 1914 1530 illos
1938 1505 2069 1542 quoque
2082 1493 2244 1542 fhrdidox

1196 1539 1418 1590 pullatosque
1449 1552 1675 1579 reveremur.
1715 1542 1820 1590 Lege
1842 1550 1963 1581 totam
1986 1544 2083 1582 illam
2111 1543 2243 1592 episto-

1200 1589 1287 1627 lam.
1324 1592 1440 1629 Simili
1472 1591 1572 1630 sensu
1605 1593 1687 1631 Lib.
1725 1593 1832 1631 VIII.
1869 1593 1980 1643 Epist.
2010 1594 2116 1632 XXI.
2142 1605 2179 1631 n.
2208 1606 2243 1643 3.

1198 1640 1450 1679 irreverentem
1485 1643 1589 1691 operis
1617 1642 1707 1681 dixit
1731 1671 1742 1688 ,
1780 1646 1819 1682 &
1840 1644 1975 1692 Paneg.
1999 1656 2075 1694 cap.
2100 1645 2243 1686 LXIX.

1197 1694 1471 1731 reverentiorem
1500 1694 1648 1741 senatus
1670 1694 1919 1732 candidatum.
1949 1694 2240 1736 Distinffionem

1198 1741 1390 1830 lgggxffim
1440 1743 1593 1780 Modius
1627 1742 1812 1783 constituit
1851 1745 2084 1797 Novantiqu.
2128 1746 2238 1798 Epist.

1357 1823 1364 1830 .
1394 1794 1551 1832 Com-12.

1255 1854 1273 1892 3
1303 1844 1474 1893 Verum]
1503 1844 1690 1891 judiciuin
1722 1846 1869 1886 illorum
1891 1878 1902 1895 ‚
1940 1861 1990 1886 an
2021 1849 2114 1887 bona
2137 1880 2149 1896 ,
2186 1864 2236 1889 an

1199 1893 1301 1930 mala
1323 1894 1411 1944 esset.
1442 1896 1597 1935 CATAN.

1247 1956 1270 1991 4
1297 1946 1537 1985 sollicitudine
1559 1948 1741 1986 incendas.
1764 1948 1780 1999 ]
1822 1949 2019 1988 Intendam
2041 1952 2238 1999 animum}

1198 2006 1285 2032 cum
1310 1995 1375 2034 fim
1396 1997 1553 2036 solicitus
1579 2027 1589 2044 ‚
1629 2011 1676 2038 ne
1700 2002 1809 2039 amici
1828 2002 1924 2040 male
1946 2000 1991 2039 de
2015 2003 2107 2040 meis
2135 2005 2235 2052 judi-

1199 2054 1284 2084 cent
1305 2047 1461 2097 scriptis:
1490 2061 1577 2088 nam
1599 2050 1764 2089 securitas
1787 2052 1873 2090 facit
1896 2053 2093 2090 hominem
2118 2056 2234 2103 negli-

1199 2105 1362 2145 gentem.
1393 2100 1448 2137 ID
1464 2113 1485 2137 E
1502 2114 1540 2138 M.
1571 2102 1784 2152 Incendor]
1818 2104 2006 2141 Accendar
2030 2131 2040 2148 ‚
2067 2112 2109 2141 ut
2129 2106 2234 2145 vide-

1201 2156 1260 2186 tur
1282 2158 1367 2188 ante
1383 2151 1618 2199 sollicitudine
1640 2152 1852 2192 desiderare.
1891 2155 2100 2193 Boxnoan.
2139 2156 2234 2196 Vul-

1200 2209 1283 2246 go:
1315 2201 1556 2249 sollicimdine
1587 2204 1757 2241 incendas
1781 2234 1791 2250 ,
1820 2206 1923 2254 quod
1959 2204 2008 2242 cst
2043 2206 2234 2246 absonum.

1203 2251 1322 2288 Recte
1345 2253 1574 2291 Veterriinus
1598 2253 1769 2290 intendar
1799 2283 1809 2298 ,
1835 2254 2035 2304 quomodo
2061 2257 2100 2292 ὃς
2122 2257 2231 2294 Cata-

1199 2312 1311 2339 naeus
1343 2303 1440 2350 legit.
1490 2303 1837 2352 Frequentiffimum
1862 2305 1910 2341 est
1932 2304 2028 2353 apud
2051 2304 2231 2347 Nostrum

170 2355 184 2380 1
215 2344 442 2394 SCAURO]
473 2346 687 2394 Colligimus
709 2357 754 2383 ex
777 2346 858 2384 Lib.
873 2346 939 2384 VI.
955 2346 1135 2384 Attilium
1196 2350 1399 2396 intendere,
1427 2354 1575 2390 intentio
1590 2381 1599 2397 ,
1625 2353 1780 2397 intente,
1818 2355 1857 2390 &
1879 2356 1913 2390 in
1938 2354 2067 2392 eadem
2082 2366 2119 2393 re
2130 2357 2230 2397 idem

116 2398 287 2431 Scaurum
313 2397 467 2434 amicitia
485 2396 653 2435 Secundo
666 2397 930 2444 conjundtum,
961 2398 1134 2434 &Gellio
1200 2403 1355 2438 verbum
1388 2404 1542 2449 legimus
1577 2404 1676 2450 supra
1702 2404 1808 2451 Epist.
1833 2403 1902 2441 III.
1920 2416 1954 2442 n.
1977 2405 2010 2442 8.
2035 2405 2127 2444 adde
2148 2409 2229 2447 Lib.

113 2444 302 2489 tradente,
331 2446 375 2484 de
399 2447 558 2486 Caesellii
582 2448 758 2485 erroribus
770 2448 870 2495 plura
882 2446 1136 2494 composuisse.
1201 2450 1248 2487 ΙΙ.
1271 2452 1380 2500 Epist.
1403 2454 1450 2489 V.
1477 2465 1511 2489 n.
1533 2465 1563 2489 2.
1594 2454 1674 2490 Lib
1708 2454 1798 2492 VII.
1836 2454 1945 2503 Epist.
1978 2455 2103 2494 XVII.
2132 2469 2167 2496 n.
2195 2471 2229 2507 7.

116 2496 251 2534 Seneca
274 2496 353 2533 Lib.
376 2498 401 2533 I.
424 2498 655 2536 suasoriarum
677 2496 790 2535 asserit
822 2499 858 2534 in
889 2503 1015 2532 scauro
1050 2503 1135 2533 Ma-

1201 2505 1297 2537 Nam
1321 2514 1423 2539 tanto
1447 2504 1670 2551 diligentius,
1698 2515 1831 2553 quanto
1855 2506 2039 2544 sollicitius
2058 2509 2225 2550 intendo.

115 2558 224 2584 merca
257 2546 473 2586 Scaurorum
506 2549 678 2586 familiam
703 2548 913 2585 extinetam.
943 2548 974 2584 C
989 2560 1009 2582 Α
1025 2561 1047 2584 τ
1064 2560 1084 2583 Α
1099 2560 1136 2585 Ν.
1200 2552 1304 2589 Haec
1327 2562 1452 2591 autem
1476 2555 1678 2602 promiscua
1699 2555 1795 2604 apud
1819 2555 1992 2594 Nostrum
2017 2558 2226 2597 suntinten.

117 2596 278 2634 Riccard.
300 2598 334 2635 in
361 2599 484 2637 Indice
507 2601 706 2637 Terentium
730 2605 901 2634 scaurum
927 2600 1108 2636 nominat.

1197 2604 1238 2640 do
1263 2606 1299 2640 ὅς
1321 2604 1485 2642 intendor
1511 2633 1521 2648 ,
1547 2614 1586 2642 ut
1611 2605 1690 2643 alibi
1712 2620 1768 2654 ego
1790 2607 1942 2645 adverto
1964 2609 2130 2646 animum
2145 2639 2157 2655 ‚
2184 2614 2224 2651 ὃς

163 2658 186 2685 2
215 2652 259 2684 Ut
283 2649 465 2698 vererer]
497 2649 701 2687 Emendavi
726 2662 769 2687 cx
793 2650 952 2697 Optimo
972 2662 980 2686 :
1020 2661 1060 2686 ut
1081 2664 1135 2688 re-
1196 2655 1366 2690 advertor
1383 2684 1392 2699 ‚
1422 2656 1479 2692 vel
1500 2669 1552 2692 res
1576 2670 1628 2692 me
1651 2657 1826 2695 arvertit.
1876 2657 1931 2695 Ita
1953 2662 2137 2698 extendere
2158 2663 2224 2710 epi-

117 2711 261 2736 vererer.
300 2699 389 2736 Hoc
410 2712 508 2737 enim
530 2700 638 2737 efficit
660 2701 856 2749 praesentia
878 2700 1030 2736 aliorum
1054 2729 1064 2745 ,
1092 2711 1132 2739 ut

118 2751 287 2796 recitans,
314 2753 515 2788 reverentia
537 2751 744 2789 auditorum
760 2779 770 2795 ,
798 2751 928 2800 scriptis
940 2751 1006 2788 suis
1018 2753 1131 2791 acrius

116 2799 286 2838 intendat.
338 2801 461 2840 Habes
495 2803 533 2839 δε
567 2813 643 2839 rem
667 2831 676 2846 ‚
714 2804 752 2839 δε
782 2802 1007 2839 vocabulum
1031 2802 1130 2852 supra

117 2849 222 2900 Epist.
254 2851 319 2889 III.
349 2863 383 2889 n.
416 2854 452 2891 8.
490 2859 612 2902 ltaque
644 2852 709 2889 has
730 2853 901 2890 recitandi
922 2853 1053 2901 caussas
1073 2856 1130 2901 se-

116 2912 200 2952 quor
223 2929 233 2946 ,
255 2903 408 2952 primum
434 2933 444 2949 ,
467 2906 558 2954 quod
578 2904 640 2954 ipse
655 2932 666 2948 ‚
693 2905 752 2953 qui
770 2905 891 2941 recitat
906 2932 916 2946 ‚
944 2904 1130 2953 aliquanto

1189 2703 1318 2751 stolam
1343 2734 1351 2748 ,
1392 2709 1430 2743 ὃς
1451 2709 1593 2744 extendi
1615 2707 1750 2755 epistola
1776 2737 1786 2751 ,
1813 2709 1870 2746 vel
1895 2712 2133 2760 exscnderese
2154 2722 2224 2762 ept-

1190 2754 1279 2801 stola
1304 2785 1314 2800 ,
1354 2756 1456 2805 quod
1487 2758 1594 2795 habes
1625 2759 1705 2795 Lib.
1739 2759 1827 2796 VII.
1861 2759 1970 2808 Epist.
2006 2761 2070 2798 IX.
2098 2774 2133 2800 n.
2165 2764 2222 2803 16.

1195 2811 1238 2843 Et
1260 2807 1415 2855 alioquin
1445 2818 1521 2844 tam
1556 2809 1735 2847 immodice
1767 2810 1916 2857 epistola
1951 2823 2013 2848 me
2047 2813 2220 2860 extendi,

1195 2868 1233 2893 ut
1250 2856 1414 2902 studendi
1439 2869 1570 2908 tempus
1605 2859 1819 2905 abstulerim.
1848 2862 1908 2899 ubi
1940 2862 2036 2899 vide.
2064 2863 2219 2903 Tacitus

1196 2908 1297 2945 XVI.
1331 2910 1430 2946 Anti.
1464 2921 1539 2959 cap.
1571 2911 1678 2947 VIII.
1735 2918 1832 2949 Nam
1871 2911 2013 2949 Silanus
2039 2913 2220 2953 intentior

115 2951 227 2988 acrius
243 2953 377 3002 scriptis
393 2956 487 3004 suis,
512 2956 718 2992 auditorum
742 2956 942 2993 reverentia
967 2967 1130 2999 ‚,mten-
1192 2968 1317 3002 metu,
1344 2971 1388 2998 cy·
1414 2961 1521 2997 exitio
1551 2962 1671 3010 patrui
1704 2963 1753 2998 ad
1779 2963 2067 3010 praecavendum
2099 2970 2216 3003 exier-

119 2999 194 3038 dat.
220 3001 321 3039 Idem
353 3007 485 3044 vitium
517 3007 655 3045 obsedit
688 3005 807 3044 Codd.
837 3007 938 3055 supra
962 3006 1044 3043 Lib.
1065 3007 1130 3044 IV.
1189 3011 1276 3046 ritus
1297 3022 1385 3048 erat.
1414 3011 1512 3050 Vide
1535 3012 1580 3049 ad
1603 3012 1734 3050 Sallust.
1754 3012 1833 3062 Iug.
1855 3025 1931 3064 cap.
1956 3014 2100 3053 XLIV.
2123 3029 2157 3055 n.
2183 3029 2218 3067 3.

123 3047 229 3096 Epist„
260 3051 341 3089 XII.
361 3066 396 3092 n.
417 3058 450 3095 6.
489 3063 533 3094 Te
553 3071 636 3094 vero
660 3057 889 3094 Marcellinus
911 3058 963 3093 ita
988 3069 1130 3096 reverc-

118 3106 176 3142 tuf
187 3126 200 3148 ο
225 3112 266 3138 ue
292 3102 411 3144 iudicio
437 3119 495 3146 tuo
512 3108 708 3160 plurimum
731 3108 894 3155 tribuat,
921 3109 981 3146 ubi
1004 3120 1129 3160 perpe-

1200 3062 1354 3099 Come.

1245 3126 1262 3161 ς
1294 3118 1338 3152 Ut
1359 3114 1512 3166 meum]
1544 3114 1644 3202 Cffia
1668 3115 1789 3155 nostra
1809 3115 1968 3157 solemus
1991 3128 2113 3155 amare
2137 3144 2147 3158 ‚
2177 3117 2216 3156 8<

1619 3176 1638 3203 a
1660 3176 1681 3204 a
2110 3176 2219 3204 unus--
