2616 3686
325 205 431 264 280
597 208 657 259 C.
725 208 1114 260 etl-Nil
1178 205 2262 262 CAECILIISECUNDI

330 288 645 360 obtigerat,
695 300 819 343 ante
854 286 1156 358 legitimum
1201 278 1214 299 ¹
1248 288 1413 344 salarii
1437 302 1649 359 tempus
1676 286 1959 352 amififfet·,
1997 290 2148 363 quod
2175 303 2456 362 acceperat

333 357 538 416 scribae
563 362 783 416 daturus
810 399 825 425 ‚
864 362 1130 418 intellexit
1157 400 1172 425 ‚
1209 360 1263 415 &
1291 362 1467 417 statuit
1493 362 1757 418 subsidere
1783 361 1925 431 apud
1950 361 2001 415 se.
2030 380 2140 417 non
2177 378 2451 436 oportere.

331 428 518 507 Itaque
543 435 810 498 reversus,
850 434 1165 497 Caesarem,
1206 435 1438 497 deinde,
1475 434 1701 491 Caesare
1726 435 1973 497 auciore‚
1999 433 2234 491 senatum
2262 437 2452 493 consu-

330 505 460 572 luit,
497 507 630 579 quid
658 507 773 561 fieri
800 506 870 562 de
897 507 1084 562 salario
1109 507 1287 561 vellet.
1340 508 1356 555 .²
1384 507 1548 562 Parva
1571 507 1839 579 quaestio,
1878 506 2172 561 sed¹tamen
2197 509 2453 580 quaestio,

331 579 584 636 Heredes
634 580 835 635 scribae
892 578 1026 641 fibi,
1086 580 1103 607 ³
1137 579 1394 650 praefeffl
1430 584 1613 637 aerarii
1655 583 1858 652 pop'ulo
1887 578 2246 634 vindicabant.
2323 582 2458 639 Aeta

329 653 482 708 causa
517 652 591 706 est
618 691 634 716 ‚
682 651 820 707 dixit
865 651 1130 704 heredum
1181 649 1474 707 advocatus
1510 694 1527 720 ,
1577 653 1779 709 deinde
1814 653 1997 723 populi
2031 669 2042 705 :
2084 667 2313 723 uterque
2340 670 2461 724 per-

331 724 644 780 commode.
720 730 738 755 ⁴
773 722 1042 777 Caecilius
1080 721 1274 777 Strabo
1311 725 1517 779 aerario
1556 727 1760 782 censuit
1800 724 2145 780 inferendum
2179 743 2191 778 :
2233 725 2460 782 Baebius

333 797 524 855 Macer
566 793 857 851 heredibus
904 794 1165 850 dandum.
1189 795 1426 850 obtinuit
1454 797 1665 852 Strabo.
1743 797 1838 852 Tu
1866 797 2020 853 lauda
2044 798 2461 862 Marcellinum,

329 887 342 914 ⁵
387 885 443 924 ut
481 885 585 939 ego
624 869 797 923 statim
837 866 962 922 feci.
1000 870 1245 939 quamvis
1271 870 1415 923 enim
1444 868 1659 924 abunde
1682 869 1909 924 sufficiat
1936 872 2035 932 illi,
2071 872 2222 942 quod
2252 871 2324 934 est
2353 871 2408 925 ἅ
2434 891 2463 927 a

333 942 583 1010 Principe
622 941 677 995 &
716 959 745 994 a
782 938 979 995 Senatu
1018 940 1272 1010 probatus
1306 978 1323 1005 ‚
1367 940 1621 1012 gaudebit
1660 956 1838 996 tamen
1877 941 2181 997 testimonio
2231 956 2342 997 tuo.
2385 944 2463 998 O-

331 1032 478 1070 mnes
495 1015 671 1076 enim,
724 1015 817 1085 qui
856 1014 1023 1084 gloria
1066 1012 1314 1086 famaque
1351 1015 1658 1079 ducuntur,
1696 1017 1891 1069 mir‘um
1919 1016 1971 1067 in
2001 1016 2221 1068 modum
2247 1015 2464 1071 ass'enfio

331 1088 385 1142 &
422 1089 529 1142 laus
557 1104 585 1140 a
615 1085 913 1142 minoribus
940 1088 1102 1140 etiam
1129 1085 1367 1157 profet‘ia
1398 1086 1643 1142 delefflat.
1700 1086 1790 1142 Te
1817 1104 1949 1141 vero
1975 1085 2319 1142 Marcellinus
2343 1087 2366 1119 ⁶
2393 1092 2465 1146 ita

330 1175 613 1218 reveretur
640 1199 655 1226 ,
705 1172 763 1215 ut
794 1159 1006 1230 judicio
1046 1173 1142 1215 tuo
1178 1160 1472 1233 ,plurimum
1516 1160 1731 1216 tribuat·
1807 1158 2043 1215 Accedit
2077 1159 2156 1214 his
2189 1196 2204 1223 ‚
2244 1161 2397 1233 quod
2429 1162 2464 1217 fi

2261 1249 2466 1306 cogno-

377 1373 398 1414 ’τ
429 1373 609 1424 salarii.]
646 1373 829 1412 Salarium
860 1383 999 1412 merces
1031 1384 1156 1413 annua
1190 1373 1358 1414 laborum

330 1425 484 1465 dicitur:
510 1434 546 1463 at
568 1426 731 1475 salarius
767 1425 830 1474 qui
864 1424 1074 1464 sallanienta
1106 1425 1246 1465 vendit.
1287 1428 1363 1465 CA-

331 1489 425 1515 ·nu.
455 1477 598 1514 salarii.
621 1475 637 1526 ]
675 1475 857 1513 Salarium
893 1487 913 1513 a
934 1475 1006 1514 sale
1024 1477 1206 1525 originem
1229 1477 1360 1521 habet,

1434 1375 1527 1415 rario
1545 1376 1731 1428 populoque
1754 1373 1994 1414 vindicabant
2020 1371 2031 1419 ,”

1436 1428 1557 1466 oribus
1581 1428 1714 1479 scriptis
1729 1457 1739 1474 ,
1765 1426 1833 1464 Ed.
1857 1425 1944 1464 Vet.
1970 1427 2008 1464 ὃ(
2029 1424 2172 1462 Aldinis
2193 1424 2358 1464 habetur.
2397 1428 2468 1468 Sed

1435 1478 1632 1518 sufficiebat
1666 1477 1790 1517 dixisse
1823 1489 1886 1518 aut
1917 1477 2053 1515 aenaria
2077 1504 2087 1520 ,
2117 1484 2178 1512 aut
2201 1476 2350 1525 popu103
2381 1490 2467 1517 cum

2068 1382 2163 1423 quae
2182 1373 2292 1411 etiam
2313 1376 2350 1413 in
2374 1376 2469 1415 iuni-
2546 1378 2550 1381 ’

331 1528 482 1578 ejusque
514 1540 657 1566 nomen
690 1526 878 1565 honoribus
910 1527 1022 1565 etiam
1055 1528 1274 1580 militiaeque
1305 1529 1364 1567 in-

330 1579 524 1628 terponitur
541 1607 551 1623 ,
573 1579 719 1628 salariis
748 1577 830 1616 inde
859 1578 959 1616 distis
985 1607 995 1624 ‚
1033 1587 1075 1616 ut
1097 1579 1244 1618 testatur
1273 1581 1363 1619 Plin.

327 1628 403 1667 sen.
424 1629 506 1667 Lib.
532 1630 601 1668 III.
624 1642 699 1680 cap.
724 1629 810 1666 Vll.
839 1630 1003 1667 Annona
1027 1632 1160 1682 cuique
1193 1631 1365 1671 destinata

328 1681 370 1718 &
394 1679 565 1729 assignata
588 1679 634 1717 sic
656 1681 783 1718 dicitur
804 1680 901 1729 apud
921 1681 1072 1730 Vopisc.
1085 1684 1120 1720 in
1137 1682 1363 1722 Aureliano:

328 1729 392 1768 Illi
424 1737 574 1769 Romam
608 1731 765 1769 ‘venienti
794 1731 934 1779 salaria
961 1732 1021 1780 sui
1045 1733 1177 1771 ordinis
1194 1734 1282 1782 sunt
1307 1736 1364 1774 de-

331 1793 444 1819 creta.
483 1783 613 1821 Latius
637 1782 747 1821 etiam
771 1780 990 1830 stipendium
1015 1784 1053 1820 ὃς
1087 1785 1290 1823 commoda
1322 1786 1367 1824 fi-

327 1832 528 1882 gnificavit.
567 1832 667 1872 Vide
698 1832 857 1871 Plinium
892 1833 974 1871 Lib.
1005 1832 1188 1873 XXXIV.
1221 1848 1297 1886 cap.
1333 1850 1367 1887 3.

327 1883 428 1933 apud
461 1883 629 1924 Turneb.
662 1883 815 1923 Advers.
851 1884 930 1922 Lib.
966 1882 1111 1922 XVIII.
1155 1896 1231 1936 cap.
1273 1887 1367 1932 «XX.

326 1934 491 1980 ‚Vama

380 1998 403 2024 2
436 1994 561 2023 Parva
590 1985 780 2074 1quaestio,
821 1986 885 2035 sed
920 1995 1043 2024 tamen
1072 1987 1272 2038 quaestio.]
1314 1989 1368 2029 Ita

331 2037 499 2076 Riccard.
520 2037 585 2074 Vo
613 2035 623 2074 ’.
650 2034 803 2076 Helmst.
828 2038 942 2075 Arnz.
997 2038 1079 2076 Nec
1103 2040 1174 2077 abit
1196 2039 1264 2077 Ed.
1281 2041 1367 2079 Vet.

332 2099 379 2126 ex
403 2100 475 2139 qua
496 2089 614 2137 legas:
645 2094 772 2125 Parva
796 2087 969 2138 quaestio,
989 2089 1053 2138 sed
1075 2090 1222 2139 quaestio
1236 2102 1369 2130 tamen.

331 2138 501 2178 Barthius
527 2138 716 2188 castigabat
740 2152 748 2176 :
785 2148 906 2189 parva
933 2168 942 2184 ,
963 2140 1028 2188 sed
1050 2151 1172 2179 tamen
1196 2142 1368 2192 quaestio,

331 2198 445 2240 atquc
467 2193 515 2229 ita
539 2190 651 2228 edidit
680 2190 852 2228 Cellarius
876 2220 886 2236 ,
913 2192 962 2228 ita
984 2190 1071 2230 solet
1092 2193 1168 2231 aliis
1189 2193 1279 2232 locis
1301 2195 1369 2232 Pli-

329 2242 421 2279 nius.
476 2238 576 2279 Vid'e
597 2241 710 2290 ·supra
740 2241 786 2279 ad
818 2242 898 2279 Lib.
932 2241 1000 2279 ΙΙΙ.
1035 2243 1143 2292 Epist.
1179 2244 1246 2282 IV.
1274 2257 1308 2283 n.
1339 2259 1368 2294 ς.

333 2296 463 2330 Verum
496 2292 606 2330 etiam
640 2290 705 2329 alii
740 2292 886 2343 quidam
921 2294 1086 2332 minores
1114 2323 1124 2339 ,
1161 2294 1221 2333 sed
1243 2304 1368 2335 tamen

332 2346 484 2382 numeri.
543 2343 614 2382 Sed
646 2343 714 2380 illic
748 2344 856 2382 etiam
893 2343 1055 2390 videbis,
1083 2345 1163 2383 alibi
1184 2346 1291 2394 plene
1314 2348 1369 2386 lo-

334 2402 462 2432 cutum
488 2393 582 2438 effe,
614 2403 652 2432 ut
673 2406 756 2433 raro
771 2393 915 2441 studeo,
934 2393 1057 2442 studeo
1079 2408 1212 2435 tamen.
1242 2397 1370 2448 Itaque

335 2456 422 2482 cum
448 2446 640 2484 Mediceus
664 2445 762 2483 nude
787 2446 953 2483 exhibeat
984 2459 992 2483 :
1035 2453 1161 2484 Parva
1208 2450 1370 2497 quaestio.

334 2497 485 2534 Heredes
509 2505 576 2535 cet.
598 2498 725 2534 ceteris
750 2496 908 2540 omissis,
935 2497 1145 2536 verosimile
1175 2497 1239 2544 fit,
1268 2502 1372 2550 quod

335 2546 497 2586 librarius
532 2547 754 2584 vocabu'um
787 2546 935 2596 quaestio
965 2549 1016 2586 bis
1048 2549 1284 2599 perscriptum
1319 2554 1373 2591 in-

338 2600 492 2639 venerit.
548 2600 674 2646 Quare
723 2598 767 2635 ab
817 2599 878 2635 Vu
893 2609 995 2647 gata,
1023 2611 1119 2649 quae
1169 2603 1206 2640 δε
1246 2602 1373 2650 mdo,

339 2649 513 2698 Grypliio
547 2651 749 2700 ceterisque
782 2648 850 2686 sese
886 2651 1076 2699 probavit,
1105 2663 1182 2688 non
1203 2652 1250 2690 est
1275 2664 1375 2693 rece-

341 2698 518 2737 dentium.
575 2701 637 2739 De
669 2699 882 2750 quaestione
907 2700 976 2750 ipsa
996 2702 1080 2740 vide
1106 2703 1231 2741 Cuiac.
1255 2703 1374 2744 Tom.

343 2747 409 2786 lll.
446 2752 543 2800 Opp.
579 2761 660 2800 pag.
683 2763 764 2799 441.
787 2752 849 2799 qui
875 2764 917 2789 cx
942 2752 1014 2789 hoc
1035 2753 1120 2790 loco
1143 2754 1266 2803 paullo
1287 2756 1375 2794 libe-

346 2802 447 2836 κωκυ.
470 2802 637 2886 τιιίὶῑῆηῃαῑ
653 2831 662 2847 ,
691 2801 844 2841 heredes
867 2801 1032 2843 defuncti
1056 2805 1161 2843 unius
1183 2806 1269 2844 anni
1291 2806 1375 2845 sala-

346 2859 394 2885 11³
419 2861 495 2886 ‘ictu
529 2865 556 2888 C.

395 2910 412 2945 3
448 2903 611 2954 iffae-,secli
627 2930 635 2942 ‚
663 2901 761 2956 cyon]
795 2904 925 2951 Lego:
951 2907 1122 2945 Haeredes
1139 2906 1370 2958 scribaefibi.·

341 2951 671 3002 Prxtcltecfttaararn
699 2979 708 2993 ‚
747 2955 881 2990 aerario
901 2957 1087 3006 populoque
1118 2958 1374 2999 vindicabant.

343 2998 562 3036 Geminam
596 3000 755 3042 ciuilium
790 3005 890 3040 vocis
921 3006 1004 3042 huic
1028 3008 1113 3044 loco
1137 3007 1250 3048 fraudi
1280 3009 1371 3053 fuit,

342 3057 384 3086 Ut
417 3048 489 3086 allis
528 3048 535 3060 l
555 3049 728 3084 Roman«)
764 3062 866 3086 mort
897 3053 1055 3100 loquis]
1082 3057 1266 3098 sexcentis·
1297 3060 1373 3098 Ca.

343 3110 452 3150 μυ».
481 3098 669 3139 Nimirum
694 3098 837 3147 vulgata
859 3100 971 3140 lcum
997 3114 1071 3144 erat
1095 3119 1103 3143 :
1126 3109 1291 3158 praefecti
1314 3121 1372 3150 ae.

1434 1530 1571 1568 Plinius
1594 1531 1775 1567 aerarium
1797 1527 1953 1578 populi,
1979 1528 2018 1566 δε
2033 1526 2160 1577 fiscum
2185 1527 2352 1577 principis
2374 1529 2469 1568 sem-

1435 1592 1500 1629 per
1522 1580 1721 1630 distinguat.
1745 1579 1830 1618 vide
1849 1580 1982 1626 Paneg.
2006 1576 2278 1627 cap.XXXVI.
2293 1580 2330 1617 &
2344 1579 2469 1620 XLII.

1436 1631 1631 1670 Veriffima
1655 1631 1703 1670 est
1725 1632 1897 1681 scriptura
1918 1630 2094 1667 Catanaei
2119 1641 2129 1666 ε
2154 1629 2320 1677 praescisti
2344 1633 2470 1671 aerarii

1437 1683 1579 1733 populo
1613 1682 1854 1721 vindicabant
1878 1710 1888 1727 ‚
1927 1682 1984 1718 cui
2005 1681 2079 1719 iam
2102 1679 2296 1718 auctoritas
2319 1679 2470 1720 Floren-

1438 1736 1597 1772 tinarum
1631 1735 1930 1772 membranarum
1964 1730 2114 1770 accedat
2138 1759 2149 1776 ,
2176 1732 2214 1768 in
2237 1732 2365 1781 quibus
2386 1732 2470 1772 vifi-

1438 1793 1515 1823 tur:
1542 1786 1707 1834 praefecti
1729 1787 1843 1824 aerari
1865 1784 2006 1835 populo
2032 1782 2281 1820 vindicabant.
2333 1785 2470 1823 Aerari

1438 1836 1649 1886 scripserunt
1671 1838 1827 1887 antiquo
1850 1847 1957 1875 more
1972 1863 1983 1880 ,
2002 1842 2043 1872 ut
2061 1833 2221 1882 aedifici,
2243 1833 2366 1886 impari
2380 1863 2390 1880 ,
2412 1844 2470 1885 pe-

1438 1887 1505 1925 culi
1529 1889 1568 1926 &
1591 1886 1727 1927 fimilia.
1757 1890 1798 1926 In
1822 1888 1936 1926 Arnz.
1960 1887 2071 1925 etiam
2090 1884 2211 1936 populo
2227 1912 2238 1931 ,
2266 1884 2341 1924 stne
2365 1886 2469 1925 Con-

1438 1939 1629 1984 iunciione
1650 1940 1814 1978 habetur.

1486 2012 1510 2047 4
1536 1999 1709 2040 Caecilius
1746 1999 1932 2049 strabo.]
1974 2000 2128 2048 Legitur
2177 2000 2287 2037 etiam
2327 1998 2470 2038 Caelius

1440 2050 1567 2089 Strabo
1582 2080 1592 2098 ,
1620 2051 1681 2090 sed
1704 2052 1835 2091 nullius
1855 2051 1952 2100 apud
1975 2051 2087 2088 alium
2119 2050 2333 2099 quempiam
2365 2062 2473 2090 men-

1440 2103 1583 2140 tionem
1607 2103 1766 2141 habitam
1798 2102 1966 2140 memini.
1994 2102 2084 2139 Hoc
2104 2108 2248 2138 tantum
2273 2102 2384 2139 velim
2407 2102 2470 2142 ad-

1441 2152 1649 2199 monuiffe,
1679 2156 1716 2193 ὃ(
1739 2153 1947 2191 Strabonem
1973 2154 2011 2191 ὅ(
2031 2152 2175 2190 Bebium
2200 2151 2304 2190 fuisse
2327 2153 2466 2192 Consu-

1438 2204 1488 2243 les
1511 2204 1740 2252 designatos,
1769 2207 1830 2255 qui
1849 2205 1908 2252 jus
1927 2203 2095 2243 censendi
2117 2203 2298 2241 habebant
2322 2233 2332 2249 ,
2371 2206 2410 2243 &
2428 2205 2464 2243 in

1440 2255 1541 2294 causa
1574 2257 1659 2303 Julii
1693 2256 1783 2294 Basti
1825 2255 2037 2294 Secundum
2071 2253 2276 2302 designatos
2307 2255 2467 2296 consules

1438 2306 1642 2345 nominaffe
1665 2307 1808 2345 Bobium
1834 2312 2001 2345 Macrum
2017 2334 2027 2350 ‚
2055 2308 2093 2344 &
2116 2306 2322 2348 Caepionem
2343 2305 2464 2355 Hispl·

1437 2369 1525 2394 num
1540 2387 1550 2403 ,
1577 2370 1656 2396 non
1679 2358 1842 2396 Caelium
1864 2356 2083 2395 Strabonem.
2114 2357 2269 2395 Cir-mu.

1490 2434 1508 2469 ς
1540 2426 1585 2459 Ut
1605 2436 1659 2472 ego
1675 2421 1804 2469 statim
1820 2418 1930 2469 feci.]
1962 2419 2063 2458 Nihil
2084 2419 2221 2457 horum
2235 2419 2271 2454 in
2286 2410 2454 2470 Mediceo

1439 2471 1563 2510 visitur
1591 2502 1601 2517 ‚
1639 2474 1698 2511 cui
1733 2472 1810 2511 fere
1842 2469 1989 2509 accedo.
2046 2470 2136 2507 Non
2160 2465 2259 2523 quod
2282 2460 2456 2531 dlsl’llc}eat

1438 2525 1592 2562 verbum
1607 2525 1703 2571 feci,
1731 2536 1815 2561 cum
1840 2522 1927 2562 illud
1949 2521 2075 2570 paffim
2097 2521 2165 2558 hac
2186 2528 2219 2570 v}
2249 2509 2356 2565 apud
2374 2511 2456 2546 ῘΝΟ-

1438 2574 1548 2613 strum
1584 2576 1786 2614 adhibitum
1822 2575 1999 2624 reperiam
2022 2600 2032 2615 ,
2068 2569 2125 2607 sed
2184 2572 2240 2616 1¹¹²,
2268 2569 2384 2597 0m110
2408 2562 2455 2619 y&

1441 2626 1620 2665 concisior
1639 2654 1650 2671 ‚
1700 2627 1741 2664 8(
1775 2625 1960 2663 venustior
1985 2651 1995 2666 ‚
2040 2621 2092 2659 his
2123 2626 2159 2651 ¹⁶
2174 2611 2280 2654 θὼς,
2309 2610 2455 2666 evadit,

1441 2688 1563 2730 neque
1593 2679 1653 2717 hic
1684 2676 1729 2718 de
1760 2676 1866 2718 laude
1887 2687 1907 2713 a
1928 2672 2044 2714 Plinio
2065 2661 2227 2718 profe&a
2251 2660 2379 2710 flgefldl
2402 2662 2456 2699 10·

1442 2741 1503 2767 cus
1526 2738 1611 2768 erar.

1491 2801 1514 2836 6
1544 2805 1602 2837 Ita
1624 2794 1846 2844 rever-etun]
1874 2789 1977 2828 MSS.
1999 2781 2162 2822 Riccal‘d.
2188 2781 2289 2819 VUff
2304 2783 2457 2822 Heil‘ssst.

1443 2853 1571 2891 Oxou·
1601 2851 1715 2890 Arm„
1744 2845 1809 2886 Ed,
1843 2842 1927 2881 Vct.
1961 2834 2075 2872 Aldus
2100 2862 2109 2876 ‚
2138 2833 2347 2881 Gryphiu„
2377 2835 2457 2874 alii:

1441 2904 1495 2940 ita
1527 2900 1671 2938 v'eretur
1694 2926 1704 2941 ,
1741 2905 1834 2942 quae
1867 2887 1975 2925 verba
1998 2888 2035 2923 δε
2054 2885 2133 2923 alibi
2156 2885 2191 2923 iu
2217 2885 2268 2921 his
2293 2884 2459 2932 lipistolis

1442 2948 1728 2989 confunduntur.
1755 2943 1852 2979 Vide
1873 2936 1962 2974 infra
1985 2937 2030 2973 ad
2058 2936 2136 2972 Lib.
2162 2936 2207 2972 V.
2234 2935 2461 2983 I-Lpist.x[11.

1439 3014 1474 3040 n,
1502 3015 1530 3040 1,
1559 2996 1683 3038 Sensus
1707 2994 1787 3030 fane
1806 2987 1957 3042 postu'at
1982 2999 1989 3024 z
2027 2987 2080 3024 ita
2103 2998 2285 3039 reperetur
2311 3015 2320 3030 ,
2348 2987 2459 3039 idque

1439 3049 1587 3106 praestat
1617 3043 1806 3081 Mediceus
1829 3070 1839 3085 ,
1889 3042 1925 3076 ἃ
1958 3038 2094 3077 multae
2127 3037 2220 3079 hdd.
2261 3038 2458 3084 exhibent,

1440 3109 1549 3144 ctiam
1573 3094 1629 3139 Cl.
1648 3094 1787 3136 Minois
1809 3093 1848 3134 ὅ(
1872 3090 2029 3134 Gruteri.
2349 3153 2366 3182 ι
2398 3138 2460 3189 Ψ.
