2616 3686
170 282 276 329 <cat
299 258 547 328 Romae,
578 274 668 318 aut
693 259 1053 317 commodum
1076 257 1151 312 est
1177 257 1365 311 audire
1392 260 1745 326 recitantem)
1782 260 2101 317 foediffimis
2138 268 2276 322 insu-

176 358 282 414 ‘per
305 328 697 408 tempestatibus
720 351 817 406 per
843 330 1064 387 biduum
1094 341 1485 384 convenerunt.
1512 344 1746 397 cumque
1772 330 2027 386 modestia
2065 351 2194 388 mea·
2216 339 2274 391 fi-

183 402 306 468 nem
334 408 638 466 recitationi
662 406 837 473 faeere
870 401 1141 463 voluisset,
1182 413 1243 455 ut
1285 400 1574 470 adjicerem
1610 401 1825 453 tertium
1867 401 2037 466 diem,
2077 423 2274 478 exege-

164 494 327 538 ”runt
403 479 545 534 Mihi
569 480 711 540 hunc
737 478 1002 531 honorem
1027 473 1269 528 habitum
1294 487 1512 544 putem,
1549 488 1613 524 an
1638 472 1850 525 studiis?
1891 471 2069 528 studiis
2110 482 2274 542 malo,

163 579 166 582 ⁴
187 570 325 625 quae
345 568 513 622 prope
539 571 553 591 ¹
575 541 821 605 exstinsta
843 546 1178 602 refoventur.
1252 546 1329 600 At
1352 547 1440 599 cui
1466 542 1713 598 materiae
1738 563 1755 581 2
1776 542 1912 597 hanc
1941 544 2272 604 sedulitatem

187 623 586 695 praestiterunt?
626 630 641 658 ³
663 636 857 690 nempe
878 635 1041 689 quarn-
1064 619 1120 673 in
1148 617 1346 672 Senatu
1373 632 1592 687 quoque
1630 652 1646 677 ,
1683 614 1773 669 ubi
1816 618 2023 686 perpeti
2067 620 2277 674 necesse

191 708 329 759 erat,
363 694 563 765 gravari
591 706 766 746 tamen
791 692 874 746 vel
899 691 1100 763 puncto
1128 690 1387 758 temporis
1420 687 1714 742 solebamus
1745 724 1761 747 ‚
1798 699 1816 724 ⁴
1847 688 2096 743 eamdem
2134 708 2276 746 nune

192 766 248 820 δι
282 768 377 839 qui
406 767 627 820 recitare
650 801 668 827 ‚
715 764 770 816 &
806 764 899 834 qui
935 763 1123 816 audire
1157 761 1342 815 triduo
1376 760 1570 822 velint,
1609 759 1980 815 inveniuntur:
2020 778 2128 816 non
2153 764 2279 834 quia

174 837 521 906 eloquentius
539 852 702 908 quam
723 835 898 906 priuS,
935 834 1026 888 sed
1049 835 1173 906 quia
1207 831 1462 894 liberiuS,
1491 835 1504 861 ⁵
1558 829 1792 901 ideoque
1828 833 1988 887 etiam
2028 834 2279 890 libentius

184 907 440 962 scribitur.
514 906 760 962 Accedet
786 922 917 976 ergo
943 907 1047 960 hoc
1073 920 1291 977 quoque
1316 903 1559 958 laudibus
1594 902 1849 982 Principis
1887 904 2087 968 nostri,
2124 907 2274 978 quod

183 995 263 1033 res
286 992 436 1033 antea
461 992 567 1034 tam
593 979 750 1033 invisa
773 995 931 1050 quam
966 978 1115 1040 falsa,
1156 993 1300 1032 nunc
1327 989 1385 1029 ut
1414 993 1539 1030 vera
1564 1012 1581 1036 ‚
1639 988 1715 1027 lta
1747 974 1976 1031 amabilis
2014 977 2146 1032 faeta
2184 978 2274 1034 est.

166 1048 288 1103 -Sed
321 1064 424 1119 ego
461 1068 586 1106 cum
607 1049 840 1104 studium
861 1049 1221 1112 audientium,
1259 1061 1376 1101 tum>
1396 1046 1662 1117 judicium
1690 1046 1825 1099 mire
1855 1046 2095 1116 probavi.
2133 1047 2151 1070 ⁶
2197 1052 2272 1103 A·

167 1121 500 1176 ¹nimadverti
525 1125 666 1177 enim
692 1122 1007 1176 severissima
1033 1137 1277 1191 quaeque
1306 1119 1389 1172 vel
1413 1119 1642 1172 maxime
1669 1116 1984 1172 satisfacere.
2038 1118 2271 1176 Memini

183 1190 431 1261 ¹quidem,
470 1210 555 1248 me
580 1211 690 1248 non
715 1195 893 1247 multis
917 1191 1152 1246 recitasse
1178 1189 1329 1263 quod
1361 1189 1607 1244 omnibus
1633 1188 1808 1258 scripsi
1837 1208 1849 1243 :
1908 1190 2075 1246 nihilo
2102 1193 2277 1247 minus

166 1273 387 1327 xamen,
422 1276 673 1338 tanquam
700 1266 759 1319 sit
784 1265 972 1320 eadem
1001 1265 1243 1318 omnium
1265 1262 1444 1317 futura
1470 1261 1725 1316 sententia
1753 1299 1767 1324 ‚
1808 1281 1824 1308 ⁷
1857 1261 1957 1316 hac
1998 1262 2276 1345 severitate

2069 1352 2277 1392 aurium

165 1479 378 1521 >numquam
396 1472 520 1518 porro.
542 1482 607 1510 aut
627 1473 736 1510 valde
756 1481 867 1508 vacat
885 1477 1013 1509 Romae
1026 1498 1036 1513 ‚
1063 1481 1110 1508 eo
1133 1481 1194 1519 ge-

180 1532 267 1558 nere
291 1523 485 1569 elegantiae
509 1550 519 1566 ,
557 1534 633 1571 quo
663 1523 764 1570 supra
796 1521 902 1569 Epist.
945 1521 1050 1557 XIV.
1088 1531 1124 1556 n.
1166 1533 1197 1558 1.

1302 1475 1474 1508 Romanos
1496 1469 1594 1506 odere
1618 1480 1736 1506 omnes
1762 1469 2001 1520 dominosque
2023 1478 2228 1518 gravantur.

175 1577 305 1617 parum
339 1574 375 1608 ἀ
408 1572 554 1608 nimium
595 1573 818 1620 copulantur.
866 1569 936 1607 Sed
965 1571 1066 1606 locus
1110 1570 1194 1608 talia
1254 1567 1458 1606 Geminum
1481 1568 1529 1607 est
1552 1568 1700 1617 Apuleii
1725 1569 1941 1607 auditionem
1960 1572 2146 1618 gravari,
2174 1573 2278 1622 quod

182 1629 259 1656 non
277 1620 457 1665 admittit,
486 1624 523 1659 ὃς
544 1633 625 1657 raro
650 1621 754 1669 plane
776 1619 1005 1658 retinendum
1029 1618 1084 1656 est.

236 1682 251 1706 1
284 1669 501 1720 Exstinefa.]
531 1670 728 1719 Deperdita
750 1670 970 1718 superiorum
988 1670 1190 1717 principum

181 1718 324 1756 saevitia
344 1721 549 1768 praesertim
568 1721 730 1758 liberiora
751 1719 885 1757 studia:
913 1727 952 1756 ut
977 1724 1106 1764 (vetus
1127 1730 1192 1757 co-

183 1770 354 1814 moedia,
382 1771 443 1807 &l
467 1770 604 1818 satyra,
631 1771 670 1807 &
690 1769 839 1808 historia.
869 1769 1023 1806 Cum.

233 1830 254 1855 2
283 1826 386 1856 Hanc
404 1821 645 1869 sedulitatem.
666 1819 682 1870 ]
712 1819 766 1859 Ut
787 1821 847 1869 qui
867 1831 929 1868 per
953 1819 1104 1857 biduum
1127 1833 1192 1858 au-

184 1866 373 1911 diverunt,
401 1871 503 1917 quod
537 1870 640 1908 simili
669 1871 808 1908 ratione
838 1869 931 1908 infra
952 1868 1105 1907 laborem
1123 1882 1192 1909 vo-

187 1924 242 1952 cat
266 1918 343 1954 Lib.
369 1920 434 1956 IV.
458 1920 562 1968 Epist.
586 1922 636 1958 V.
655 1920 805 1959 Banu.

238 1977 256 2014 3
289 1973 426 2017 Nempe.
447 1969 462 2018 ]
500 1970 746 2009 praestiterunt
779 1972 810 2008 ei
832 1973 1003 2010 materiae
1022 1971 1118 2008 hanc
1139 1971 1192 2010 se-

186 2013 373 2055 dulitatem
387 2047 397 2062 ‚
424 2031 533 2069 quarn
547 2031 696 2070 quoque
708 2021 948 2070 praestiterant
969 2023 1006 2060 in
1031 2022 1165 2059 Senatu
1178 2051 1189 2068 ,

185 2075 268 2102 cum
292 2070 449 2114 primum
472 2070 544 2108 dixi
566 2083 575 2107 :
603 2071 750 2119 perinde
771 2083 813 2108 ac
834 2071 859 2108 fi
881 2071 1029 2110 inferret
1050 2099 1060 2115 ,
1088 2073 1191 2121 quod

184 2125 259 2151 non
291 2126 431 2156 tantum
461 2119 633 2158 deberent
664 2123 741 2170 capi
762 2122 798 2158 in
821 2123 1030 2163 recitatione
1049 2122 1124 2170 ejus
1148 2135 1190 2160 o-

184 2167 350 2211 rationis,
377 2179 488 2217 quam
508 2169 616 2209 semel
634 2172 856 2210 audiverant.
895 2173 1048 2211 Cei-rau.
1098 2171 1190 2211 Illud

184 2227 290 2262 quam
314 2217 419 2256 refert
443 2220 641 2260 Catanaeus
662 2221 707 2260 ad
720 2221 960 2270 sedulitatem.
987 2223 1131 2260 Verum
1144 2225 1191 2260 ita

182 2266 331 2314 sequens
348 2271 497 2318 gravari
521 2282 599 2308 non
618 2272 750 2317 habet,
775 2272 873 2310 unde
894 2271 1062 2321 pendeat.
1113 2273 1192 2310 Lo·

185 2325 244 2351 ctu
266 2329 347 2355 mea
366 2319 538 2358 sententia
558 2321 725 2366 vitiosus,
752 2322 1024 2372 legendumque
1038 2350 1049 2366 ,
1077 2333 1194 2371 nempe

183 2377 253 2413 qua
274 2367 309 2402 in
323 2368 452 2416 senatu
472 2383 610 2421 quoque.
665 2373 794 2416 Ordo,
821 2384 890 2427 qua
926 2372 1120 2418 (materia)
1137 2374 1193 2420 so-

182 2416 339 2454 lebamus
357 2420 509 2467 gravari
527 2421 710 2470 insensum
734 2450 745 2466 ,
772 2422 830 2459 uhi
854 2421 972 2471 necesse
1015 2431 1092 2459 erat
1113 2427 1196 2470 'pter-

175 2466 248 2515 peti
273 2495 283 2510 ,
322 2471 464 2506 eandem
500 2469 738 2520 (materiam)
768 2470 891 2508 audire
914 2471 972 2520 qui
1001 2470 1115 2508 velint
1141 2483 1195 2510 re-

182 2518 375 2564 periuntur.
429 2520 574 2557 Vitium
608 2533 654 2559 ex
690 2534 736 2559 eo
767 2530 893 2558 natum
917 2549 927 2565 ,
964 2523 1048 2571 quia
1074 2522 1194 2570 primo

173 2578 333 2619 :iunfflm
359 2580 424 2618 fuit
446 2581 613 2631 scriptum
629 2611 639 2627 ,
675 2575 782 2632 quam
788 2585 917 2633 senatu
933 2612 942 2627 ,
971 2581 1101 2620 deinde
1113 2595 1196 2621 rnu-

186 2633 297 2672 tatum
322 2634 359 2668 in
380 2644 488 2681 quam
503 2660 513 2676 ,
535 2635 618 2682 quia
640 2633 851 2680 sequebatur
871 2634 1038 2671 eamdem.
1052 2634 1196 2672 Sensi:-

140 2716 147 2721 .
178 2684 272 2717 'nm
298 2681 402 2719 Haec
422 2682 506 2720 sane
527 2683 766 2731 indignissima
791 2712 802 2729 ‚
838 2685 920 2722 licet
943 2684 1043 2723 fateri
1068 2683 1197 2722 debea-

189 2732 270 2768 mus
291 2757 302 2773 ,
337 2743 407 2780 qua
438 2737 476 2773 in
506 2735 726 2771 membranis
759 2734 936 2772 Mediceis
966 2735 1130 2782 reperiri,
1158 2743 1198 2772 ut

185 2780 322 2829 ‘Empe
341 2782 449 2819 talem
473 2783 783 2822 constructionem
805 2784 918 2823 Verbi
940 2786 1093 2832 gravari
1125 2784 1198 2822 sae-

198 2824 327 2867 wffime
346 2841 592 2880 corruperunt.
618 2836 740 2883 Qam
765 2836 921 2872 omnino
942 2834 986 2871 ad
1010 2835 1198 2872 materiam

1254 1620 1327 1656 iam
1348 1619 1507 1656 laudavit
1529 1620 1697 1656 Gronov.
1719 1618 1766 1655 ad
1788 1620 1913 1657 Senec.
1935 1619 2090 1669 Thyest.
2118 1632 2172 1660 vs.
2198 1624 2280 1661 106,

1301 1679 1325 1713 4
1351 1668 1535 1706 Eamdem
1568 1679 1659 1705 nunc
1689 1679 1732 1706 ο·
1769 1669 1829 1717 qui
1862 1671 2021 1708 recitare.
2047 1669 2063 1720 ]
2104 1671 2162 1709 Sic
2195 1672 2278 1712 scri-

1251 1717 1415 1755 bendum
1449 1729 1495 1755 ex
1525 1718 1619 1755 libris
1650 1718 1806 1756 vetustis.
1844 1719 1946 1758 Male
1979 1723 2200 1761 recentiores
2218 1735 2279 1762 ea-

1252 1767 1330 1806 dem
1345 1795 1355 1812 ,
1383 1768 1480 1805 male
1505 1769 1616 1806 etiam
1635 1768 1802 1812 recitari3
1832 1769 1935 1818 quod
1958 1768 1984 1806 fi
2005 1771 2146 1811 obtinet
2161 1802 2172 1819 ‚
2199 1786 2279 1824 quo

1251 1816 1459 1856 commodo
1473 1846 1484 1862 ‚
1514 1829 1661 1868 quaque
1692 1818 1868 1866 elegantia
1890 1820 2032 1858 recitari
2054 1850 2064 1866 ,
2090 1833 2134 1862 ω’
2156 1826 2278 1863 audire

1251 1867 1380 1905 volunt
1418 1870 1691 1916 coniunguntur
1718 1867 1732 1904 ?
1771 1871 1918 1907 recitare
1953 1871 2063 1909 exstat
2093 1874 2129 1909 in
2152 1874 2276 1914 Medi-

1251 1929 1343 1963 ceo,
1372 1919 1534 1957 Riccard.
1568 1917 1673 1956 Voss.
1705 1919 1743 1957 &
1777 1920 1931 1957 Helmst.
1952 1932 2020 1958 nec
2041 1922 2141 1960 aliter
2157 1924 2275 1964 Aldus

1250 1969 1289 2005 ὃς
1321 1969 1518 2018 Gryphius.
1572 1970 1670 2016 Quia
1701 1977 1828 2008 tamen
1859 1970 1896 2006 in
1930 1974 2130 2010 veterrimo
2164 1975 2275 2015 exstat

1248 2031 1319 2068 qua
1350 2021 1388 2057 δε
1420 2020 1541 2057 eadem
1567 2047 1577 2064 ‚
1615 2018 1821 2057 videndum
1857 2020 2012 2066 censeo,
2039 2035 2085 2060 an
2107 2023 2275 2073 scripserit

1251 2069 1461 2107 Secundus:
1488 2079 1604 2116 nempe
1627 2070 1780 2118 quaein
1808 2071 1937 2121 senatu
1968 2085 2161 2123 quoque...
2191 2088 2276 2124 gra-

1251 2120 1610 2169 vari...solebamus‚
1639 2120 1768 2157 eadem
1782 2134 1874 2157 nunc
1896 2132 1940 2161 <5-
1961 2123 2021 2168 qui
2043 2124 2187 2162 recitare
2206 2134 2275 2165 cet.

1300 2183 1317 2219 5
1351 2172 1491 2220 Ideoque
1533 2171 1641 2208 etiam
1684 2170 1861 2208 libentius.
1884 2171 1900 2220 ]
1951 2174 2125 2220 Optimus
2150 2188 2160 2212 ε
2204 2176 2277 2214 ideo

1251 2220 1360 2258 etiam
1381 2221 1552 2258 libentius.
1608 2221 1642 2258 Si
1664 2228 1812 2269 propter
1836 2222 2051 2259 concursum
2075 2225 2138 2258 τόν
2161 2228 2276 2273 que&

1248 2271 1358 2306 etiam
1380 2272 1535 2308 alterum
1560 2269 1706 2313 omisit,
1735 2269 1857 2307 frustra
1879 2273 2009 2307 timuit.
2045 2271 2200 2312 Helmst.
2232 2274 2275 2311 li-

1252 2319 1364 2356 berius
1398 2332 1549 2369 quoque
1580 2320 1715 2368 ideoque
1746 2319 1912 2357 libentius
1934 2320 2118 2369 scribitur.
2162 2325 2276 2365 Arnz.

1253 2368 1417 2406 libentius
1433 2369 1598 2415 stabitur.

1302 2418 1326 2453 6
1375 2419 1631 2456 Animadverti
1677 2418 1768 2455 enim
1817 2418 2032 2458 severiffima
2082 2424 2274 2475 quaeque.]

1255 2468 1384 2506 Oxon.
1407 2469 1608 2506 Lindenbr.
1632 2471 1669 2507 ὃς
1693 2470 1806 2507 Arnz.
1834 2471 1993 2508 Adverti
2015 2473 2120 2511 enim.
2150 2475 2274 2513 Medi-

1256 2529 1339 2555 ceus
1364 2531 1373 2555 :
1409 2518 1584 2567 vertffima
1616 2532 1770 2568 quaeque
1794 2548 1804 2564 ‚
1852 2520 1963 2558 credo
1995 2532 2143 2571 propter
2173 2538 2207 2562 n.
2240 2539 2276 2572 7.

1255 2568 1393 2606 lectum
1419 2582 1519 2605 vera.
1574 2570 1642 2607 Sed
1662 2581 1752 2607 mox
1770 2582 1806 2609 n.
1831 2585 1866 2620 9.
1905 2572 2018 2610 habes
2042 2574 2275 2623 severitatem

1256 2619 1399 2655 aurium
1415 2648 1424 2661 ‚
1454 2621 1491 2657 ὃ(
1514 2620 1638 2658 clarius
1658 2631 1695 2657 n.
1719 2629 1775 2657 ιε).
1797 2620 1934 2667 austera
1963 2633 2006 2661 ω’
2031 2625 2158 2673 severa
2183 2654 2211 2672 ,,
2235 2634 2279 2664 ut

1257 2670 1478 2706 vocabulum
1500 2670 1711 2719 severissima
1740 2671 1797 2708 hic
1825 2684 1902 2708 non
1930 2671 1971 2710 fit
1996 2676 2227 2714 tentandum.

1311 2731 1328 2766 7
1362 2719 1632 2768 Hacseveritate
1644 2720 1828 2769 aurium]
1858 2722 2002 2767 Judicio
2023 2725 2277 2774 audientium,‘

1257 2768 1410 2807 libenter
1434 2770 1556 2808 severa
1579 2771 1710 2820 scripta.
1752 2772 1783 2808 C
1798 2786 1856 2810 Ατ
1874 2786 1893 2808 A
1909 2785 1946 2809 Ν.
1985 2774 2084 2812 Male
2114 2775 2279 2815 Arnzen.

1260 2820 1325 2856 hac
1348 2820 1533 2863 severitate
1555 2822 1679 2858 animi.
1718 2821 1864 2871 ineptus
1889 2824 2073 2862 correc‘tor
2102 2829 2278 2874 cogitavit

202 2871 342 2914 tescum-
359 2907 371 2923 ‚
405 2881 466 2919 sed
492 2881 644 2923 dicimus
674 2885 862 2922 mmm-am
891 2885 1043 2933 gravan-
1068 2913 1078 2929 ‚
1108 2896 1201 2933 quae
1254 2871 1485 2927 severitatem
1511 2872 1556 2924 de
1577 2873 1695 2909 animo
1720 2873 1870 2928 quidem
1893 2901 1904 2917 ,
1933 2885 2008 2911 non
2031 2878 2121 2914 item
2144 2876 2189 2914 de
2209 2891 2276 2914 au·-

201 2920 427 2969 nobisodiosa
437 2930 508 2976 est,
531 2945 623 2982 quae
634 2936 749 2983 gmng
773 2935 876 2973 nob-33
900 2935 1052 2978 accidit,
1073 2947 1203 2984 quam,
1261 2920 1356 2957 ribus
1384 2921 1451 2959 dici
1474 2921 1594 2970 poste:
1623 2921 1722 2971 quasi
1744 2935 1821 2960 non
1842 2936 1990 2972 tntegros
2011 2925 2127 2963 molles
2149 2928 2255 2965 oculos
2271 2955 2282 2972 ,

206 2976 276 3013 que
307 2974 404 3016 inviti
432 2980 595 3021 audimus
613 2986 651 3023 ὃς
672 2985 869 3022 toleramus
884 3013 894 3029 ‚
923 2995 999 3033 quo
1025 2985 1142 3022 modo
1165 2987 1200 3023 in

1261 2983 1373 3008 caecas
1399 2984 1526 3009 manus
1551 2999 1560 3016 ,
1596 2973 1736 3021 pestoris
1757 2973 1932 3022 incursum
1955 2976 2078 3023 passim
2100 2978 2219 3025 legere
2241 2979 2281 3015 li-

206 3013 560 3068 Panegyr.a0‚„3„„m
571 3035 870 3080 gravarjextuht·
899 3035 979 3074 N03
991 3036 1106 3074 multa
1132 3037 1205 3076 col,
1266 3030 1372 3059 ccrct.
1402 3022 1477 3060 Adi
1499 3021 1616 3059 nostra
1637 3021 1683 3059 ad
1707 3023 1845 3061 Lucan.
1866 3025 1947 3062 Lib.
1969 3026 2036 3063 111.
2057 3038 2109 3064 vs.
2131 3040 2211 3073 722.
2240 3029 2278 3063 &

206 3063 355 3113 legimns
363 3072 409 3110 ad
419 3075 557 3119 Lucani
567 3083 649 3122 Lib.
660 3083 747 3121 Vn.
762 3095 814 3123 vs.
828 3085 907 3131 284·

1269 3071 1350 3111 Lib.
1381 3071 1449 3110 VI.
1478 3083 1528 3110 vs.
1565 3073 1644 3113 161.
1669 3073 1796 3111 Oxon.
1819 3085 2006 3125 tamquam
2029 3075 2053 3114 fi
2072 3078 2190 3114 eadem
2213 3084 2280 3112 cet.

1647 3123 1716 3170 Gg
1747 3135 1766 3160 2.
2125 3139 2138 3164 1
2171 3123 2277 3163 Olim.
