2616 3686
351 204 443 257 ,τι

586 188 646 237 C.
713 183 1099 236 PL1N11
1167 170 1673 233 CAECILII
1742 172 2255 225 SECUNDI

346 263 687 334 loquentibus
711 263 880 317 statim
910 276 1156 316 occurre.
1195 258 1208 280 ¹
1251 258 1364 313 Nee
1394 253 1615 310 desunt,
1655 250 1745 318 qui
1777 251 1990 329 utr-Ique
2017 249 2250 305 nostrum
2281 268 2295 288 ²
2325 266 2480 332 prae-

269 333 299 376 ⁶
351 336 605 393 ferantur.
646 334 659 360 ³
695 334 801 390 Sed
841 335 969 390 nihil
1006 331 1225 391 interest
1260 346 1376 386 mea
1405 368 1419 393 ,
1464 341 1575 396 quo
1615 323 1738 376 loco
1771 338 2058 393 jungimur.
2119 339 2147 366 ⁴·
2175 323 2311 379 Nam
2353 324 2484 378 mihi

345 548 417 599 fiff‘
441 577 450 592 ‚
482 547 624 585 Italicus
648 562 680 585 es
705 557 718 584 ?
749 559 796 582 an
814 543 1040 594 provincialis
1059 551 1074 581 ἓ
1107 542 1143 590 se
1165 538 1361 597 respondisse
1376 566 1386 583 ‚

353 601 436 647 msti
463 612 537 643 me,
564 609 607 638 <y
629 598 768 647 quidem
792 609 833 633 ex
852 593 988 641 studn's.
1011 594 1061 630 ad
1084 589 1146 629 hoc
1162 591 1292 636 ellum,
1315 595 1385 627 Ta-

354 651 443 689 citus
465 661 496 686 es
513 676 522 693 ,
550 661 598 684 an
622 648 757 685 Plinius
772 656 786 684 ἓ
817 645 850 682 C
866 657 883 680 A
899 657 923 682 τ
938 657 959 681 Α
975 656 1013 681 Ν.

407 721 423 747 1
455 716 526 746 Nec
555 709 693 758 desunt.
717 706 734 757 ]
763 706 855 743 Sunt
884 705 920 742 in
955 702 1043 741 urbe
1076 699 1206 740 nostra.
1234 700 1386 739 Imm.

358 763 429 795 Nec
462 759 588 803 desunt
610 787 621 803 ,
657 757 717 807 qui
745 756 885 804 utrique
916 764 986 794 effic.
1012 753 1029 804 ]
1059 754 1115 792 Sic
1134 751 1207 790 Pal.
1234 753 1271 790 &
1296 752 1390 790 Edd.

357 807 461 847 Vett.
499 809 604 847 Aliae
628 821 636 846 :
673 808 734 857 qui
755 806 817 844 uni
839 816 879 842 ut
902 806 1043 854 utrique
1065 801 1233 850 nostrum.
1272 802 1393 853 ANeu-

360 869 455 897 trum
480 859 557 897 satis
579 857 759 908 assequor.
789 857 901 894 Certe
922 864 1124 906 utrumque
1147 861 1274 892 contra
1287 865 1400 892 men--

363 919 440 947 tem
462 911 567 948 Plinii
590 938 600 955 ,
629 920 712 947 mea
735 907 886 958 quidem
911 908 1088 956 opinione
1111 920 1121 949 ;
1152 906 1271 944 voluit
1294 907 1397 944 enirn

359 960 534 1009 scriptum
558 990 569 1007 ,
609 959 681 999 effe
713 958 894 1009 quosdam
910 987 921 1004 ,
951 960 1014 1009 qui
1035 957 1212 996 Tacitum
1235 956 1397 995 dicerent

360 1014 548 1061 potiorem
579 1012 697 1050 Plinio
721 1040 732 1057 ‚
768 1011 858 1049 item
892 1010 954 1059 qui
986 1017 1112 1047 contra
1139 1007 1401 1063 PliniumTa-

363 1064 436 1100 cito
449 1069 726 1112 praeponerent.
753 1062 939 1100 Gaurfiu.
973 1066 1046 1098 Nec
1077 1060 1229 1108 desunt,
1255 1071 1314 1108 qut
1335 1060 1406 1098 uni:

364 1127 406 1151 ut
418 1115 559 1162 utrique
573 1116 643 1151 &e
661 1113 675 1163 ]
692 1112 930 1151 Scribendum
944 1111 1075 1150 censeo
1090 1139 1106 1155 „
1117 1110 1176 1160 qm·
1189 1121 1313 1148 utrum
1323 1111 1401 1147 um·

365 1162 521 1211 nostrum
551 1167 769 1214 praeferant.
823 1165 880 1202 Sic
913 1162 1051 1201 constat
1081 1160 1198 1200 sensus
1222 1189 1233 1206 ,
1287 1173 1400 1209 quem

366 1214 466 1253 reete
481 1214 722 1265 deprehendit
748 1216 935 1254 Gruterus.
966 1217 1094 1252 Utrum
1116 1212 1190 1250 utri
1213 1211 1264 1250 est
1287 1213 1346 1249 vel
1365 1223 1402 1250 te

366 1266 484 1310 milii,
514 1268 570 1306 vel
602 1279 662 1306 me
693 1268 769 1306 tibi.
797 1267 985 1304 Guonov.
1015 1265 1104 1302 Non
1143 1263 1190 1302 est
1225 1263 1402 1309 dubrum,

367 1317 459 1365 quin
479 1317 570 1356 haec
591 1319 684 1357 vitio
707 1318 884 1356 laborent.
913 1316 986 1353 Alii
1009 1316 1118 1354 aliter.
1146 1314 1230 1362 Ego
1247 1314 1403 1363 suspicor

369 1366 569 1415 legendum
586 1397 596 1413 ‚
623 1371 682 1419 qui
704 1381 816 1406 unum
830 1368 1009 1415 utrimque
1021 1365 1176 1414 nostrum
1184 1366 1403 1414 praeferant.

368 1419 434 1454 sed
465 1417 558 1455 nihil
592 1428 660 1457 cet.
714 1420 844 1456 Unum
870 1417 1035 1456 nostrum
1060 1415 1270 1466 praeferunt
1292 1417 1405 1454 utrin-

371 1479 444 1517 que
468 1496 479 1514 ‚
508 1469 545 1507 id
568 1469 619 1507 est
649 1496 660 1514 ,
687 1472 759 1509 iam
783 1470 826 1507 ab
849 1470 942 1513 hac,
970 1469 1043 1506 iarn
1067 1468 1111 1505 ab
1134 1467 1187 1505 illa
1210 1474 1310 1516 parte
1325 1495 1334 1511 ‚
1365 1477 1406 1507 ut

372 1519 492 1557 modo
524 1528 586 1558 tua
616 1531 695 1570 pars
727 1521 959 1570 praevaleat,
987 1518 1107 1557 modo
1136 1530 1230 1556 mea.
1259 1517 1407 1556 Seuer-

375 1581 462 1608 ηις.
491 1571 670 1611 Mendosa
693 1581 788 1611 certe
809 1571 856 1610 est
879 1571 1025 1620 vulgata
1047 1569 1181 1614 ledli03
1209 1568 1263 1607 ast-
1274 1579 1406 1609 eorum

376 1622 480 1668 culpa
505 1650 516 1667 ,
550 1623 612 1673 qui
645 1622 826 1662 sincerum
854 1635 916 1661 vas
957 1620 1205 1661 incrustarunt.
1261 1621 1408 1660 Omnes

378 1671 486 1712 MSS.
520 1682 662 1723 praeter
693 1675 915 1712 Vossianum
931 1702 940 1719 ‚
968 1675 1058 1712 item
1080 1672 1172 1710 Edd.
1194 1673 1300 1710 Vett.
1323 1683 1408 1712 curn

376 1723 479 1762 ffldo
504 1737 512 1762 ε
550 1730 624 1763 Nec
655 1724 780 1775 desunt
806 1753 816 1769 ‚
856 1725 914 1774 qui
940 1725 1081 1774 utrique
1104 1722 1258 1764 nostrum
1277 1726 1412 1771 praefe-

377 1785 535 1819 rantur,
562 1784 674 1826 atque
699 1777 792 1814 lianc
815 1775 1024 1825 scripturam
1059 1772 1131 1812 effe
1163 1774 1410 1821 verissimam,

378 1823 565 1874 sequentia
588 1827 749 1870 docent,
776 1825 800 1863 si
826 1827 869 1864 ab
892 1828 985 1864 inter
1038 1824 1176 1863 latione
1193 1825 1387 1863 liberantur
1402 1855 1412 1872 ‚

379 1876 484 1923 quod
518 1888 614 1915 mox
642 1877 860 1916 videbimus.
898 1837 1105 1926 VoAEOqui
1138 1876 1200 1913 uni
1229 1885 1270 1913 ut
1293 1877 1413 1925 utique

382 1925 538 1973 nostrum
570 1930 822 1975 praeferantur
845 1945 855 1966 .·
886 1939 931 1966 ex
955 1939 1032 1977 quo
1055 1927 1245 1974 vulgatum
1268 1938 1416 1976 procte-

382 1986 512 2016 arunt:
541 1979 602 2028 qui
633 1979 697 2017 um·
730 1989 771 2017 ut
804 1979 944 2029 utrique
966 1977 1156 2026 nostrum0
1186 1977 1297 2027 idque
1335 1991 1412 2017 me*

382 2026 474 2066 liore
517 2029 638 2073 sensu,
670 2041 783 2079 quam
832 2033 894 2079 qui
933 2041 952 2066 a
992 2030 1153 2067 Grutero
1187 2031 1226 2068 &
1263 2030 1415 2067 Grono-

384 2078 449 2115 vio
483 2082 668 2129 quaeritur
694 2096 704 2124 ;
734 2080 852 2119 modo
875 2081 953 2118 libri
974 2080 1196 2118 addicerent.
1254 2080 1288 2117 Si
1323 2092 1416 2128 quos

383 2126 569 2169 doetiores
592 2131 815 2176 laudabant,
846 2143 909 2170 eos
932 2131 988 2168 vel
1012 2130 1149 2168 Tacito
1174 2160 1185 2176 ,
1212 2130 1272 2167 vel
1297 2130 1416 2169 Plinio

383 2179 561 2228 praestare
591 2181 782 2227 dicebant,
821 2184 859 2220 ὃς
890 2181 915 2219 si
937 2193 1055 2219 unum
1080 2181 1198 2220 modo
1232 2182 1415 2219 nominas-

384 2230 463 2268 sent
488 2259 497 2275 ,
526 2240 727 2282 utrumque
749 2241 876 2271 tamen
897 2232 1156 2280 intelligebant.
1211 2231 1280 2270 Sed
1305 2232 1417 2282 longe

388 2281 520 2337 melior
557 2282 605 2321 est
642 2283 781 2322 vetusta
820 2284 988 2333 scriptura
1012 2312 1024 2329 ,
1062 2294 1186 2334 neque
1209 2312 1228 2330 ‚.
1255 2290 1295 2320 ut
1319 2283 1417 2330 dixi,

386 2333 575 2381 sequentia
597 2334 705 2372 aliam
726 2334 936 2373 admittunt.

438 2403 460 2428 2
491 2395 794 2445 hademarum]
821 2396 1098 2445 Praeponantur
1120 2395 1226 2434 nobis
1243 2401 1423 2449 tanquam

394 2438 590 2483 doctiores.
620 2447 652 2483 C
667 2459 688 2484 Α
702 2460 724 2485 τ
741 2460 762 2483 Α
773 2459 811 2484 N.

443 2517 463 2555 3
492 2507 558 2543 Sed
589 2506 680 2545 nihil
712 2505 860 2552 interest.
887 2505 904 2555 ]
941 2506 1011 2545 Pal.
1045 2507 1084 2544 δε
1113 2506 1218 2544 Vett.
1242 2505 1335 2545 Edd.
1363 2509 1427 2546 Sed

394 2555 560 2593 nonnihit
592 2557 730 2603 interest
751 2570 839 2595 mea:
869 2558 903 2595 G
919 2571 940 2594 a
958 2571 982 2594 υ
999 2572 1021 2595 '1'
1036 2570 1057 2594 Ε
1071 2571 1107 2595 R.
1136 2556 1292 2594 Helmst.
1314 2560 1424 2597 etiam

394 2618 464 2643 non
502 2606 621 2654 nihil;
660 2609 823 2648 Arnzen.
856 2621 915 2647 nos
949 2608 1053 2647 nihil.
1079 2607 1307 2646 Vetustiores
1329 2610 1428 2649 reae

394 2657 499 2696 nihil.

443 2733 467 2767 4
496 2726 595 2758 Nam
629 2719 691 2758 hac
719 2735 774 2772 ego
803 2721 940 2770 primus
963 2719 1065 2770 effa]
1097 2722 1132 2759 Si
1153 2720 1300 2759 dostior
1321 2728 1358 2761 te
1385 2725 1430 2762 ab

398 2768 575 2818 aliquibus
600 2772 728 2810 credor
743 2801 753 2817 ,
780 2781 869 2810 tunc
893 2785 955 2810 rne
978 2773 1150 2810 omnium
1166 2800 1177 2815 ‚
1207 2773 1271 2821 qui
1293 2773 1373 2812 sunt
1392 2776 1429 2813 in

399 2820 488 2872 urbe
521 2821 768 2862 doctissimum
803 2824 914 2862 credo
939 2852 950 2869 ,
988 2824 1072 2873 quia
1095 2831 1131 2861 te
1150 2822 1350 2862 secundum
1377 2824 1430 2863 fa-

401 2875 530 2906 ciunt:
570 2871 594 2908 si
627 2885 718 2910 vero
750 2882 788 2912 te
818 2875 979 2923 primum
1011 2875 1070 2913 alii
1091 2881 1240 2923 putant,
1267 2882 1356 2914 tunc
1378 2876 1434 2916 se-

402 2917 565 2971 cundum
601 2921 752 2961 donum
788 2937 848 2963 me
873 2925 1040 2963 existimo
1056 2953 1066 2969 ‚
1093 2926 1178 2973 quia
1199 2933 1260 2964 tua
1282 2928 1427 2976 vestigia

403 2975 547 3051 penitus
578 2969 715 3017 sequor.
768 2974 883 3012 Tanti
914 2975 997 3013 facit
1035 2975 1156 3013 Taciti
1196 2975 1426 3022 doetrinam,

422 3022 560 3053 atenter
592 3026 716 3056 tamen
740 3024 877 3066 innuit,
903 3025 936 3061 se
960 3023 1061 3063 fuiffe
1084 3025 1332 3072 doffiffimos,
1363 3029 1424 3076 qui

407 3073 494 3104 tunc
515 3076 613 3105 erant
638 3096 648 3114 ,
677 3069 951 3112 Romanorum.
989 3074 1185 3125 Quaedam
1208 3079 1427 3129 exemplaria

2253 396 2487 468 primm,

1451 535 1597 572 brevius
1618 534 1744 581 legunt
1763 533 1838 571 hoc
1862 532 1996 582 mdlo,
2024 545 2109 571 nam
2129 532 2219 571 mihi
2232 532 2366 583 primus
2391 560 2402 577 ,
2429 535 2494 582 qui

1458 597 1478 621 a
1499 593 1536 622 te
1557 585 1737 634 proximus
1753 613 1762 629 ,
1789 585 1874 635 quin
1887 586 2008 622 etiam.
2037 585 2106 622 CA
2121 597 2143 622 τ
2160 596 2232 621 ΑΝ.
2257 583 2353 632 Quia
2367 594 2406 621 tu
2416 591 2495 633 pro—

1463 637 1594 673 ximus.
1611 636 1624 684 J
1657 636 1784 684 Lego:
1810 636 1893 685 quia
1918 636 1980 673 tibi
2004 635 2198 685 proximus.
2254 634 2313 672 Eo
2333 633 2409 681 ipso
2434 645 2496 674 me

1466 688 1638 724 omnibus
1657 687 1731 724 aliis
1754 687 1956 736 praelatum
1980 695 2095 734 puto,
2124 687 2209 735 quia
2231 685 2410 724 secundus
2431 694 2499 724 ate

1465 747 1596 782 ponor.
1633 737 1870 775 Gnouov.
1908 738 1999 775 Non
2033 746 2125 785 puto
2159 736 2293 786 aliquid
2326 736 2386 774 hic
2418 747 2501 774 mu—

1468 785 1635 823 tandum.
1665 787 1774 824 Certe
1808 788 1959 837 quando
1990 789 2142 837 legitur:
2183 789 2266 837 quin
2301 787 2366 825 tibi
2384 787 2503 835 proxi·
2545 820 2550 825 ,
2606 815 2608 837 2

1467 847 1792 885 mus,numquam
1816 840 1953 887 primus
1975 840 2193 887 intelligitur.
2221 838 2333 876 Erant
2355 846 2477 875 autem
2495 867 2507 885 ,

1468 887 1533 936 qui
1560 898 1658 924 nunc
1690 887 1847 925 Plinium
1870 917 1889 933 ν
1913 900 2012 927 nunc
2034 889 2211 928 Taciturn
2236 889 2399 928 facerent
2432 890 2506 936 pri,-

1474 948 1591 975 orem.
1619 937 1699 986 Qui
1720 936 1879 975 Plinium
1894 966 1903 982 ‚
1926 939 2103 978 faciebant
2127 942 2161 978 ei
2188 941 2401 990 proximum
2427 940 2508 977 Ta·

1475 989 1589 1026 citum
1617 1017 1628 1034 ‚
1669 989 1706 1026 ὃ(
1743 988 1819 1026 hoc
1861 988 1912 1026 est
1935 1016 1945 1032 ,
1984 992 2067 1038 quia
2110 1001 2150 1027 tu
2185 992 2380 1041 proximus.
2437 990 2508 1028 Sed

1477 1050 1546 1077 nec
1593 1040 1780 1088 sequentia
1830 1040 2072 1088 permittunt,
2098 1041 2224 1079 locum
2270 1044 2369 1080 aliter
2416 1041 2511 1090 legi,

1477 1098 1628 1140 propter
1658 1088 1946 1139 oppositionem.
2001 1089 2101 1127 Nam
2133 1091 2217 1129 alias
2249 1094 2285 1129 in
2315 1093 2396 1136 his,
2425 1093 2511 1142 quia

1479 1140 1546 1179 tibi
1564 1142 1747 1191 proximus
1770 1153 1813 1180 ω’
1833 1155 1887 1190 ego
1898 1140 2080 1190 proximus
2095 1169 2105 1186 ,
2133 1141 2317 1190 oppositio
2331 1141 2381 1179 est
2394 1143 2511 1187 nulla,

1477 1192 1536 1229 sed
1559 1193 1686 1231 eadem
1710 1194 1832 1242 potius
1846 1194 2025 1229 dicuntur.
2055 1192 2273 1230 Sensum.
2298 1192 2353 1230 Ut
2368 1192 2512 1238 videas,

1482 1254 1554 1292 qua
1590 1243 1636 1281 de
1666 1241 1784 1281 caussa
1818 1244 1984 1281 laborent
2015 1244 2082 1281 viri
2115 1243 2310 1281 doetiffimi
2334 1272 2343 1289 ‚
2383 1255 2428 1280 en
2450 1243 2514 1283 tibi

1481 1295 1688 1342 vulgatam:
1719 1300 1790 1333 Nec
1812 1295 1938 1342 desunt
1952 1322 1963 1338 ,
1991 1295 2051 1344 qui
2074 1296 2138 1333 uni
2151 1302 2190 1332 ut
2203 1294 2344 1344 utrique
2358 1292 2512 1338 nostrum

1477 1346 1743 1394 praeferantur.
1796 1347 1862 1383 Sed
1903 1344 1994 1383 mhil
2031 1344 2171 1392 interest
2200 1357 2278 1384 mea
2305 1374 2315 1391 ,
2343 1358 2410 1394 quo
2449 1345 2514 1385 loco

1482 1396 1675 1446 iungimur.
1728 1403 1827 1434 Nam
1850 1397 1926 1434 hoc
1948 1406 2018 1444 ego
2038 1397 2174 1445 primus
2198 1424 2209 1442 ‚
2236 1398 2320 1446 quia
2340 1405 2381 1434 tu
2397 1398 2518 1449 proxif

1481 1461 1584 1493 mus,
1610 1458 1655 1487 ω’
1676 1448 1948 1498 egoproximus,
1975 1448 2280 1497 quiatuprimus:
2309 1447 2393 1498 quin
2404 1450 2517 1487 etiam.

1484 1499 1554 1536 &o
1592 1499 1707 1536 Mera
1736 1500 1913 1537 balbuties
1953 1500 1992 1537 &
2029 1499 2247 1548 ineptissima
2285 1499 2516 1549 Battologia,

1483 1559 1595 1598 quam
1623 1551 1829 1588 Catanaeus
1853 1556 1980 1587 contra
2003 1560 2135 1589 omnes
2159 1550 2282 1589 Codd.
2303 1558 2403 1590 certe
2453 1562 2522 1592 uos

1485 1611 1553 1638 nos
1575 1601 1822 1640 consuluimus
1837 1630 1846 1646 ‚
1875 1601 1994 1641 Plinio
2017 1600 2179 1642 obtrusit.
2206 1603 2357 1641 Habent
2369 1604 2432 1653 qui
2460 1613 2522 1641 em.

1488 1654 1708 1691 recentiores
1732 1653 1840 1693 MSS.
1884 1658 1984 1691 Nam
2007 1653 2048 1691 in
2067 1654 2142 1692 hoc
2161 1655 2324 1704 primus:
2352 1654 2413 1692 sed
2435 1652 2521 1693 illud

1487 1701 1522 1739 in
1557 1701 1618 1740 hoc
1652 1703 1793 1742 fufium
1824 1703 1895 1744 effe
1929 1716 1973 1743 ex
2003 1704 2117 1750 mihi,
2159 1708 2198 1744 &
2218 1704 2396 1744 levissima
2418 1704 2522 1742 libra-

1488 1753 1629 1791 riorum
1640 1754 1869 1795 aberratione
1882 1753 1959 1794 fieri
1972 1753 2130 1806 potuisse
2144 1784 2154 1801 ‚
2167 1765 2306 1794 norunt
2321 1759 2385 1806 qui
2400 1754 2519 1795 Codd.

1489 1803 1594 1842 Vett.
1616 1806 1824 1845 traetarunt.
1852 1807 1987 1845 Pariter
2006 1807 2100 1845 infra
2122 1807 2235 1856 Epist.
2257 1807 2400 1845 XXIV.
2420 1819 2453 1846 n.
2486 1811 2525 1850 83

1492 1854 1647 1895 Helmst.
1688 1860 1725 1896 ὃς
1758 1859 1825 1897 Ed.
1859 1859 1948 1897 Vet.
1979 1859 2065 1909 quia
2085 1859 2287 1897 iucundum.
2305 1857 2349 1905 est
2368 1859 2404 1897 in
2425 1859 2519 1904 hoc,

1490 1908 1583 1994 {aad
1604 1910 1747 1958 ceperim
1768 1909 1941 1959 gaudium
1966 1916 2035 1948 cet.
2055 1920 2123 1958 pro
2144 1910 2338 1948 iucundum
2360 1909 2406 1956 est
2421 1908 2518 1948 mihi.

1513 1957 1535 1996 d
1567 1958 1593 1996 fi
1627 1971 1672 1998 ex
1698 1960 1875 1998 Mediceo
1899 1960 2098 2005 emendes,
2126 1972 2258 2000 omnes
2281 1960 2399 2011 scripti
2421 1959 2518 1998 Plinii

1492 2020 1644 2048 manum
1670 2011 1959 2060 repraesentant:
1990 2018 2090 2048 Nam
2116 2012 2204 2049 mihi
2225 2012 2361 2061 primus
2386 2040 2396 2058 ,
2422 2011 2478 2063 qui
2493 2019 2517 2047 a·

1489 2066 1526 2097 te
1557 2061 1752 2110 proximus.
1774 2062 1862 2111 quin
1883 2061 1989 2099 etiam
2016 2070 2085 2100 cet.
2115 2063 2270 2112 Reliqua
2290 2093 2300 2109 ,
2327 2064 2372 2101 ab
2394 2064 2510 2108 inepto

1492 2110 1647 2149 homine
1677 2111 1799 2149 adsuta
1823 2140 1834 2156 ,
1867 2113 2040 2151 omnibus
2074 2113 2168 2151 libris
2199 2116 2310 2153 etiam
2343 2114 2408 2152 Ed.
2431 2110 2511 2148 Vet-

1493 2161 1643 2206 desunt,
1671 2175 1740 2201 nec
1761 2162 1910 2211 postea,
1937 2162 1963 2201 fi
1988 2163 2126 2203 netum
2153 2165 2317 2204 nostrum
2330 2161 2519 2215 placuerit..

1495 2212 1653 2252 Plinium
1686 2213 1894 2252 onerabunt
1919 2243 1931 2260 ‚
1965 2226 2052 2253 cum
2074 2217 2149 2253 iam
2173 2216 2312 2263 Aldus,
2338 2211 2513 2263 Gryphius

1499 2264 1537 2300 ὃς
1569 2265 1625 2303 alii
1657 2265 1787 2303 eadem
1819 2266 2027 2305 abiecerint.
2082 2268 2309 2306 Sententiam
2337 2265 2515 2304 adsecutus

1497 2312 1545 2350 est
1569 2316 1784 2354 Gronovius
1799 2344 1815 2361 ‚
1837 2317 1897 2355 sed
1920 2328 2017 2367 quae
2040 2328 2085 2356 ex
2108 2319 2222 2356 veteri
2244 2313 2517 2357 etiamletstione

1496 2368 1674 2415 emergit:
1702 2367 1762 2416 qui
1784 2380 1806 2402 a
1830 2379 1862 2406 te
1880 2369 2077 2417 proximus.
2131 2370 2282 2418 Nempe
2301 2366 2358 2418 qui
2377 2363 2422 2404 est
2435 2364 2522 2414 quia

1498 2426 1568 2464 ego
1583 2445 1593 2461 ‚
1623 2417 1648 2455 fi
1672 2429 1743 2466 ego
1759 2446 1769 2462 ,
1797 2426 1837 2456 ut
1861 2420 2140 2457 observavimus
2162 2419 2262 2469 supra
2284 2417 2327 2456 ad
2345 2415 2454 2466 Epist.
2475 2413 2526 2452 Χ.

1497 2478 1534 2504 n.
1559 2479 1593 2518 3.
1645 2469 1787 2506 Etenim
1811 2482 1921 2519 quam
1948 2471 2094 2508 dubium
2117 2469 2181 2517 est,
2209 2483 2257 2507 an
2280 2468 2402 2506 merito
2420 2474 2523 2519 accuf

1489 2518 1593 2565 setar
1608 2546 1619 2564 ‚
1647 2521 1710 2568 qui
1749 2533 1798 2556 an
1827 2522 1967 2560 omnino
1999 2521 2175 2569 accusetur
2196 2520 2363 2556 incertum
2384 2511 2436 2558 est·
2459 2512 2521 2550 ubl

1500 2569 1596 2609 vide.
1624 2570 1723 2608 Nam
1742 2571 1925 2619 proximus
1946 2585 1970 2610 a
1992 2584 2026 2611 te
2048 2570 2180 2620 culpari
2203 2567 2336 2615 nequit.
2363 2563 2520 2601 Iuvena-

1497 2620 1541 2659 lis
1563 2622 1632 2660 Sar.
1655 2621 1701 2659 X.
1722 2633 1773 2660 vs.
1798 2624 1879 2660 126.

1553 2737 1706 2777 Volueris
1727 2749 1747 2776 a
1768 2739 1883 2787 prima
1905 2749 1993 2788 quae
2013 2734 2189 2784 proxima.

1503 2849 1660 2889 Ovidius
1681 2851 1729 2890 11.
1753 2862 1797 2889 ex
1819 2850 1942 2888 Ponto
1963 2841 2070 2892 Epist.
2093 2839 2201 2879 VIlI.
2227 2852 2276 2879 vs.
2301 2852 2359 2891 37.

1550 2967 1599 2999 Et
1623 2972 1711 3005 tua,
1734 2960 1843 3007 fifas
1862 2955 1928 3002 est,
1957 2966 1976 2991 a
2003 2953 2154 2992 Caesare
2177 2955 2345 3002 proxime
2365 2951 2525 3004 Caesar}

1602 3012 1764 3049 Numina
1778 3007 1856 3058 fint
1871 3004 2027 3056 precibus
2053 3017 2121 3044 non
2144 3005 2287 3045 inimica
2311 3005 2408 3044 mcis.

2405 3116 2514 3156 Maro
