2616 3686
513 202 1855 267 LiBER1v.EPISToLAx11.
2145 243 2241 290 279

142 298 301 354 dicat.
373 286 543 347 Vides
569 323 586 349 ,
643 297 806 354 quam
859 277 1218 363 obsequenter
1253 298 1466 352 paream
1508 284 1601 365 tibi
1636 325 1654 350 ‚
1702 290 1796 358 qui
1830 307 1940 345 non
1963 291 2131 349 solum
2160 316 2242 353 res
2297 331 2355 382 ¹5

143 369 391 426 urbanas,
430 356 782 416 verumetiam
804 366 1109 426 peregrinas
1133 365 1238 407 tam
1264 352 1451 409 sedulo
1477 354 1683 423 scribo,
1722 373 1780 414 ut
1806 363 1958 417 altius
1985 380 2245 435 repetam.
2351 376 2354 379 ’

145 441 203 496 &
223 441 342 495 sane
379 433 662 507 putabam,
694 431 787 492 te,
831 424 958 498 quia
999 437 1116 480 tum
1145 424 1384 490 abfuisti,
1422 428 1554 492 nihil
1577 430 1720 486 aliud
1746 432 1816 486 de
1842 434 2129 492 Liciniano
2155 457 2248 494 au-

143 510 274 569 diffe
302 548 318 574 ,
359 518 520 579 quam
554 502 842 572 relegatum
886 496 959 552 ob
995 497 1274 564 incestum.
1351 502 1625 558 Summam
1652 505 1797 559 enim
1822 523 1999 561 rerum
2029 513 2246 567 nunciat

144 587 312 648 fama,
348 597 458 636 non
483 575 748 635 ordinem.
810 568 1081 637 'Meteon
1121 588 1179 628 ut
1204 571 1430 629 viciffim
1455 574 1589 649 quid
1615 576 1670 632 in
1686 579 1891 650 oppido
1916 592 2013 634 tuo
2055 619 2072 646 ‚
2149 585 2243 640 uid
2305 594 2364 649 ποῖ

144 660 201 714 in
225 655 460 712 finitimis
489 661 671 724 agatur
699 644 903 715 (solent
927 644 1076 701 enim
1125 645 1380 701 notabilia
1418 648 1686 720 quaedam
1710 649 1982 713 incidere)
2019 670 2113 724 per
2138 657 2242 710 cri-

143 731 253 785 bas.
326 726 575 797 Denique
611 715 871 793 quicquid
907 717 1097 773 voles:
1149 717 1454 775 dummodo
1494 737 1604 775 non
1639 723 1812 779 minus
1848 725 2005 795 longa
2029 728 2247 798 epistola

145 809 165 830 ⁸
196 800 399 857 nuncia.
473 798 601 868 Ego·
632 807 742 848 non
779 789 996 864 paginas
1021 805 1262 859 tantum,
1301 791 1391 848 sed
1416 794 1577 849 etiarn
1606 796 1782 852 versus
1807 797 2126 871 syllabasque
2149 817 2250 858 nu-

144 872 373 932 merabo,
411 865 574 925 Vale.¹

279 1005 419 1065 X11.

140 1145 458 1205 Marcellini
476 1143 689 1214 fabium
724 1140 908 1197 laudat
930 1178 947 1204 ,
983 1140 1126 1213 quod
1145 1140 1399 1219 Quaestor
1421 1182 1436 1206 ‚
1477 1161 1590 1198 cum
1614 1154 1743 1197 ante
1766 1155 1971 1216 tempus
1980 1147 2251 1216 stilarium

196 1219 404 1293 scribae
425 1221 722 1295 receptffet.
754 1231 808 1269 eo
831 1224 1031 1270 mortuo
1056 1213 1346 1289 Trajanum
1357 1217 1523 1288 fitper
1550 1215 1640 1271 hoc
1667 1218 1984 1288 confhluerit
2005 1258 2022 1285 ,
2075 1219 2130 1278 (5
2155 1220 2253 1288 Seg

207 1304 391 1349 natum
417 1289 661 1345 hortatus
669 1290 871 1360 fuerit.
1188 1311 1196 1335 -.

490 1004 559 1063 C.
631 1003 1081 1062 Pntnrus.
1158 1029 1179 1051 2
1253 1004 1737 1076 Anauno
1811 1006 1987 1063 Suo
2058 1009 2112 1068 S.

273 1429 397 1483 Mas
421 1428 437 1455 ³
463 1426 758 1498 Egnatium
780 1425 1156 1481 Marcellinum
1173 1461 1189 1488 ‚
1228 1436 1390 1496 atque
1418 1425 1580 1482 etiam
1605 1425 1737 1482 mihi
1761 1427 1913 1501 saepe
1959 1448 2244 1489 commen-

273 1501 394 1555 das:
433 1498 629 1552 amabis
655 1496 849 1565 magiS,
889 1497 1438 1568 commendabisque,
1477 1499 1515 1554 fi
1549 1502 1873 1569 cognoveris
1910 1520 2099 1560 recens
2135 1503 2249 1576 ejus

139 1578 353 1633 fafium.
391 1572 538 1626 Cum
562 1572 617 1625 in
641 1568 971 1641 provinciam
1000 1569 1266 1641 Quaestor
1286 1569 1503 1636 exisset,
1540 1572 1897 1646 scribamque,
1946 1577 2040 1648 qui
2065 1578 2247 1634 ⁴sorte
2295 1574 2332 1624 Ζ

140 1787 299 1827 Exilium
324 1814 334 1829 ‚
372 1780 550 1821 Marcello
583 1778 780 1827 tradente;
825 1780 954 1830 triplex
991 1781 1062 1827 est,
1091 1788 1152 1820 aut

143 1848 325 1876 certorum
348 1836 516 1872 locorum
540 1831 746 1870 interdictio
760 1858 780 1878 ,-
797 1840 858 1870 aut
881 1834 950 1869 lata
972 1831 1058 1881 fuga
1073 1861 1083 1877 ‚
1115 1841 1153 1871 ut

145 1891 313 1925 omnium
326 1888 493 1924 locorum
508 1884 680 1920 habitatio
694 1891 833 1931 praeter
842 1893 982 1922 certum
1002 1884 1126 1921 locum
1141 1915 1152 1931 ‚

144 1945 205 1974 aut
228 1938 358 1974 insulae
390 1936 586 1972 vinculum.
639 1933 709 1971 Sed
742 1933 955 1973 Callistratus
982 1933 1155 1983 fignificat

144 1987 238 2023 aliud
265 1986 365 2025 suiffe
384 1986 422 2023 in
441 1986 593 2034 insulam
615 1983 760 2032 relegari
785 2014 797 2031 ,
822 1985 919 2024 aliud
940 1987 978 2023 in
996 1986 1154 2035 insulam

140 2037 338 2085 deportari..
382 2043 422 2072 ln
443 2035 623 2079 exulibus,
651 2035 789 2084 inquit,
814 2038 945 2085 gradus
964 2046 1154 2085 poenarum

141 2088 311 2133 conflauit
334 2088 484 2125 edic‘lum
505 2086 582 2124 divi
605 2086 793 2132 Adriani,
818 2098 859 2124 ut
881 2089 941 2138 qui
958 2089 1008 2124 ad
1019 2098 1152 2139 tempus

138 2138 308 2186 relejizins
330 2136 397 2185 est,
415 2137 450 2186 fi
469 2148 552 2175 ante
566 2137 815 2187 praescriptum
837 2140 959 2177 redeat
983 2167 994 2183 ,
1029 2140 1067 2177 in
1097 2142 1153 2178 in-

129 2188 252 2235 sulam
275 2189 462 2238 relegetur:
482 2188 548 2238 sed
570 2188 628 2238 qui
648 2187 818 2237 relegatus
840 2188 876 2227 in
899 2190 1058 2239 insulam
1092 2206 1152 2228 ex-

135 2240 255 2286 oeſjmt
272 2270 280 2284 ‚
307 2243 345 2278 in
374 2239 528 2287 insulam
565 2241 836 2284 deportaretur:
872 2241 933 2290 qui
952 2242 1153 2290 deportatus

137 2293 309 2338 evaserit,
334 2293 437 2341 capite
454 2290 639 2339 puniatur.
668 2290 822 2328 CATAN.

192 2354 207 2378 ι
241 2341 428 2390 Nuncies.]
459 2341 658 2389 Optimus,
686 2340 839 2386 nuncia,
869 2342 973 2391 quod
993 2344 1152 2380 omnino

137 2393 433 2441 praeferendum.
480 2392 554 2428 Alii
586 2399 771 2429 mutarunt
797 2420 807 2435 ,
856 2393 942 2440 quia
972 2393 1155 2440 praecedit

136 2446 334 2492 perscribas.
363 2444 433 2482 Sed
454 2441 611 2481 similiter
634 2443 761 2481 Statius
783 2443 833 2480 V.
856 2441 938 2480 Silv.
962 2441 1012 2479 V.
1034 2453 1083 2481 vs.
1099 2455 1155 2493 13.

187 2562 260 2577 ——-
286 2544 354 2581 huc
374 2554 511 2593 patres,
538 2553 581 2584 Ο·
598 2552 712 2593 aperto
732 2544 860 2593 pedore
879 2553 1012 2581 matres

189 2595 447 2641 Conveniunt,
473 2597 666 2644 cineresque
685 2593 789 2633 oculis
810 2604 855 2634 ο·
875 2594 1036 2632 carmina
1049 2596 1156 2642 ferte.

147 2693 309 2737 Lucanus
331 2697 411 2737 Lib.
430 2696 496 2735 IX.
519 2707 568 2734 vs.
595 2708 678 2747 393.

195 2785 290 2799 —··
341 2798 403 2810 -—
452 2799 523 2810 -—
577 2781 626 2817 ite
639 2781 769 2827 seroces

202 2826 354 2875 causaris
374 2830 412 2867 in
432 2830 590 2879 iugulum
607 2847 618 2867 .·
647 2830 801 2880 praestet
822 2834 960 2882 zagaea
982 2828 1155 2870 iuvemus

204 2877 269 2910 Hoc
288 2880 351 2927 regi
367 2907 378 2924 ,
401 2886 560 2920 Romana
574 2880 651 2933 fibi.

162 2945 243 2987 con
250 2964 306 2990 τε.

156 3049 161 3054 ⁷
205 3005 404 3056 2,Arriano
434 3008 546 3059 sam]
588 3009 754 3050 Riccard.
783 3012 823 3051 in
852 3007 979 3047 Indice
1012 3010 1155 3042 Matar.

158 3055 357 3089 Anxanum
376 3065 487 3097 vocat,

207 3112 225 3148 3
257 3104 484 3158 egnatium-l
510 3117 546 3164 P.
567 3113 762 3164 Egnatiusn⁴
781 3109 948 3165 adversus
971 3109 1154 3161 Soranum
1194 3108 1205 3191 x
1226 3102 1294 3146 Ed.
1316 3104 1403 3155 Yet.
1416 3101 1450 3156 fi
1470 3104 1668 3157 sogngvers's
1690 3104 1764 3143 eius
1787 3114 1910 3142 recens
1924 3105 2080 3151 facium.

1217 1780 1469 1821 testimonium
1502 1781 1628 1824 dixiffe
1652 1785 1779 1822 recitat
1813 1782 1980 1824 Tacitus.
2030 1786 2246 1829 Macrobius

1216 1834 1414 1883 Egnatium
1433 1842 1518 1874 citat
1539 1838 1577 1874 in
1598 1836 1689 1874 lieris
1712 1835 1759 1874 de
1781 1846 1903 1875 rerum
1938 1844 2077 1875 natura.
2124 1843 2246 1888 Egna-

1217 1883 1309 1920 tium
1333 1883 1468 1930 Festum
1492 1886 1665 1924 Aedilem
1687 1886 1925 1925 duumvirum
1941 1917 1951 1933 ‚
1980 1890 2037 1926 cui
2057 1889 2163 1928 ludos
2183 1891 2247 1931 sub

1219 1934 1416 1972 Antonino
1438 1936 1505 1974 Pio
1522 1937 1664 1986 publice
1686 1936 1808 1975 edenti
1829 1938 1928 1988 plebs
1951 1940 2087 1978 urbana
2114 1940 2158 1977 ad
2181 1940 2248 1980 sta-

1218 1991 1321 2022 tuam
1344 1988 1556 2034 ponendam
1572 2017 1582 2033 ,
1610 1990 1805 2037 pecuniam
1829 1990 1959 2028 obtulit
1972 2018 1986 2035 ,-
2009 1990 2172 2029 referunt
2183 2002 2251 2031 an-

1218 2037 1319 2085 tiqua
1349 2047 1596 2078 monumenta
1622 2053 1630 2076 :
1670 2050 1802 2078 verum
1825 2041 1852 2078 is
1873 2040 2020 2080 honore
2052 2049 2250 2084 contentus

1219 2087 1420 2136 impensam
1440 2089 1586 2128 remisit.
1615 2089 1679 2128 Ad
1698 2091 1879 2139 Ignatium
1902 2095 2085 2131 Dextrum
2117 2093 2250 2144 scripsit

1220 2138 1430 2177 Herennius
1465 2140 1696 2179 Modestinus
1736 2141 1781 2179 de
1824 2142 2055 2181 excusatione
2103 2147 2250 2185 tutelae.

1221 2189 1400 2237 ignatium
1436 2189 1658 2230 Antiochiae
1698 2192 1910 2241 episcopum
1947 2193 2008 2230 sub
2046 2195 2171 2231 Nerva
2209 2198 2251 2236 δε

1223 2238 1413 2287 Trajano,
1439 2242 1608 2280 auctores
1627 2243 2059 2290 suntGraeciscriptores.
2090 2244 2248 2284 Cum.

1221 2289 1324 2327 Voss.
1347 2303 1366 2327 a
1389 2292 1504 2340 prima
1527 2304 1662 2330 manu:
1693 2292 1890 2341 Egnatium
1923 2302 2028 2330 tuum
2064 2294 2248 2333 Marcelli-

1222 2351 1321 2377 num.
1349 2341 1498 2379 Deinde
1528 2342 1627 2379 idem
1658 2342 1803 2387 codex,
1832 2344 1921 2380 item
1946 2343 2076 2380 Oxon.
2098 2346 2137 2382 ὃς
2159 2347 2247 2384 Ric-

1221 2390 1316 2426 card.
1341 2391 1481 2428 amabis
1518 2393 1727 2437 omittunt,
1772 2403 1814 2429 ac
1846 2391 2008 2431 referunt
2033 2407 2041 2431 :
2069 2397 2248 2447 magisque

1221 2441 1489 2478 commendabis.

1271 2503 1295 2537 4
1321 2491 1455 2541 sorte.]
1486 2492 1707 2542 Quaestores
1729 2493 1828 2531 enim
1845 2493 2084 2533 sortiebantur
2095 2495 2258 2543 scribas}-

1224 2540 1313 2579 ficut
1343 2542 1505 2581 Procoss.
1536 2546 1740 2593 provincias
1782 2546 1820 2583 &
1848 2544 1999 2593 legatos.
2049 2547 2246 2586 CATAN.

1223 2594 1337 2630 Arnz.
1360 2593 1436 2641 quis
1450 2594 1548 2641 [ὅντε
1573 2594 1764 2643 obtigerat,
1790 2607 1904 2644 quem
1928 2607 1998 2644 ego
2021 2597 2170 2648 quidem
2197 2599 2250 2637 fa-

1225 2645 1291 2682 cile
1312 2645 1466 2692 negligo.
1495 2645 1547 2682 At
1570 2645 1772 2683 Helmslad.
1795 2648 1965 2696 cuisorte,
1994 2649 2247 2697 &Optimusz

1224 2696 1279 2734 cui
1301 2695 1392 2743 sorti
1425 2695 1595 2744 obtigerat
1621 2726 1630 2741 ‚
1669 2697 1772 2746 quod
1796 2699 1950 2736 minime
1972 2699 2249 2747 negligendum.

1222 2746 1440 2785 Provinciae
1462 2749 1561 2784 enim
1597 2755 1681 2784 ante
1711 2746 1937 2786 sortitionem
1974 2748 2172 2789 necefl'ariis
2205 2762 2249 2789 ο·

1225 2797 1367 2835 mnibus
1400 2796 1661 2835 instruebantur
1683 2826 1693 2842 ,
1724 2810 1864 2848 eaeque
1876 2799 1954 2847 sors
1967 2808 2121 2838 vocatae
2143 2799 2223 2840 sunt
2234 2827 2262 2849 ,α

1224 2856 1264 2885 ut
1307 2860 1351 2886 cx
1394 2860 1471 2885 uno
1514 2848 1626 2885 Livio
1660 2848 1809 2887 constat.
1864 2850 1998 2899 Aeque
2032 2861 2119 2898 ergo
2153 2852 2249 2891 bene

1226 2899 1394 2948 quaestori
1415 2899 1490 2949 sbrs
1523 2898 1696 2949 obtingere
1731 2899 1859 2938 dicitur
1881 2929 1891 2945 ,
1919 2912 1960 2937 ac
1983 2900 2248 2951 quacstorsorti

1225 2950 1416 3000 obtingere3
1446 2949 1492 2987 de
1512 2950 1642 2999 quibus
1665 2951 1801 2988 mutuis
1826 2951 1936 2989 veluti
1960 2951 2102 2990 dicendi
2133 2963 2248 3001 gene-

1226 3002 1319 3039 ribus
1341 3002 1423 3040 alibi
1445 3002 1596 3050 egimus.
1625 3000 1721 3038 Ferri
1744 3003 1866 3050 itaque
1888 3010 2051 3050 poterat:
2080 3004 2133 3040 cui
2149 3005 2246 3052 sbrie

1225 3052 1404 3103 obtigerat.
1459 3056 1574 3100 bupra
1609 3052 1707 3090 idem
1742 3052 1934 3091 Mediceus
1958 3083 1967 3097 ,
2025 3054 2178 3093 Helmst.
2206 3054 2248 3089 3<

2122 3161 2142 3199 ,¹
2172 3155 2243 3196 s0³¹:
