2616 3686
466 188 1982 261 Α1,,113Ε1ὶΧ.ΕΡ13Τ<)Ι,ΛιΧΧΧΙν.
2206 216 2298 282 803

163 279 280 336 {huc
322 265 425 333 effe
459 269 809 330 necessarium
849 269 1048 324 dicitur
1085 305 1102 332 ‚
1169 271 1292 340 quia
1325 265 1386 322 fit
1431 269 1701 342 aliquanto
1731 278 1913 331 melius
1942 317 1958 341 ,
2001 291 2013 312 ¹
2046 280 2298 344 honesto-

169 370 297 412 =rum
320 351 599 419 hominurn
622 346 850 410 liberm,
887 361 1048 417 quam
1074 360 1104 397 e
1127 343 1283 417 plebe
1303 345 1358 397 in
1382 348 1588 402 curiam.
1612 346 1837 404 admitti.
1902 351 2022 423 ,ugo
2050 376 2076 409 a
2101 364 2115 387 ²
2140 361 2286 420 desti„
2307 373 2345 421 4

173 427 309 486 natis
342 422 687 488 censor-ibUS,
729 421 864 494 quid
887 423 1139 475 sentirem
1166 458 1183 483 ‚
1221 421 1588 492 interrogatus
1614 460 1629 484 ,
1673 439 1764 476 eos
1788 425 2011 495 quidem
2030 471 2042 490 ‚
2083 438 2173 502 qui
2201 443 2294 495 mi-

164 518 329 559 mores
345 498 542 554 XXX.
571 500 719 553 annis
745 495 1007 567 geffiffent
1031 493 1394 568 magistratum
1418 538 1432 560 ,
1484 498 1737 569 putabam
1776 498 1922 571 posse
1949 505 1999 555 in
2026 504 2291 578 senatum,

162 577 226 633 ἃ
254 574 552 631 seeundum
576 571 813 628 edictum
850 571 1075 644 Augusti
1100 610 1117 634 ‚
1163 570 1218 624 δε
1253 571 1551 627 secundum
1586 576 1762 644 legem
1803 575 2115 647 Pompejam
2152 583 2249 655 legi
2277 629 2297 651 2

171 652 430 724 quoniam
455 648 725 720 Augustus
748 665 937 719 gerere
968 644 1300 718 magistratus
1326 648 1626 703 minoribus
1654 652 1799 703 annis
1824 650 2016 706 XXX.
2032 660 2275 724 permitis
2277 692 2296 700 -

166 727 275 789 -set‚
310 727 402 780 lex
433 724 734 779 senatorem
769 723 875 776 effe
912 721 1159 777 voluiss'et
1192 759 1209 786 ,
1253 725 1354 794 qui
1385 722 1613 794 geffiffet
1641 724 2023 795 magistratum.
2106 728 2188 785 De
2217 736 2341 791 hisr

166 816 353 856 >autem
377 801 471 871 qui
504 816 620 853 ,non
647 795 911 871 geffiffent
933 837 948 862 ,
997 799 1240 871 quamvis
1285 796 1451 851 essent
1487 799 1672 854 aetatis
1701 800 1938 872 ejusdem
1958 843 1972 864 ‚
2014 805 2161 875 cujus
2193 811 2294 875 illi,

169 876 360 945 quibus
384 890 574 945 gerere
594 871 904 944 permissum
929 873 1031 936 est,
1069 871 1399 927 haesitabam.
1427 890 1523 944 per
1546 875 1696 946 quod
1725 875 1973 932 effeetum
2005 880 2101 943 eti,
2133 898 2189 936 ut
2217 902 2289 949 te,

165 948 433 1011 Domine,
478 950 989 1023 consulerem‚quid
1013 948 1282 1004 observari
1312 949 1491 1003 velles,
1517 952 1692 1022 capita
1721 953 1847 1023 legis
1867 992 1884 1018 ,
1911 968 2029 1009 tum
2053 955 2292 1016 editorum

160 1021 396 1095 Augusti
414 1024 581 1079 literis
605 1024 819 1094 subjeci.

336 1211 665 1269 LXXXIV.
737 1212 1009 1270 LXXXI.
1087 1211 1638 1285 TRAJANUS
1715 1217 2115 1277 PL1N10.

157 1391 510 1468 'Comprobat
535 1392 851 1448 sententiam
874 1392 1111 1457 Secundi
1131 1391 1397 1465 Trajanus
1427 1433 1443 1459 ,
1499 1397 1650 1465 quod
1679 1398 1856 1468 edieto
1883 1399 2110 1472 Augusti
2135 1401 2290 1456 liceat

239 1467 606 1540 magistratum
647 1486 840 1541 capere
878 1467 942 1521 ab
975 1470 1123 1522 annis
1163 1468 1375 1524 duobus
1419 1471 1473 1524 &
1516 1471 1649 1526 XX.
1692 1475 1744 1526 &
1770 1473 1839 1528 fic
1871 1475 1973 1529 effe
2000 1476 2055 1530 in
2079 1475 2289 1531 senatu:

238 1562 332 1617 qul
354 1561 626 1673 vegioXnon
653 1543 899 1614 gefl'erint
925 1543 1290 1615 magistratum
1308 1583 1327 1608 ‚
1365 1563 1477 1600 non
1504 1546 1651 1618 poii'e
1676 1548 1793 1604 fieri
1817 1549 2086 1606 senatores
2114 1552 2291 1607 mino—

230 1636 320 1674 res
346 1618 402 1673 X
529 1659 540 1673 .
567 1620 735 1674 annis„
1902 1630 1903 1633 ’

238 1779 648 1853 Nterpretationi
670 1790 821 1843 tuae,
862 1780 934 1831 mi
958 1777 1176 1855 Secrmde
1200 1777 1437 1848 car'zffime
1457 1817 1472 1843 ‚
1510 1787 1530 1816 ³
1554 1779 1682 1834 idem
1710 1782 1963 1852 existimo,
2006 1779 2291 1842 ''haeremu-

232 1854 392 1909 edz'c‘i‘o
414 1856 530 1908 dive·
554 1853 773 1927 Augusti
793 1865 1038 1909 novatam
1062 1854 1150 1926 eſj'e
1171 1857 1328 1928 legem
1349 1857 1639 1931 Pompejczm
1660 1896 1676 1920 ‚
1720 1867 1776 1909 ut
1798 1876 1907 1931 mag
1917 1859 2152 1930 istratum
2176 1868 2289 1935 qui-

2180 1937 2289 1992 dem

220 2105 253 2134 r.
277 2094 530 2133 Honestorum
542 2092 758 2144 hominum]
787 2093 937 2145 Plebejis
947 2103 1184 2143 opponuntur
1222 2104 1228 2146 1
1259 2094 1411 2132 alterum
1432 2109 1448 2132 e
1464 2094 1678 2145 patruelibus
1700 2124 1711 2142 ,
1738 2096 1829 2148 quod
1845 2110 1922 2135 eum
1941 2099 2149 2140 comitiorum
2170 2105 2287 2154 consu-

164 2146 304 2186 honesti
322 2147 490 2185 homines
510 2171 522 2190 ,
557 2145 630 2183 hoc
652 2146 699 2182 est
716 2172 726 2188 ‚
752 2146 814 2194 qui
833 2145 1050 2194 magistratus
1071 2145 1184 2195 gesse·
1220 2149 1226 2193 f
1261 2146 1388 2183 larium
1408 2147 1461 2183 die
1479 2147 1692 2184 destinatum
1712 2176 1723 2193 ‚
1750 2158 1928 2199 perperam
1942 2159 2063 2200 praeco
2077 2166 2142 2190 non
2167 2159 2287 2204 consu-

163 2205 255 2234 rant.
307 2196 349 2235 ld
383 2198 480 2236 enim
517 2197 595 2234 vult
629 2195 807 2234 veteribus
824 2194 930 2233 honor
950 2225 961 2241 ,
999 2197 1187 2244 honestum.
1260 2197 1327 2234 lem
1355 2198 1406 2234 ad
1431 2198 1591 2246 populum
1611 2226 1620 2242 ‚
1648 2199 1713 2248 sed
1750 2206 1990 2249 Imperatorem
2022 2206 2286 2256 pronunciaffit,

163 2247 290 2286 Florus
316 2247 397 2287 Lib.
414 2248 441 2285 I.
469 2257 543 2295 cap.
564 2246 705 2284 XXVI.
731 2247 842 2294 princ.
865 2249 1045 2295 Qunam
1065 2249 1186 2286 hono·
1261 2248 1430 2298 Ineptum
1450 2248 1500 2285 est
1524 2275 1534 2292 ,
1572 2250 1673 2297 quod
1693 2250 1869 2289 obferunt
1890 2252 2072 2300 Gryphius
2091 2255 2129 2291 ὃς
2150 2255 2284 2295 Grute-

164 2309 246 2337 rum
269 2298 406 2347 cupido,
438 2308 477 2334 ut
495 2296 625 2346 plebeji
648 2309 774 2346 quoque
794 2300 1014 2346 magistratus
1035 2312 1187 2336 crearen-
1260 2311 1317 2336 rus
1335 2327 1346 2343 ‚
1375 2298 1551 2349 quodque
1580 2303 1730 2348 margini
1758 2301 1969 2340 adleverunt
1991 2303 2221 2343 Casaubonus
2243 2308 2283 2345 &

162 2360 237 2387 rur.
289 2349 481 2386 Suetonius
499 2347 596 2396 Aug.
618 2347 849 2396 cap.XLV1.
890 2354 948 2387 Ac
978 2349 1096 2386 necubi
1124 2360 1188 2386 aut
1263 2351 1410 2393 Minos,
1438 2349 1492 2387 lex
1513 2350 1718 2388 senatorum
1742 2363 1807 2399 pro
1835 2352 1889 2391 lex
1914 2353 2128 2393 senatorem.
2182 2357 2282 2396 Nam

164 2399 400 2438 honestorum
421 2400 570 2451 deficeret
591 2398 678 2447 copia
694 2425 704 2442 ,
724 2408 788 2435 aut
809 2398 1042 2438 multitudinis
1050 2399 1190 2450 soboles.
1261 2411 1324 2448 per
1342 2401 1461 2448 legem
1484 2400 1700 2451 Pompejam
1722 2400 1856 2441 fiebant
1875 2405 2054 2443 senatores
2071 2433 2084 2451 ,
2121 2407 2185 2456 qui
2203 2419 2285 2447 ma·

164 2450 275 2489 Adde
296 2450 465 2489 Cortium
487 2449 531 2487 acl
551 2447 629 2487 Cic.
649 2448 695 2488 ΙΙ.
721 2449 830 2497 Epist.
847 2449 932 2487 XV.
965 2461 1002 2488 n.
1024 2461 1058 2498 3.
1085 2453 1122 2488 ἃ
1142 2451 1185 2489 ad
1260 2451 1417 2499 gistratus
1436 2449 1624 2499 geffiffent.
1653 2453 1722 2490 Lo
1737 2466 1762 2490 N
1775 2463 1800 2490 G
1813 2466 1837 2490 o
1851 2468 1870 2491 L
1885 2467 1899 2492 1
1913 2469 1937 2492 u
1953 2468 1983 2493 s.

163 2501 297 2539 Sallust.
321 2501 402 2550 Jug.
427 2512 505 2549 cap.
520 2498 588 2537 ΙΙΙ.
613 2512 650 2537 n.
672 2511 704 2537 1.
731 2499 800 2536 Lo
815 2510 878 2537 NG
892 2513 914 2535 o
928 2512 1050 2538 uus.
1315 2514 1351 2552 3.
1377 2502 1480 2539 Idem
1502 2501 1691 2554 exist'imo.]
1723 2503 1805 2541 Sola
1824 2506 1934 2543 editio
1956 2506 2102 2554 Joannis
2131 2508 2175 2547 de
2196 2507 2282 2547 Tri-

213 2563 249 2590 2.
276 2548 695 2598 Destinatiscenfhribus.]
724 2551 818 2597 Quis
836 2549 1028 2588 destinatus
1048 2552 1084 2589 in
1105 2563 1186 2589 mu·
1260 2552 1349 2591 dino
1362 2581 1373 2598 ,
1400 2565 1483 2590 cum
1511 2554 1592 2590 MS.
1618 2553 1722 2592 Voff.
1742 2563 1780 2591 ut
1801 2556 1963 2604 existimo.

165 2601 304 2640 neribus
322 2601 469 2650 publicis
485 2598 621 2637 dicatur
645 2626 657 2644 ,
693 2598 800 2637 docet
834 2600 968 2638 Noster
997 2602 1033 2638 in
1053 2602 1185 2651 paneg.
1306 2617 1343 2652 4.
1367 2607 1542 2642 Hac‘lenus
1558 2604 1663 2642 editio
1683 2609 1890 2656 D.Augusli
1908 2619 2080 2646 novatam
2100 2609 2156 2658 effi
2176 2609 2279 2659 legem

167 2662 243 2700 cap.
262 2651 445 2691 LXXVII
453 2684 456 2685 γ
481 2662 518 2687 n.
540 2661 572 2687 1.
603 2656 700 2686 Nam
726 2650 860 2689 comitia
879 2652 1053 2701 consulum
1068 2652 1184 2692 obibat
1258 2655 1490 2706 Pompeium]
1524 2659 1694 2694 Haciemcs
1715 2669 1781 2706 pro
1803 2664 1956 2697 Eatenus
1978 2689 1989 2703 ,
2018 2672 2084 2708 pro
2105 2671 2146 2697 ea
2168 2669 2279 2709 parte.

167 2699 255 2750 ipsu
293 2713 435 2741 tantum
466 2714 507 2739 ex
533 2701 801 2738 renuntiatione
831 2715 944 2740 eorum
965 2702 1154 2747 voluptatis
1174 2735 1183 2750 ‚
1259 2706 1407 2745 Novata
1427 2716 1550 2745 autem
1571 2706 1698 2745 dicitur
1716 2709 1773 2746 hie
1787 2709 1842 2746 lex
1858 2738 1867 2753 ,
1892 2721 1969 2746 non
1992 2721 2104 2758 quae,
2132 2723 2216 2748 cum
2239 2711 2278 2750 in

171 2762 337 2799 quantum
359 2753 452 2804 prius
483 2765 525 2790 ex
545 2751 780 2789 destinatione
797 2752 958 2801 capiebat.
984 2752 1187 2803 Tranquill.
1257 2756 1529 2796 desuetudinem
1543 2757 1696 2803 abiisset,
1720 2761 1755 2796 in
1777 2760 1876 2797 usum
1888 2761 2171 2804 revocatur3sed
2184 2773 2279 2811 quae

175 2800 274 2838 Caes.
289 2813 363 2851 cap.
383 2804 414 2841 Ι.
437 2803 549 2852 princ.
587 2801 712 2848 Julius
743 2804 873 2852 Caesar
905 2804 1024 2841 Divus
1051 2818 1185 2842 annum
1260 2809 1427 2846 nonnihil
1438 2816 1594 2847 mutatur
1609 2838 1618 2852 ‚
1638 2809 1761 2847 velcui
1772 2809 1973 2859 derogatur.
2001 2811 2056 2847 Ri
2073 2824 2097 2849 τ
2110 2825 2133 2850 τ
2146 2825 2168 2850 1-:
2183 2825 2280 2852 asu.

177 2862 274 2897 agens
283 2850 424 2899 sextum
445 2854 616 2891 decimum
633 2862 767 2901 patrem
787 2852 924 2903 amisit,
950 2856 1187 2904 fiquentibus-
1263 2859 1371 2905 Epist.
1389 2859 1528 2897 CXVI.
1567 2858 1662 2897 Mihi
1693 2859 1753 2896 hoc
1780 2870 2086 2910 temperamentum
2117 2864 2187 2911 ejus
2203 2863 2280 2912 pla-

179 2911 241 2947 quae
259 2903 440 2946 consulibus
455 2905 587 2952 flamen
609 2904 727 2942 Dialis
747 2904 947 2943 destinatus.
973 2905 1097 2954 Callig.
1112 2918 1189 2954 cap.
1261 2908 1354 2953 cuit,
1381 2920 1419 2946 ut
1444 2922 1485 2947 ex
1497 2910 1680 2957 praeterito
1695 2910 1783 2946 nihil
1802 2923 2022 2950 novaremus
2043 2941 2054 2958 ‚
2076 2914 2137 2963 sed
2154 2924 2282 2952 mane-

178 2949 264 2986 ΧΠ.
289 2952 420 2991 Deinde
436 2967 547 3004 augur
564 2956 601 2993 in
623 2955 734 2993 locum
749 2958 859 3003 fratis
872 2956 929 3006 sui
950 2956 1060 3003 Drufi
1087 2956 1189 2995 desti·
1264 2966 1356 2997 rent.
1383 2959 1515 2997 Sallust.
1541 2960 1621 2997 Cat.
1641 2972 1717 3009 cap.
1733 2961 1908 3001 XXXIX.
1934 2975 1969 3000 n.
1992 2976 2026 3013 3.
2054 2965 2119 3002 sed
2139 2965 2199 3003 ubi
2210 2966 2283 3014 pri-

178 3006 304 3042 natus,
328 3002 416 3044 prius
435 3018 539 3055 quam
556 3006 824 3056 inauguraretur
847 3035 857 3051 ,
876 3008 925 3044 ad
946 3009 1190 3059 Pontificatum
1264 3022 1361 3048 mum
1389 3010 1505 3050 dubiis
1531 3010 1632 3050 rebus
1660 3013 1836 3052 novandis
1859 3016 1934 3064 spes
1959 3016 2087 3055 oblata.
2107 3015 2166 3054 ubi
2186 3016 2280 3053 Cor-

178 3050 360 3088 tradussus
387 3052 440 3100 eft.
471 3055 618 3097 Domit.
652 3069 730 3108 cap.
748 3058 797 3099 X.
834 3059 1000 3099 Flavium
1021 3059 1189 3098 Sabinum
1262 3068 1310 3100 te,

1653 3112 1805 3152 111112
2098 3127 2131 3156 1.
2155 3114 2284 3164 Poffint
