<?xml version="1.0" encoding="UTF-8"?>
<!DOCTYPE html PUBLIC "-//W3C//DTD XHTML 1.0 Transitional//EN"
    "http://www.w3.org/TR/xhtml1/DTD/xhtml1-transitional.dtd">
<html xmlns="http://www.w3.org/1999/xhtml" xml:lang="en" lang="en">
 <head>
  <title>
</title>
<meta http-equiv="Content-Type" content="text/html;charset=utf-8" />
  <meta name='ocr-system' content='tesseract 3.04.00' />
  <meta name='ocr-capabilities' content='ocr_page ocr_carea ocr_par ocr_line ocrx_word'/>
</head>
<body>
  <div class='ocr_page' id='page_1' title='image "./caiipliniicaecil00plin_0234.png"; bbox 0 0 2616 3686; ppageno 0'>
   <div class='ocr_carea' id='block_1_1' title="bbox 253 278 275 332">
    <p class='ocr_par' dir='ltr' id='par_1_1' title="bbox 253 278 275 332">
     <span class='ocr_line' id='line_1_1' title="bbox 253 278 275 332; baseline 0 0"><span class='ocrx_word' id='word_1_1' title='bbox 253 278 275 332; x_wconf 81' lang='lat'><em>3</em></span> 
     </span>
    </p>
   </div>
   <div class='ocr_carea' id='block_1_2' title="bbox 325 183 2214 258">
    <p class='ocr_par' dir='ltr' id='par_1_2' title="bbox 325 183 2214 258">
     <span class='ocr_line' id='line_1_2' title="bbox 325 183 2214 258; baseline 0.002 -16"><span class='ocrx_word' id='word_1_2' title='bbox 325 208 413 258; x_wconf 78' lang='lat'>¹72</span> <span class='ocrx_word' id='word_1_3' title='bbox 549 183 2214 248; x_wconf 71' lang='lat' dir='ltr'>C.PL1N11&#39;·CAECIL118EC.UND1</span> 
     </span>
    </p>
   </div>
   <div class='ocr_carea' id='block_1_3' title="bbox 322 267 2426 487">
    <p class='ocr_par' dir='ltr' id='par_1_3' title="bbox 322 267 2426 487">
     <span class='ocr_line' id='line_1_3' title="bbox 322 267 2426 346; baseline 0.007 -24"><span class='ocrx_word' id='word_1_4' title='bbox 322 267 677 340; x_wconf 87' lang='lat' dir='ltr'>omnibusque</span> <span class='ocrx_word' id='word_1_5' title='bbox 704 267 938 322; x_wconf 85' lang='lat' dir='ltr'>motibus</span> <span class='ocrx_word' id='word_1_6' title='bbox 972 271 1134 325; x_wconf 86' lang='lat' dir='ltr'>animi</span> <span class='ocrx_word' id='word_1_7' title='bbox 1155 270 1540 328; x_wconf 87' lang='lat' dir='ltr'>consentaneus</span> <span class='ocrx_word' id='word_1_8' title='bbox 1566 274 1722 346; x_wconf 90' lang='lat' dir='ltr'>vigor</span> <span class='ocrx_word' id='word_1_9' title='bbox 1746 278 2006 344; x_wconf 85' lang='lat' dir='ltr'>corporis.</span> <span class='ocrx_word' id='word_1_10' title='bbox 2042 278 2186 333; x_wconf 90' lang='lat' dir='ltr'>unde</span> <span class='ocrx_word' id='word_1_11' title='bbox 2219 280 2426 337; x_wconf 72' lang='lat' dir='ltr'>accidit</span> 
     </span>
     <span class='ocr_line' id='line_1_4' title="bbox 324 339 2420 422; baseline 0.007 -30"><span class='ocrx_word' id='word_1_12' title='bbox 324 354 383 393; x_wconf 91' lang='lat' dir='ltr'>ut</span> <span class='ocrx_word' id='word_1_13' title='bbox 419 339 474 392; x_wconf 87' lang='lat' dir='ltr'>hi</span> <span class='ocrx_word' id='word_1_14' title='bbox 517 340 886 408; x_wconf 82' lang='lat' dir='ltr'>quisedentes</span> <span class='ocrx_word' id='word_1_15' title='bbox 925 357 938 378; x_wconf 82' lang='lat'><em>¹</em></span> <span class='ocrx_word' id='word_1_16' title='bbox 977 355 1140 410; x_wconf 90' lang='lat' dir='ltr'>agunt</span> <span class='ocrx_word' id='word_1_17' title='bbox 1165 381 1181 406; x_wconf 93' lang='lat'>‚</span> <span class='ocrx_word' id='word_1_18' title='bbox 1230 347 1471 414; x_wconf 84' lang='lat' dir='ltr'>quamvis</span> <span class='ocrx_word' id='word_1_19' title='bbox 1505 345 1602 400; x_wconf 86' lang='lat' dir='ltr'>illis</span> <span class='ocrx_word' id='word_1_20' title='bbox 1642 345 1869 401; x_wconf 82' lang='lat' dir='ltr'>maxima</span> <span class='ocrx_word' id='word_1_21' title='bbox 1904 356 2143 417; x_wconf 79' lang='lat' dir='ltr'><strong>exparte</strong></span> <span class='ocrx_word' id='word_1_22' title='bbox 2166 350 2420 422; x_wconf 88' lang='lat' dir='ltr'>supersint</span> 
     </span>
     <span class='ocr_line' id='line_1_5' title="bbox 327 408 2422 487; baseline 0.007 -23"><span class='ocrx_word' id='word_1_23' title='bbox 327 423 343 442; x_wconf 84' lang='lat'>²</span> <span class='ocrx_word' id='word_1_24' title='bbox 368 408 555 467; x_wconf 87' lang='lat' dir='ltr'>eadem</span> <span class='ocrx_word' id='word_1_25' title='bbox 577 412 662 470; x_wconf 81' lang='lat' dir='ltr'>illa</span> <span class='ocrx_word' id='word_1_26' title='bbox 690 429 826 484; x_wconf 89' lang='lat' dir='ltr'>quae</span> <span class='ocrx_word' id='word_1_27' title='bbox 851 411 1140 477; x_wconf 80' lang='lat' dir='ltr'>stantibus,</span> <span class='ocrx_word' id='word_1_28' title='bbox 1172 428 1350 471; x_wconf 88' lang='lat' dir='ltr'>tamen</span> <span class='ocrx_word' id='word_1_29' title='bbox 1374 417 1477 470; x_wconf 91' lang='lat' dir='ltr'>hoc</span> <span class='ocrx_word' id='word_1_30' title='bbox 1503 417 1654 487; x_wconf 91' lang='lat' dir='ltr'>quod</span> <span class='ocrx_word' id='word_1_31' title='bbox 1679 416 1862 472; x_wconf 90' lang='lat' dir='ltr'>sedent</span> <span class='ocrx_word' id='word_1_32' title='bbox 1897 418 2040 486; x_wconf 87' lang='lat' dir='ltr'>quasi</span> <span class='ocrx_word' id='word_1_33' title='bbox 2073 421 2422 478; x_wconf 83' lang='lat' dir='ltr'>debilitentur</span> 
     </span>
    </p>
   </div>
   <div class='ocr_carea' id='block_1_4' title="bbox 255 481 2420 564">
    <p class='ocr_par' dir='ltr' id='par_1_4' title="bbox 255 481 2420 564">
     <span class='ocr_line' id='line_1_6' title="bbox 255 481 2420 564; baseline 0.004 -31"><span class='ocrx_word' id='word_1_34' title='bbox 255 497 287 541; x_wconf 82' lang='lat'>4</span> <span class='ocrx_word' id='word_1_35' title='bbox 334 484 385 534; x_wconf 69' lang='grc' dir='ltr'>δε</span> <span class='ocrx_word' id='word_1_36' title='bbox 424 481 808 553; x_wconf 82' lang='lat' dir='ltr'>deprimantur.</span> <span class='ocrx_word' id='word_1_37' title='bbox 885 484 1256 540; x_wconf 84' lang='lat' dir='ltr'>Recitantium</span> <span class='ocrx_word' id='word_1_38' title='bbox 1291 504 1422 540; x_wconf 92' lang='lat' dir='ltr'>vero</span> <span class='ocrx_word' id='word_1_39' title='bbox 1455 489 1737 558; x_wconf 89' lang='lat' dir='ltr'>praecipua</span> <span class='ocrx_word' id='word_1_40' title='bbox 1771 489 2227 556; x_wconf 69' lang='lat' dir='ltr'>pronunciationis</span> <span class='ocrx_word' id='word_1_41' title='bbox 2272 495 2420 564; x_wconf 85' lang='lat' dir='ltr'>adju-</span> 
     </span>
    </p>
   </div>
   <div class='ocr_carea' id='block_1_5' title="bbox 331 556 2419 630">
    <p class='ocr_par' dir='ltr' id='par_1_5' title="bbox 331 556 2419 630">
     <span class='ocr_line' id='line_1_7' title="bbox 331 556 2419 630; baseline 0.004 -25"><span class='ocrx_word' id='word_1_42' title='bbox 331 567 542 618; x_wconf 88' lang='lat' dir='ltr'>menta,</span> <span class='ocrx_word' id='word_1_43' title='bbox 581 558 594 584; x_wconf 86' lang='lat'>³</span> <span class='ocrx_word' id='word_1_44' title='bbox 627 556 797 618; x_wconf 87' lang='lat' dir='ltr'>oculi,</span> <span class='ocrx_word' id='word_1_45' title='bbox 835 570 1051 618; x_wconf 86' lang='lat' dir='ltr'>manus,</span> <span class='ocrx_word' id='word_1_46' title='bbox 1087 573 1106 597; x_wconf 71' lang='lat'>⁴</span> <span class='ocrx_word' id='word_1_47' title='bbox 1128 557 1578 626; x_wconf 86' lang='lat' dir='ltr'>praepediuntur,</span> <span class='ocrx_word' id='word_1_48' title='bbox 1613 560 1900 630; x_wconf 86' lang='lat' dir='ltr'>quominus</span> <span class='ocrx_word' id='word_1_49' title='bbox 1927 561 2119 614; x_wconf 86' lang='lat' dir='ltr'>mirum</span> <span class='ocrx_word' id='word_1_50' title='bbox 2147 559 2268 615; x_wconf 86' lang='lat' dir='ltr'>estsi</span> <span class='ocrx_word' id='word_1_51' title='bbox 2328 581 2419 618; x_wconf 91' lang='lat' dir='ltr'>au-</span> 
     </span>
    </p>
   </div>
   <div class='ocr_carea' id='block_1_6' title="bbox 283 624 2426 695">
    <p class='ocr_par' dir='ltr' id='par_1_6' title="bbox 283 624 2426 695">
     <span class='ocr_line' id='line_1_8' title="bbox 283 624 2426 695; baseline 0.006 -19"><span class='ocrx_word' id='word_1_52' title='bbox 283 637 292 641; x_wconf 66' lang='lat'><strong><em>‘</em></strong></span> <span class='ocrx_word' id='word_1_53' title='bbox 330 624 566 680; x_wconf 79' lang='lat' dir='ltr'>dirorum</span> <span class='ocrx_word' id='word_1_54' title='bbox 624 627 636 652; x_wconf 81' lang='lat'>⁵</span> <span class='ocrx_word' id='word_1_55' title='bbox 674 626 904 680; x_wconf 89' lang='lat' dir='ltr'>intentio</span> <span class='ocrx_word' id='word_1_56' title='bbox 942 625 1274 695; x_wconf 87' lang='lat' dir='ltr'>languescit,</span> <span class='ocrx_word' id='word_1_57' title='bbox 1326 627 1485 682; x_wconf 80' lang='lat' dir='ltr'>nullis</span> <span class='ocrx_word' id='word_1_58' title='bbox 1527 626 1546 649; x_wconf 85' lang='lat'><strong>⁶</strong></span> <span class='ocrx_word' id='word_1_59' title='bbox 1588 630 1916 685; x_wconf 85' lang='lat' dir='ltr'>extrinsecus</span> <span class='ocrx_word' id='word_1_60' title='bbox 1939 645 2026 686; x_wconf 90' lang='lat' dir='ltr'>aut</span> <span class='ocrx_word' id='word_1_61' title='bbox 2053 632 2426 689; x_wconf 81' lang='lat' dir='ltr'>blandimentis</span> 
     </span>
    </p>
   </div>
   <div class='ocr_carea' id='block_1_7' title="bbox 255 712 285 760">
    <p class='ocr_par' dir='ltr' id='par_1_7' title="bbox 255 712 285 760">
     <span class='ocr_line' id='line_1_9' title="bbox 255 712 285 760; baseline 0 0"><span class='ocrx_word' id='word_1_62' title='bbox 255 712 285 760; x_wconf 87' lang='lat'>5</span> 
     </span>
    </p>
   </div>
   <div class='ocr_carea' id='block_1_8' title="bbox 254 851 285 892">
    <p class='ocr_par' dir='ltr' id='par_1_8' title="bbox 254 851 285 892">
     <span class='ocr_line' id='line_1_10' title="bbox 254 851 285 892; baseline 0 0"><span class='ocrx_word' id='word_1_63' title='bbox 254 851 285 892; x_wconf 91' lang='lat'>6</span> 
     </span>
    </p>
   </div>
   <div class='ocr_carea' id='block_1_9' title="bbox 328 696 2455 1200">
    <p class='ocr_par' dir='ltr' id='par_1_9' title="bbox 328 696 2455 1200">
     <span class='ocr_line' id='line_1_11' title="bbox 333 696 2431 775; baseline 0.004 -25"><span class='ocrx_word' id='word_1_64' title='bbox 333 710 482 767; x_wconf 88' lang='lat' dir='ltr'>capta</span> <span class='ocrx_word' id='word_1_65' title='bbox 511 736 527 761; x_wconf 92' lang='lat'>,</span> <span class='ocrx_word' id='word_1_66' title='bbox 575 709 590 734; x_wconf 97' lang='lat'><strong>⁷</strong></span> <span class='ocrx_word' id='word_1_67' title='bbox 626 712 713 750; x_wconf 88' lang='lat' dir='ltr'>aut</span> <span class='ocrx_word' id='word_1_68' title='bbox 750 696 942 750; x_wconf 84' lang='lat' dir='ltr'>aculeis</span> <span class='ocrx_word' id='word_1_69' title='bbox 984 699 1228 752; x_wconf 87' lang='lat' dir='ltr'>excitata.</span> <span class='ocrx_word' id='word_1_70' title='bbox 1271 698 1374 752; x_wconf 85' lang='lat' dir='ltr'>His</span> <span class='ocrx_word' id='word_1_71' title='bbox 1411 700 1619 753; x_wconf 88' lang='lat' dir='ltr'>accedit</span> <span class='ocrx_word' id='word_1_72' title='bbox 1648 703 1796 770; x_wconf 90' lang='lat' dir='ltr'>quod</span> <span class='ocrx_word' id='word_1_73' title='bbox 1823 706 1997 757; x_wconf 89' lang='lat' dir='ltr'>oratio</span> <span class='ocrx_word' id='word_1_74' title='bbox 2023 703 2091 756; x_wconf 92' lang='lat' dir='ltr'>de</span> <span class='ocrx_word' id='word_1_75' title='bbox 2114 720 2216 774; x_wconf 89' lang='lat' dir='ltr'>qua</span> <span class='ocrx_word' id='word_1_76' title='bbox 2238 705 2431 775; x_wconf 85' lang='lat' dir='ltr'>loquor</span> 
     </span>
     <span class='ocr_line' id='line_1_12' title="bbox 332 758 2455 842; baseline 0.004 -21"><span class='ocrx_word' id='word_1_77' title='bbox 332 784 545 839; x_wconf 82' lang='lat' dir='ltr'>pugnax</span> <span class='ocrx_word' id='word_1_78' title='bbox 581 758 598 784; x_wconf 81' lang='lat'>⁸</span> <span class='ocrx_word' id='word_1_79' title='bbox 636 770 689 822; x_wconf 75' lang='grc' dir='ltr'>δε</span> <span class='ocrx_word' id='word_1_80' title='bbox 729 767 1062 822; x_wconf 86' lang='lat' dir='ltr'>contentiosa</span> <span class='ocrx_word' id='word_1_81' title='bbox 1086 770 1177 824; x_wconf 91' lang='lat' dir='ltr'>est.</span> <span class='ocrx_word' id='word_1_82' title='bbox 1255 769 1426 823; x_wconf 87' lang='lat' dir='ltr'>Porro</span> <span class='ocrx_word' id='word_1_83' title='bbox 1452 771 1523 823; x_wconf 91' lang='lat' dir='ltr'>ita</span> <span class='ocrx_word' id='word_1_84' title='bbox 1548 785 1732 826; x_wconf 89' lang='lat' dir='ltr'>natura</span> <span class='ocrx_word' id='word_1_85' title='bbox 1757 788 2122 842; x_wconf 87' lang='lat' dir='ltr'>comparatum</span> <span class='ocrx_word' id='word_1_86' title='bbox 2149 775 2250 838; x_wconf 87' lang='lat' dir='ltr'>est,</span> <span class='ocrx_word' id='word_1_87' title='bbox 2287 787 2343 828; x_wconf 90' lang='lat' dir='ltr'>ut</span> <span class='ocrx_word' id='word_1_88' title='bbox 2371 793 2455 830; x_wconf 87' lang='lat' dir='ltr'>ea.</span> 
     </span>
     <span class='ocr_line' id='line_1_13' title="bbox 335 839 2432 915; baseline 0.003 -21"><span class='ocrx_word' id='word_1_89' title='bbox 335 856 472 907; x_wconf 87' lang='lat' dir='ltr'>quae</span> <span class='ocrx_word' id='word_1_90' title='bbox 497 839 789 909; x_wconf 74' lang='lat' dir='ltr'>scripsimus</span> <span class='ocrx_word' id='word_1_91' title='bbox 813 855 937 893; x_wconf 90' lang='lat' dir='ltr'>cum</span> <span class='ocrx_word' id='word_1_92' title='bbox 963 839 1172 907; x_wconf 89' lang='lat' dir='ltr'>labore,</span> <span class='ocrx_word' id='word_1_93' title='bbox 1210 857 1228 881; x_wconf 86' lang='lat'><strong>⁹</strong></span> <span class='ocrx_word' id='word_1_94' title='bbox 1251 841 1411 895; x_wconf 87' lang='lat' dir='ltr'>etiam</span> <span class='ocrx_word' id='word_1_95' title='bbox 1440 857 1564 894; x_wconf 91' lang='lat' dir='ltr'>cum</span> <span class='ocrx_word' id='word_1_96' title='bbox 1590 842 1770 897; x_wconf 88' lang='lat' dir='ltr'>labore</span> <span class='ocrx_word' id='word_1_97' title='bbox 1809 845 1979 900; x_wconf 89' lang='lat' dir='ltr'>audiri</span> <span class='ocrx_word' id='word_1_98' title='bbox 2018 859 2283 915; x_wconf 80' lang='lat' dir='ltr'>putemuS.</span> <span class='ocrx_word' id='word_1_99' title='bbox 2360 847 2432 901; x_wconf 80' lang='lat' dir='ltr'>Et</span> 
     </span>
     <span class='ocr_line' id='line_1_14' title="bbox 328 909 2434 986; baseline 0.004 -22"><span class='ocrx_word' id='word_1_100' title='bbox 328 910 448 965; x_wconf 89' lang='lat' dir='ltr'>sane</span> <span class='ocrx_word' id='word_1_101' title='bbox 490 912 522 933; x_wconf 81' lang='lat'>¹⁰</span> <span class='ocrx_word' id='word_1_102' title='bbox 561 909 978 981; x_wconf 86' lang='lat' dir='ltr'>quotusquisque</span> <span class='ocrx_word' id='word_1_103' title='bbox 1014 924 1123 964; x_wconf 90' lang='lat' dir='ltr'>tam</span> <span class='ocrx_word' id='word_1_104' title='bbox 1160 913 1332 966; x_wconf 74' lang='lat' dir='ltr'>rectus</span> <span class='ocrx_word' id='word_1_105' title='bbox 1367 911 1582 965; x_wconf 87' lang='lat' dir='ltr'>auditor</span> <span class='ocrx_word' id='word_1_106' title='bbox 1607 950 1622 975; x_wconf 94' lang='lat'>,</span> <span class='ocrx_word' id='word_1_107' title='bbox 1682 929 1846 983; x_wconf 90' lang='lat' dir='ltr'>quem</span> <span class='ocrx_word' id='word_1_108' title='bbox 1885 933 1993 970; x_wconf 91' lang='lat' dir='ltr'>non</span> <span class='ocrx_word' id='word_1_109' title='bbox 2032 918 2208 986; x_wconf 86' lang='lat' dir='ltr'>potius</span> <span class='ocrx_word' id='word_1_110' title='bbox 2257 917 2434 973; x_wconf 87' lang='lat' dir='ltr'>dulcia</span> 
     </span>
     <span class='ocr_line' id='line_1_15' title="bbox 331 980 2437 1056; baseline 0.004 -21"><span class='ocrx_word' id='word_1_111' title='bbox 331 982 465 1035; x_wconf 86' lang='lat' dir='ltr'>haec</span> <span class='ocrx_word' id='word_1_112' title='bbox 494 980 549 1034; x_wconf 72' lang='grc' dir='ltr'>δε</span> <span class='ocrx_word' id='word_1_113' title='bbox 572 983 834 1044; x_wconf 85' lang='lat' dir='ltr'>sonantia,</span> <span class='ocrx_word' id='word_1_114' title='bbox 871 999 1030 1052; x_wconf 89' lang='lat' dir='ltr'>quam</span> <span class='ocrx_word' id='word_1_115' title='bbox 1059 982 1259 1037; x_wconf 86' lang='lat' dir='ltr'>austera</span> <span class='ocrx_word' id='word_1_116' title='bbox 1289 981 1342 1036; x_wconf 86' lang='lat'>&amp;</span> <span class='ocrx_word' id='word_1_117' title='bbox 1372 982 1537 1053; x_wconf 87' lang='lat' dir='ltr'>preffa</span> <span class='ocrx_word' id='word_1_118' title='bbox 1565 982 1831 1038; x_wconf 69' lang='lat' dir='ltr'>delecient</span> <span class='ocrx_word' id='word_1_119' title='bbox 1860 985 1878 1036; x_wconf 89' lang='lat'>?</span> <span class='ocrx_word' id='word_1_120' title='bbox 1921 986 2011 1040; x_wconf 79' lang='lat' dir='ltr'>Est</span> <span class='ocrx_word' id='word_1_121' title='bbox 2027 987 2249 1056; x_wconf 87' lang='lat' dir='ltr'>quidem</span> <span class='ocrx_word' id='word_1_122' title='bbox 2264 992 2437 1044; x_wconf 90' lang='lat' dir='ltr'>omni-</span> 
     </span>
     <span class='ocr_line' id='line_1_16' title="bbox 330 1051 2440 1126; baseline 0.004 -19"><span class='ocrx_word' id='word_1_123' title='bbox 330 1071 404 1107; x_wconf 91' lang='lat' dir='ltr'>no</span> <span class='ocrx_word' id='word_1_124' title='bbox 441 1054 606 1123; x_wconf 84' lang='lat' dir='ltr'>turpis</span> <span class='ocrx_word' id='word_1_125' title='bbox 645 1054 731 1108; x_wconf 85' lang='lat' dir='ltr'>ista</span> <span class='ocrx_word' id='word_1_126' title='bbox 769 1052 1031 1108; x_wconf 81' lang='lat' dir='ltr'>discordia</span> <span class='ocrx_word' id='word_1_127' title='bbox 1062 1075 1077 1113; x_wconf 75' lang='lat'>3</span> <span class='ocrx_word' id='word_1_128' title='bbox 1143 1051 1172 1073; x_wconf 88' lang='lat'>¹¹</span> <span class='ocrx_word' id='word_1_129' title='bbox 1208 1053 1283 1108; x_wconf 82' lang='lat' dir='ltr'>est</span> <span class='ocrx_word' id='word_1_130' title='bbox 1327 1069 1503 1107; x_wconf 89' lang='lat' dir='ltr'>tamen</span> <span class='ocrx_word' id='word_1_131' title='bbox 1536 1091 1550 1116; x_wconf 92' lang='lat'>,</span> <span class='ocrx_word' id='word_1_132' title='bbox 1609 1057 1733 1126; x_wconf 90' lang='lat' dir='ltr'>quia</span> <span class='ocrx_word' id='word_1_133' title='bbox 1771 1056 2086 1126; x_wconf 88' lang='lat' dir='ltr'>plerumque</span> <span class='ocrx_word' id='word_1_134' title='bbox 2124 1060 2334 1124; x_wconf 89' lang='lat' dir='ltr'>evenit,</span> <span class='ocrx_word' id='word_1_135' title='bbox 2380 1074 2440 1115; x_wconf 88' lang='lat' dir='ltr'>ut</span> 
     </span>
     <span class='ocr_line' id='line_1_17' title="bbox 331 1123 2444 1200; baseline 0.003 -21"><span class='ocrx_word' id='word_1_136' title='bbox 331 1125 483 1181; x_wconf 88' lang='lat' dir='ltr'>aliud·</span> <span class='ocrx_word' id='word_1_137' title='bbox 509 1126 778 1180; x_wconf 86' lang='lat' dir='ltr'>auditores</span> <span class='ocrx_word' id='word_1_138' title='bbox 805 1165 820 1193; x_wconf 89' lang='lat'>,</span> <span class='ocrx_word' id='word_1_139' title='bbox 884 1124 1025 1179; x_wconf 87' lang='lat' dir='ltr'>aliud</span> <span class='ocrx_word' id='word_1_140' title='bbox 1045 1123 1252 1195; x_wconf 86' lang='lat' dir='ltr'>judices</span> <span class='ocrx_word' id='word_1_141' title='bbox 1275 1127 1488 1197; x_wconf 82' lang='lat' dir='ltr'>exigant</span> <span class='ocrx_word' id='word_1_142' title='bbox 1512 1164 1529 1191; x_wconf 92' lang='lat'>‚</span> <span class='ocrx_word' id='word_1_143' title='bbox 1578 1140 1609 1160; x_wconf 84' lang='lat'>¹²</span> <span class='ocrx_word' id='word_1_144' title='bbox 1634 1143 1758 1183; x_wconf 91' lang='lat' dir='ltr'>cum</span> <span class='ocrx_word' id='word_1_145' title='bbox 1784 1128 2016 1200; x_wconf 87' lang='lat' dir='ltr'>alioquin</span> <span class='ocrx_word' id='word_1_146' title='bbox 2044 1131 2325 1200; x_wconf 89' lang='lat' dir='ltr'>praecipue</span> <span class='ocrx_word' id='word_1_147' title='bbox 2353 1149 2444 1186; x_wconf 90' lang='lat' dir='ltr'>au-</span> 
     </span>
    </p>
   </div>
   <div class='ocr_carea' id='block_1_10' title="bbox 330 1298 1359 2003">
    <p class='ocr_par' dir='ltr' id='par_1_10' title="bbox 330 1298 1349 1400">
     <span class='ocr_line' id='line_1_18' title="bbox 330 1298 1349 1351; baseline 0.003 -16"><span class='ocrx_word' id='word_1_148' title='bbox 330 1299 436 1336; x_wconf 83' lang='lat' dir='ltr'>vium</span> <span class='ocrx_word' id='word_1_149' title='bbox 465 1298 696 1348; x_wconf 78' lang='lat' dir='ltr'>interrogasse</span> <span class='ocrx_word' id='word_1_150' title='bbox 728 1300 914 1350; x_wconf 79' lang='lat' dir='ltr'>quendam</span> <span class='ocrx_word' id='word_1_151' title='bbox 946 1298 1049 1336; x_wconf 86' lang='lat' dir='ltr'>suum</span> <span class='ocrx_word' id='word_1_152' title='bbox 1082 1299 1349 1351; x_wconf 82' lang='lat' dir='ltr'>antisophistam</span> 
     </span>
     <span class='ocr_line' id='line_1_19' title="bbox 336 1348 1219 1400; baseline 0.003 -14"><span class='ocrx_word' id='word_1_153' title='bbox 336 1357 430 1398; x_wconf 87' lang='lat' dir='ltr'>quot</span> <span class='ocrx_word' id='word_1_154' title='bbox 450 1350 560 1387; x_wconf 83' lang='lat' dir='ltr'>millia</span> <span class='ocrx_word' id='word_1_155' title='bbox 581 1348 747 1400; x_wconf 72' lang='lat' dir='ltr'>passuum</span> <span class='ocrx_word' id='word_1_156' title='bbox 771 1348 1030 1388; x_wconf 78' lang='lat' dir='ltr'>declamasset?</span> <span class='ocrx_word' id='word_1_157' title='bbox 1064 1350 1219 1389; x_wconf 76' lang='lat' dir='ltr'>CATAN.</span> 
     </span>
    </p>

    <p class='ocr_par' dir='ltr' id='par_1_11' title="bbox 387 1400 1135 1449">
     <span class='ocr_line' id='line_1_20' title="bbox 387 1400 1135 1449; baseline 0.003 -13"><span class='ocrx_word' id='word_1_158' title='bbox 387 1412 401 1436; x_wconf 93' lang='lat'>1</span> <span class='ocrx_word' id='word_1_159' title='bbox 434 1400 600 1449; x_wconf 56' lang='lat' dir='ltr'>Agunt]</span> <span class='ocrx_word' id='word_1_160' title='bbox 633 1400 787 1437; x_wconf 71' lang='lat' dir='ltr'>Causim</span> <span class='ocrx_word' id='word_1_161' title='bbox 815 1401 948 1439; x_wconf 88' lang='lat' dir='ltr'>dicunt.</span> <span class='ocrx_word' id='word_1_162' title='bbox 990 1400 1135 1438; x_wconf 76' lang='lat' dir='ltr'>IDEM.</span> 
     </span>
    </p>

    <p class='ocr_par' dir='ltr' id='par_1_12' title="bbox 331 1449 1356 1637">
     <span class='ocr_line' id='line_1_21' title="bbox 382 1449 1354 1499; baseline 0.006 -15"><span class='ocrx_word' id='word_1_163' title='bbox 382 1461 403 1484; x_wconf 89' lang='lat'><em>2</em></span> <span class='ocrx_word' id='word_1_164' title='bbox 434 1450 568 1487; x_wconf 85' lang='lat' dir='ltr'>Eadem</span> <span class='ocrx_word' id='word_1_165' title='bbox 599 1449 705 1498; x_wconf 88' lang='lat' dir='ltr'>illa.]</span> <span class='ocrx_word' id='word_1_166' title='bbox 746 1452 833 1488; x_wconf 85' lang='lat' dir='ltr'>Vox</span> <span class='ocrx_word' id='word_1_167' title='bbox 858 1479 868 1495; x_wconf 89' lang='lat'>‚</span> <span class='ocrx_word' id='word_1_168' title='bbox 897 1458 1028 1499; x_wconf 84' lang='lat' dir='ltr'>caput,</span> <span class='ocrx_word' id='word_1_169' title='bbox 1057 1452 1202 1497; x_wconf 86' lang='lat' dir='ltr'>vultus,</span> <span class='ocrx_word' id='word_1_170' title='bbox 1229 1451 1354 1497; x_wconf 84' lang='lat' dir='ltr'>oculi,</span> 
     </span>
     <span class='ocr_line' id='line_1_22' title="bbox 331 1498 1355 1551; baseline 0.005 -16"><span class='ocrx_word' id='word_1_171' title='bbox 331 1498 539 1547; x_wconf 87' lang='lat' dir='ltr'>supercilia,</span> <span class='ocrx_word' id='word_1_172' title='bbox 567 1503 606 1539; x_wconf 86' lang='lat'>&amp;</span> <span class='ocrx_word' id='word_1_173' title='bbox 628 1501 786 1550; x_wconf 76' lang='lat' dir='ltr'>reliquae</span> <span class='ocrx_word' id='word_1_174' title='bbox 809 1501 968 1551; x_wconf 82' lang='lat' dir='ltr'>corporis</span> <span class='ocrx_word' id='word_1_175' title='bbox 992 1508 1107 1549; x_wconf 81' lang='lat' dir='ltr'>partes</span> <span class='ocrx_word' id='word_1_176' title='bbox 1122 1530 1132 1546; x_wconf 89' lang='lat'>,</span> <span class='ocrx_word' id='word_1_177' title='bbox 1159 1502 1276 1550; x_wconf 86' lang='lat' dir='ltr'>gestus</span> <span class='ocrx_word' id='word_1_178' title='bbox 1300 1511 1355 1540; x_wconf 91' lang='lat' dir='ltr'>et-</span> 
     </span>
     <span class='ocr_line' id='line_1_23' title="bbox 332 1549 1356 1592; baseline 0.004 -7"><span class='ocrx_word' id='word_1_179' title='bbox 332 1549 407 1592; x_wconf 74' lang='lat' dir='ltr'>iam</span> <span class='ocrx_word' id='word_1_180' title='bbox 431 1550 469 1587; x_wconf 69' lang='grc' dir='ltr'>ὃ(</span> <span class='ocrx_word' id='word_1_181' title='bbox 491 1560 614 1589; x_wconf 79' lang='lat' dir='ltr'>motus</span> <span class='ocrx_word' id='word_1_182' title='bbox 638 1565 647 1588; x_wconf 79' lang='lat'>2</span> <span class='ocrx_word' id='word_1_183' title='bbox 694 1562 771 1588; x_wconf 85' lang='lat' dir='ltr'>non</span> <span class='ocrx_word' id='word_1_184' title='bbox 795 1560 919 1590; x_wconf 87' lang='lat' dir='ltr'>autem</span> <span class='ocrx_word' id='word_1_185' title='bbox 943 1549 1093 1589; x_wconf 80' lang='lat' dir='ltr'>incessus</span> <span class='ocrx_word' id='word_1_186' title='bbox 1116 1554 1155 1590; x_wconf 68' lang='grc' dir='ltr'>ὃς</span> <span class='ocrx_word' id='word_1_187' title='bbox 1177 1552 1356 1591; x_wconf 84' lang='lat' dir='ltr'>discursus.</span> 
     </span>
     <span class='ocr_line' id='line_1_24' title="bbox 334 1599 450 1637; baseline 0.009 -1"><span class='ocrx_word' id='word_1_188' title='bbox 334 1599 450 1637; x_wconf 71' lang='lat' dir='ltr'>lusu.</span> 
     </span>
    </p>

    <p class='ocr_par' dir='ltr' id='par_1_13' title="bbox 332 1651 1358 1952">
     <span class='ocr_line' id='line_1_25' title="bbox 386 1651 1357 1703; baseline 0.004 -17"><span class='ocrx_word' id='word_1_189' title='bbox 386 1661 403 1699; x_wconf 87' lang='lat'>3</span> <span class='ocrx_word' id='word_1_190' title='bbox 435 1651 535 1688; x_wconf 83' lang='lat' dir='ltr'>Oculi</span> <span class='ocrx_word' id='word_1_191' title='bbox 551 1679 561 1695; x_wconf 89' lang='lat'>,</span> <span class='ocrx_word' id='word_1_192' title='bbox 588 1651 759 1701; x_wconf 84' lang='lat' dir='ltr'>manus.]</span> <span class='ocrx_word' id='word_1_193' title='bbox 789 1653 928 1691; x_wconf 87' lang='lat' dir='ltr'>Merito</span> <span class='ocrx_word' id='word_1_194' title='bbox 953 1653 1045 1690; x_wconf 83' lang='lat' dir='ltr'>haec</span> <span class='ocrx_word' id='word_1_195' title='bbox 1067 1655 1258 1703; x_wconf 85' lang='lat' dir='ltr'>praecipua</span> <span class='ocrx_word' id='word_1_196' title='bbox 1271 1665 1357 1702; x_wconf 89' lang='lat' dir='ltr'>pro-</span> 
     </span>
     <span class='ocr_line' id='line_1_26' title="bbox 332 1701 1356 1751; baseline 0.005 -15"><span class='ocrx_word' id='word_1_197' title='bbox 332 1701 576 1739; x_wconf 85' lang='lat' dir='ltr'>nunciationis</span> <span class='ocrx_word' id='word_1_198' title='bbox 607 1702 817 1751; x_wconf 75' lang='lat' dir='ltr'>adjumenta</span> <span class='ocrx_word' id='word_1_199' title='bbox 851 1710 967 1739; x_wconf 86' lang='lat' dir='ltr'>vocat.</span> <span class='ocrx_word' id='word_1_200' title='bbox 1024 1703 1132 1742; x_wconf 82' lang='lat' dir='ltr'>Oculi</span> <span class='ocrx_word' id='word_1_201' title='bbox 1168 1705 1267 1742; x_wconf 85' lang='lat' dir='ltr'>enim</span> <span class='ocrx_word' id='word_1_202' title='bbox 1320 1705 1356 1741; x_wconf 89' lang='lat' dir='ltr'>in</span> 
     </span>
     <span class='ocr_line' id='line_1_27' title="bbox 334 1748 1356 1800; baseline 0.003 -13"><span class='ocrx_word' id='word_1_203' title='bbox 334 1748 412 1798; x_wconf 86' lang='lat' dir='ltr'>ipso</span> <span class='ocrx_word' id='word_1_204' title='bbox 441 1752 545 1788; x_wconf 84' lang='lat' dir='ltr'>vultu</span> <span class='ocrx_word' id='word_1_205' title='bbox 576 1754 773 1800; x_wconf 80' lang='lat' dir='ltr'>plurimum</span> <span class='ocrx_word' id='word_1_206' title='bbox 808 1753 930 1794; x_wconf 70' lang='lat' dir='ltr'>valent</span> <span class='ocrx_word' id='word_1_207' title='bbox 963 1764 1007 1790; x_wconf 80' lang='lat' dir='ltr'>ex</span> <span class='ocrx_word' id='word_1_208' title='bbox 1040 1754 1119 1791; x_wconf 89' lang='lat' dir='ltr'>Lib.</span> <span class='ocrx_word' id='word_1_209' title='bbox 1144 1754 1207 1791; x_wconf 84' lang='lat' dir='ltr'>XI.</span> <span class='ocrx_word' id='word_1_210' title='bbox 1235 1752 1356 1798; x_wconf 82' lang='lat' dir='ltr'>Fabii,</span> 
     </span>
     <span class='ocr_line' id='line_1_28' title="bbox 333 1799 1358 1842; baseline 0.003 -5"><span class='ocrx_word' id='word_1_211' title='bbox 333 1801 374 1837; x_wconf 89' lang='lat'>&amp;</span> <span class='ocrx_word' id='word_1_212' title='bbox 395 1799 469 1838; x_wconf 90' lang='lat' dir='ltr'>fine</span> <span class='ocrx_word' id='word_1_213' title='bbox 490 1803 654 1840; x_wconf 87' lang='lat' dir='ltr'>manibus</span> <span class='ocrx_word' id='word_1_214' title='bbox 674 1810 801 1840; x_wconf 82' lang='lat' dir='ltr'>trunca</span> <span class='ocrx_word' id='word_1_215' title='bbox 826 1803 873 1840; x_wconf 90' lang='lat' dir='ltr'>est</span> <span class='ocrx_word' id='word_1_216' title='bbox 895 1803 992 1841; x_wconf 64' lang='lat' dir='ltr'>aetio</span> <span class='ocrx_word' id='word_1_217' title='bbox 1026 1805 1064 1841; x_wconf 89' lang='lat'>&amp;</span> <span class='ocrx_word' id='word_1_218' title='bbox 1090 1803 1236 1842; x_wconf 82' lang='lat' dir='ltr'>debilis:</span> <span class='ocrx_word' id='word_1_219' title='bbox 1265 1805 1300 1840; x_wconf 84' lang='lat' dir='ltr'>V</span> <span class='ocrx_word' id='word_1_220' title='bbox 1305 1805 1358 1842; x_wconf 82' lang='lat' dir='ltr'>ix-</span> 
     </span>
     <span class='ocr_line' id='line_1_29' title="bbox 334 1850 1358 1902; baseline 0.005 -16"><span class='ocrx_word' id='word_1_221' title='bbox 334 1860 408 1898; x_wconf 88' lang='lat' dir='ltr'>que</span> <span class='ocrx_word' id='word_1_222' title='bbox 430 1850 498 1889; x_wconf 89' lang='lat' dir='ltr'>dici</span> <span class='ocrx_word' id='word_1_223' title='bbox 522 1853 660 1900; x_wconf 87' lang='lat' dir='ltr'>potest,</span> <span class='ocrx_word' id='word_1_224' title='bbox 689 1862 782 1902; x_wconf 84' lang='lat' dir='ltr'>quot</span> <span class='ocrx_word' id='word_1_225' title='bbox 805 1862 928 1892; x_wconf 85' lang='lat' dir='ltr'>motus</span> <span class='ocrx_word' id='word_1_226' title='bbox 948 1854 1126 1898; x_wconf 82' lang='lat' dir='ltr'>habeant,</span> <span class='ocrx_word' id='word_1_227' title='bbox 1155 1866 1239 1892; x_wconf 88' lang='lat' dir='ltr'>cuni</span> <span class='ocrx_word' id='word_1_228' title='bbox 1263 1866 1358 1902; x_wconf 89' lang='lat' dir='ltr'>pene</span> 
     </span>
     <span class='ocr_line' id='line_1_30' title="bbox 335 1898 1282 1952; baseline 0.002 -14"><span class='ocrx_word' id='word_1_229' title='bbox 335 1898 449 1948; x_wconf 73' lang='lat' dir='ltr'>ipsam</span> <span class='ocrx_word' id='word_1_230' title='bbox 472 1901 670 1940; x_wconf 88' lang='lat' dir='ltr'>verborum</span> <span class='ocrx_word' id='word_1_231' title='bbox 695 1904 841 1951; x_wconf 87' lang='lat' dir='ltr'>copiam</span> <span class='ocrx_word' id='word_1_232' title='bbox 864 1902 1137 1952; x_wconf 80' lang='lat' dir='ltr'>prosequantur.</span> <span class='ocrx_word' id='word_1_233' title='bbox 1167 1904 1282 1942; x_wconf 66' lang='lat' dir='ltr'>Ibem.</span> 
     </span>
    </p>

    <p class='ocr_par' dir='ltr' id='par_1_14' title="bbox 384 1952 1359 2003">
     <span class='ocr_line' id='line_1_31' title="bbox 384 1952 1359 2003; baseline 0.005 -17"><span class='ocrx_word' id='word_1_234' title='bbox 384 1963 406 1997; x_wconf 86' lang='lat'><strong>4</strong></span> <span class='ocrx_word' id='word_1_235' title='bbox 437 1952 754 2003; x_wconf 53' lang='lat' dir='ltr'>praepediuntur]</span> <span class='ocrx_word' id='word_1_236' title='bbox 786 1954 950 1992; x_wconf 84' lang='lat' dir='ltr'>Multum</span> <span class='ocrx_word' id='word_1_237' title='bbox 975 1953 1212 1993; x_wconf 80' lang='lat' dir='ltr'>disturbantur</span> <span class='ocrx_word' id='word_1_238' title='bbox 1235 1957 1278 1992; x_wconf 83' lang='lat' dir='ltr'>ab</span> <span class='ocrx_word' id='word_1_239' title='bbox 1292 1954 1359 1992; x_wconf 79' lang='lat' dir='ltr'>‘of-</span> 
     </span>
    </p>
   </div>
   <div class='ocr_carea' id='block_1_11' title="bbox 1423 1201 2444 1355">
    <p class='ocr_par' dir='ltr' id='par_1_15' title="bbox 1423 1201 2444 1355">
     <span class='ocr_line' id='line_1_32' title="bbox 2293 1201 2439 1258; baseline 0.021 -3"><span class='ocrx_word' id='word_1_240' title='bbox 2293 1201 2439 1258; x_wconf 90' lang='lat' dir='ltr'>ditor</span> 
     </span>
     <span class='ocr_line' id='line_1_33' title="bbox 1423 1296 2444 1355; baseline 0.004 -21"><span class='ocrx_word' id='word_1_241' title='bbox 1423 1296 1505 1336; x_wconf 78' lang='lat' dir='ltr'>Lib.</span> <span class='ocrx_word' id='word_1_242' title='bbox 1529 1296 1729 1348; x_wconf 82' lang='lat' dir='ltr'>IV.&#39;Epist.</span> <span class='ocrx_word' id='word_1_243' title='bbox 1752 1300 1799 1337; x_wconf 91' lang='lat' dir='ltr'>V.</span> <span class='ocrx_word' id='word_1_244' title='bbox 1822 1310 1855 1336; x_wconf 94' lang='lat' dir='ltr'>n.</span> <span class='ocrx_word' id='word_1_245' title='bbox 1881 1311 1912 1349; x_wconf 89' lang='lat'>3.</span> <span class='ocrx_word' id='word_1_246' title='bbox 1931 1349 1936 1355; x_wconf 41' lang='grc'><strong>,</strong></span> <span class='ocrx_word' id='word_1_247' title='bbox 1967 1299 2095 1338; x_wconf 87' lang='lat' dir='ltr'>Rhodii</span> <span class='ocrx_word' id='word_1_248' title='bbox 2116 1311 2194 1336; x_wconf 88' lang='lat' dir='ltr'>cum</span> <span class='ocrx_word' id='word_1_249' title='bbox 2219 1298 2294 1354; x_wconf 58' lang='lat' dir='ltr'>ipsis</span> <span class='ocrx_word' id='word_1_250' title='bbox 2315 1300 2444 1338; x_wconf 82' lang='lat' dir='ltr'>oratio&#39;-</span> 
     </span>
    </p>
   </div>
   <div class='ocr_carea' id='block_1_12' title="bbox 1419 1349 2465 2001">
    <p class='ocr_par' dir='ltr' id='par_1_16' title="bbox 1422 1349 2463 1438">
     <span class='ocr_line' id='line_1_34' title="bbox 1422 1349 2463 1400; baseline 0.003 -15"><span class='ocrx_word' id='word_1_251' title='bbox 1422 1361 1508 1385; x_wconf 85' lang='lat' dir='ltr'>num</span> <span class='ocrx_word' id='word_1_252' title='bbox 1533 1349 1729 1388; x_wconf 85' lang='lat' dir='ltr'>virtutibus</span> <span class='ocrx_word' id='word_1_253' title='bbox 1751 1379 1761 1397; x_wconf 92' lang='lat'>,</span> <span class='ocrx_word' id='word_1_254' title='bbox 1792 1360 1869 1389; x_wconf 83' lang='lat' dir='ltr'>tum</span> <span class='ocrx_word' id='word_1_255' title='bbox 1892 1361 1997 1388; x_wconf 79' lang='lat' dir='ltr'>ettam</span> <span class='ocrx_word' id='word_1_256' title='bbox 2022 1351 2288 1400; x_wconf 71' lang='lat' dir='ltr'>comparationis</span> <span class='ocrx_word' id='word_1_257' title='bbox 2309 1351 2463 1390; x_wconf 73' lang='lat' dir='ltr'>aculeis-</span> 
     </span>
     <span class='ocr_line' id='line_1_35' title="bbox 1424 1399 1679 1438; baseline 0 -1"><span class='ocrx_word' id='word_1_258' title='bbox 1424 1399 1679 1438; x_wconf 79' lang='lat' dir='ltr'>excitabantur.</span> 
     </span>
    </p>

    <p class='ocr_par' dir='ltr' id='par_1_17' title="bbox 1419 1449 2465 1950">
     <span class='ocr_line' id='line_1_36' title="bbox 1470 1449 2440 1501; baseline 0.003 -16"><span class='ocrx_word' id='word_1_259' title='bbox 1470 1449 1490 1486; x_wconf 89' lang='lat'>8</span> <span class='ocrx_word' id='word_1_260' title='bbox 1519 1453 1567 1486; x_wconf 87' lang='lat' dir='ltr'>Et</span> <span class='ocrx_word' id='word_1_261' title='bbox 1590 1450 1816 1489; x_wconf 74' lang='lat' dir='ltr'>contentiosa</span> <span class='ocrx_word' id='word_1_262' title='bbox 1838 1449 1920 1500; x_wconf 83' lang='lat' dir='ltr'>est.]</span> <span class='ocrx_word' id='word_1_263' title='bbox 1951 1450 2359 1501; x_wconf 70' lang='lat' dir='ltr'>Helmst.c9⁶intentiosa</span> <span class='ocrx_word' id='word_1_264' title='bbox 2371 1451 2440 1499; x_wconf 76' lang='lat' dir='ltr'>est;</span> 
     </span>
     <span class='ocr_line' id='line_1_37' title="bbox 1421 1498 2436 1549; baseline 0.006 -14"><span class='ocrx_word' id='word_1_265' title='bbox 1421 1498 1613 1538; x_wconf 79' lang='lat' dir='ltr'>Mediceus</span> <span class='ocrx_word' id='word_1_266' title='bbox 1637 1514 1645 1537; x_wconf 88' lang='lat'>:</span> <span class='ocrx_word' id='word_1_267' title='bbox 1687 1512 1730 1540; x_wconf 70' lang='grc' dir='ltr'>ω’</span> <span class='ocrx_word' id='word_1_268' title='bbox 1751 1518 1754 1522; x_wconf 90' lang='grc'>·</span> <span class='ocrx_word' id='word_1_269' title='bbox 1783 1501 2077 1549; x_wconf 68' lang='lat' dir='ltr'>ualicontenttcsa</span> <span class='ocrx_word' id='word_1_270' title='bbox 2101 1500 2145 1546; x_wconf 86' lang='lat' dir='ltr'>est</span> <span class='ocrx_word' id='word_1_271' title='bbox 2166 1517 2178 1544; x_wconf 83' lang='lat'>;</span> <span class='ocrx_word' id='word_1_272' title='bbox 2219 1500 2332 1539; x_wconf 85' lang='lat' dir='ltr'>Forte</span> <span class='ocrx_word' id='word_1_273' title='bbox 2353 1502 2436 1541; x_wconf 64' lang='lat' dir='ltr'>fued</span> 
     </span>
     <span class='ocr_line' id='line_1_38' title="bbox 1421 1550 2441 1600; baseline 0.003 -15"><span class='ocrx_word' id='word_1_274' title='bbox 1421 1556 1494 1586; x_wconf 85' lang='lat' dir='ltr'>rat:</span> <span class='ocrx_word' id='word_1_275' title='bbox 1518 1557 1665 1598; x_wconf 81' lang='lat' dir='ltr'>pugnax</span> <span class='ocrx_word' id='word_1_276' title='bbox 1687 1562 1757 1600; x_wconf 81' lang='lat' dir='ltr'>qua</span> <span class='ocrx_word' id='word_1_277' title='bbox 1773 1562 1783 1586; x_wconf 86' lang='lat'>1</span> <span class='ocrx_word' id='word_1_278' title='bbox 1801 1578 1810 1592; x_wconf 94' lang='lat'><strong>‚</strong></span> <span class='ocrx_word' id='word_1_279' title='bbox 1835 1563 1878 1590; x_wconf 69' lang='grc'>(7·</span> <span class='ocrx_word' id='word_1_280' title='bbox 1898 1550 2106 1599; x_wconf 83' lang='lat' dir='ltr'>contentiosa</span> <span class='ocrx_word' id='word_1_281' title='bbox 2125 1551 2179 1598; x_wconf 87' lang='lat' dir='ltr'>est.</span> <span class='ocrx_word' id='word_1_282' title='bbox 2233 1551 2331 1589; x_wconf 83' lang='lat' dir='ltr'>Nam</span> <span class='ocrx_word' id='word_1_283' title='bbox 2361 1565 2441 1588; x_wconf 82' lang='lat' dir='ltr'>con-</span> 
     </span>
     <span class='ocr_line' id='line_1_39' title="bbox 1419 1599 2465 1648; baseline 0.005 -14"><span class='ocrx_word' id='word_1_284' title='bbox 1419 1599 1567 1648; x_wconf 85' lang='lat' dir='ltr'>tentiosa</span> <span class='ocrx_word' id='word_1_285' title='bbox 1590 1601 1702 1637; x_wconf 84' lang='lat' dir='ltr'>oratio</span> <span class='ocrx_word' id='word_1_286' title='bbox 1725 1629 1735 1644; x_wconf 89' lang='lat'><strong>‚</strong></span> <span class='ocrx_word' id='word_1_287' title='bbox 1763 1599 1828 1637; x_wconf 86' lang='lat' dir='ltr'>nisi</span> <span class='ocrx_word' id='word_1_288' title='bbox 1853 1602 1937 1638; x_wconf 81' lang='lat' dir='ltr'>ve&#39;is</span> <span class='ocrx_word' id='word_1_289' title='bbox 1959 1600 2006 1637; x_wconf 92' lang='lat' dir='ltr'>ob</span> <span class='ocrx_word' id='word_1_290' title='bbox 2035 1602 2301 1639; x_wconf 84' lang='lat' dir='ltr'>extremitatem</span> <span class='ocrx_word' id='word_1_291' title='bbox 2328 1613 2465 1640; x_wconf 53' lang='lat' dir='ltr'>voca-v</span> 
     </span>
     <span class='ocr_line' id='line_1_40' title="bbox 1420 1649 2441 1699; baseline 0.002 -12"><span class='ocrx_word' id='word_1_292' title='bbox 1420 1649 1492 1688; x_wconf 70' lang='lat' dir='ltr'>buli</span> <span class='ocrx_word' id='word_1_293' title='bbox 1507 1677 1517 1694; x_wconf 93' lang='lat'>,</span> <span class='ocrx_word' id='word_1_294' title='bbox 1545 1661 1607 1698; x_wconf 87' lang='lat' dir='ltr'>per</span> <span class='ocrx_word' id='word_1_295' title='bbox 1630 1650 1715 1688; x_wconf 88' lang='lat' dir='ltr'>illud</span> <span class='ocrx_word' id='word_1_296' title='bbox 1735 1650 2028 1688; x_wconf 88' lang='lat' dir='ltr'>additamentum</span> <span class='ocrx_word' id='word_1_297' title='bbox 2043 1651 2199 1689; x_wconf 78' lang='lat' dir='ltr'>excusari</span> <span class='ocrx_word' id='word_1_298' title='bbox 2210 1663 2288 1688; x_wconf 88' lang='lat' dir='ltr'>non</span> <span class='ocrx_word' id='word_1_299' title='bbox 2301 1651 2441 1699; x_wconf 79' lang='lat' dir='ltr'>debet,</span> 
     </span>
     <span class='ocr_line' id='line_1_41' title="bbox 1420 1700 2440 1750; baseline 0.006 -14"><span class='ocrx_word' id='word_1_300' title='bbox 1420 1710 1506 1737; x_wconf 89' lang='lat' dir='ltr'>curn</span> <span class='ocrx_word' id='word_1_301' title='bbox 1531 1702 1569 1738; x_wconf 65' lang='grc' dir='ltr'>ὃς</span> <span class='ocrx_word' id='word_1_302' title='bbox 1591 1701 1673 1739; x_wconf 87' lang='lat' dir='ltr'>Lib.</span> <span class='ocrx_word' id='word_1_303' title='bbox 1697 1701 1724 1738; x_wconf 94' lang='lat' dir='ltr'>I.</span> <span class='ocrx_word' id='word_1_304' title='bbox 1746 1700 1855 1749; x_wconf 87' lang='lat' dir='ltr'>Epist.</span> <span class='ocrx_word' id='word_1_305' title='bbox 1879 1700 1926 1738; x_wconf 85' lang='grc' dir='ltr'>ΙΙ.</span> <span class='ocrx_word' id='word_1_306' title='bbox 1946 1713 1981 1738; x_wconf 91' lang='lat' dir='ltr'>n.</span> <span class='ocrx_word' id='word_1_307' title='bbox 2016 1711 2047 1750; x_wconf 88' lang='lat'>3.</span> <span class='ocrx_word' id='word_1_308' title='bbox 2094 1701 2190 1738; x_wconf 88' lang='lat' dir='ltr'>bona</span> <span class='ocrx_word' id='word_1_309' title='bbox 2213 1713 2298 1739; x_wconf 87' lang='lat' dir='ltr'>cum</span> <span class='ocrx_word' id='word_1_310' title='bbox 2331 1704 2440 1742; x_wconf 83' lang='lat' dir='ltr'>venia</span> 
     </span>
     <span class='ocr_line' id='line_1_42' title="bbox 1420 1750 2441 1801; baseline 0.003 -15"><span class='ocrx_word' id='word_1_311' title='bbox 1420 1750 1609 1798; x_wconf 82' lang='lat' dir='ltr'>scripserit:</span> <span class='ocrx_word' id='word_1_312' title='bbox 1637 1762 1714 1788; x_wconf 83' lang='lat' dir='ltr'>erat</span> <span class='ocrx_word' id='word_1_313' title='bbox 1737 1752 1827 1790; x_wconf 85' lang='lat' dir='ltr'>enim</span> <span class='ocrx_word' id='word_1_314' title='bbox 1848 1761 1946 1801; x_wconf 84' lang='lat' dir='ltr'>prope</span> <span class='ocrx_word' id='word_1_315' title='bbox 1966 1761 2041 1788; x_wconf 86' lang='lat' dir='ltr'>tota</span> <span class='ocrx_word' id='word_1_316' title='bbox 2064 1751 2100 1787; x_wconf 87' lang='lat' dir='ltr'>in</span> <span class='ocrx_word' id='word_1_317' title='bbox 2126 1753 2364 1790; x_wconf 86' lang='lat' dir='ltr'>contentione</span> <span class='ocrx_word' id='word_1_318' title='bbox 2385 1754 2441 1791; x_wconf 71' lang='lat' dir='ltr'>‹li-1</span> 
     </span>
     <span class='ocr_line' id='line_1_43' title="bbox 1421 1800 2439 1852; baseline 0.007 -18"><span class='ocrx_word' id='word_1_319' title='bbox 1421 1801 1527 1837; x_wconf 81' lang='lat' dir='ltr'>cendi.</span> <span class='ocrx_word' id='word_1_320' title='bbox 1564 1801 1624 1839; x_wconf 90' lang='lat' dir='ltr'>ubi</span> <span class='ocrx_word' id='word_1_321' title='bbox 1647 1801 1742 1840; x_wconf 76' lang='lat' dir='ltr'>vide.</span> <span class='ocrx_word' id='word_1_322' title='bbox 1798 1803 1927 1840; x_wconf 88' lang='lat' dir='ltr'>Similis</span> <span class='ocrx_word' id='word_1_323' title='bbox 1947 1802 2050 1839; x_wconf 87' lang='lat' dir='ltr'>locus</span> <span class='ocrx_word' id='word_1_324' title='bbox 2067 1800 2114 1838; x_wconf 91' lang='lat' dir='ltr'>est</span> <span class='ocrx_word' id='word_1_325' title='bbox 2136 1801 2315 1839; x_wconf 88' lang='lat' dir='ltr'>Lib.V11.</span> <span class='ocrx_word' id='word_1_326' title='bbox 2329 1802 2439 1852; x_wconf 87' lang='lat' dir='ltr'>Epist.</span> 
     </span>
     <span class='ocr_line' id='line_1_44' title="bbox 1422 1849 2442 1902; baseline 0.003 -16"><span class='ocrx_word' id='word_1_327' title='bbox 1422 1849 1485 1886; x_wconf 89' lang='lat' dir='ltr'>IX.</span> <span class='ocrx_word' id='word_1_328' title='bbox 1499 1862 1534 1888; x_wconf 91' lang='lat' dir='ltr'>n.</span> <span class='ocrx_word' id='word_1_329' title='bbox 1558 1862 1591 1897; x_wconf 92' lang='lat'>7.</span> <span class='ocrx_word' id='word_1_330' title='bbox 1613 1852 1677 1889; x_wconf 81' lang='lat' dir='ltr'>Sed</span> <span class='ocrx_word' id='word_1_331' title='bbox 1697 1865 1767 1889; x_wconf 83' lang='lat' dir='ltr'>non</span> <span class='ocrx_word' id='word_1_332' title='bbox 1788 1853 1861 1889; x_wconf 86' lang='lat' dir='ltr'>ideo</span> <span class='ocrx_word' id='word_1_333' title='bbox 1877 1852 1951 1901; x_wconf 88' lang='lat' dir='ltr'>sem</span> <span class='ocrx_word' id='word_1_334' title='bbox 1974 1864 2010 1889; x_wconf 87' lang='lat' dir='ltr'>er</span> <span class='ocrx_word' id='word_1_335' title='bbox 2033 1861 2237 1902; x_wconf 75' lang='lat' dir='ltr'>pugnacem</span> <span class='ocrx_word' id='word_1_336' title='bbox 2255 1850 2369 1897; x_wconf 83' lang='lat' dir='ltr'>hunc,</span> <span class='ocrx_word' id='word_1_337' title='bbox 2395 1864 2442 1893; x_wconf 58' lang='lat' dir='ltr'>cm</span> 
     </span>
     <span class='ocr_line' id='line_1_45' title="bbox 1422 1899 2112 1950; baseline 0.003 -14"><span class='ocrx_word' id='word_1_338' title='bbox 1422 1899 1521 1950; x_wconf 85' lang='lat' dir='ltr'>quasi</span> <span class='ocrx_word' id='word_1_339' title='bbox 1544 1900 1774 1940; x_wconf 84' lang='lat' dir='ltr'>bellatorium</span> <span class='ocrx_word' id='word_1_340' title='bbox 1793 1901 1914 1947; x_wconf 83' lang='lat' dir='ltr'>stilum</span> <span class='ocrx_word' id='word_1_341' title='bbox 1953 1901 2112 1946; x_wconf 70' lang='lat' dir='ltr'>uaferim.</span> 
     </span>
    </p>

    <p class='ocr_par' dir='ltr' id='par_1_18' title="bbox 1472 1951 2440 2001">
     <span class='ocr_line' id='line_1_46' title="bbox 1472 1951 2440 2001; baseline 0.006 -15"><span class='ocrx_word' id='word_1_342' title='bbox 1472 1962 1495 1998; x_wconf 91' lang='lat'>9</span> <span class='ocrx_word' id='word_1_343' title='bbox 1524 1952 1645 1990; x_wconf 84' lang='lat' dir='ltr'>Etiam</span> <span class='ocrx_word' id='word_1_344' title='bbox 1671 1963 1755 1990; x_wconf 88' lang='lat' dir='ltr'>cum</span> <span class='ocrx_word' id='word_1_345' title='bbox 1779 1952 1903 1990; x_wconf 80' lang='lat' dir='ltr'>labore</span> <span class='ocrx_word' id='word_1_346' title='bbox 1922 1952 2042 1990; x_wconf 80' lang='lat' dir='ltr'>audiri</span> <span class='ocrx_word' id='word_1_347' title='bbox 2057 1951 2261 2001; x_wconf 84' lang='lat' dir='ltr'>putemus.]</span> <span class='ocrx_word' id='word_1_348' title='bbox 2298 1952 2440 1992; x_wconf 84' lang='lat' dir='ltr'>Desunt</span> 
     </span>
    </p>
   </div>
   <div class='ocr_carea' id='block_1_13' title="bbox 338 1998 2442 2053">
    <p class='ocr_par' dir='ltr' id='par_1_19' title="bbox 338 1998 2442 2053">
     <span class='ocr_line' id='line_1_47' title="bbox 338 1998 2442 2053; baseline 0.002 -17"><span class='ocrx_word' id='word_1_349' title='bbox 338 1998 423 2038; x_wconf 85' lang='lat' dir='ltr'>ficio</span> <span class='ocrx_word' id='word_1_350' title='bbox 447 2002 520 2039; x_wconf 86' lang='lat' dir='ltr'>suo.</span> <span class='ocrx_word' id='word_1_351' title='bbox 560 2003 575 2039; x_wconf 95' lang='lat' dir='ltr'>l</span> <span class='ocrx_word' id='word_1_352' title='bbox 594 2016 617 2040; x_wconf 82' lang='lat' dir='ltr'>o</span> <span class='ocrx_word' id='word_1_353' title='bbox 632 2016 652 2040; x_wconf 75' lang='lat' dir='ltr'>E</span> <span class='ocrx_word' id='word_1_354' title='bbox 668 2017 705 2041; x_wconf 82' lang='lat' dir='ltr'>M.</span> <span class='ocrx_word' id='word_1_355' title='bbox 742 2005 1021 2053; x_wconf 70' lang='lat' dir='ltr'>praepediuntur</span> <span class='ocrx_word' id='word_1_356' title='bbox 1048 2032 1057 2047; x_wconf 97' lang='lat'>,</span> <span class='ocrx_word' id='word_1_357' title='bbox 1087 2005 1359 2052; x_wconf 82' lang='lat' dir='ltr'>impediuntur,</span> <span class='ocrx_word' id='word_1_358' title='bbox 1386 2018 1389 2039; x_wconf 80' lang='lat' dir='ltr'>l</span> <span class='ocrx_word' id='word_1_359' title='bbox 1422 2012 1534 2039; x_wconf 85' lang='lat' dir='ltr'>voces</span> <span class='ocrx_word' id='word_1_360' title='bbox 1553 2015 1631 2040; x_wconf 88' lang='lat' dir='ltr'>cum</span> <span class='ocrx_word' id='word_1_361' title='bbox 1654 2002 1770 2040; x_wconf 75' lang='lat' dir='ltr'>labore</span> <span class='ocrx_word' id='word_1_362' title='bbox 1795 2002 1970 2040; x_wconf 66' lang='lat' dir='ltr'>Medic-eo</span> <span class='ocrx_word' id='word_1_363' title='bbox 1985 2031 1994 2046; x_wconf 97' lang='lat'>‚</span> <span class='ocrx_word' id='word_1_364' title='bbox 2023 2003 2060 2040; x_wconf 68' lang='grc' dir='ltr'>δε</span> <span class='ocrx_word' id='word_1_365' title='bbox 2082 2004 2119 2040; x_wconf 86' lang='lat' dir='ltr'>in</span> <span class='ocrx_word' id='word_1_366' title='bbox 2140 2002 2213 2039; x_wconf 87' lang='lat' dir='ltr'>aliis</span> <span class='ocrx_word' id='word_1_367' title='bbox 2233 2002 2442 2041; x_wconf 88' lang='lat' dir='ltr'>locumhoc</span> 
     </span>
    </p>
   </div>
   <div class='ocr_carea' id='block_1_14' title="bbox 339 2051 1392 2152">
    <p class='ocr_par' dir='ltr' id='par_1_20' title="bbox 339 2051 1392 2152">
     <span class='ocr_line' id='line_1_48' title="bbox 341 2051 1391 2112; baseline 0.007 -26"><span class='ocrx_word' id='word_1_368' title='bbox 341 2051 379 2087; x_wconf 74' lang='grc' dir='ltr'>δε</span> <span class='ocrx_word' id='word_1_369' title='bbox 403 2052 499 2089; x_wconf 90' lang='lat' dir='ltr'>oculi</span> <span class='ocrx_word' id='word_1_370' title='bbox 521 2053 669 2102; x_wconf 88' lang='lat' dir='ltr'>quidem</span> <span class='ocrx_word' id='word_1_371' title='bbox 686 2082 696 2097; x_wconf 92' lang='lat'>‚</span> <span class='ocrx_word' id='word_1_372' title='bbox 724 2054 807 2104; x_wconf 79' lang='lat' dir='ltr'>quia</span> <span class='ocrx_word' id='word_1_373' title='bbox 830 2055 959 2092; x_wconf 85' lang='lat' dir='ltr'>intenti</span> <span class='ocrx_word' id='word_1_374' title='bbox 973 2054 1107 2092; x_wconf 80' lang='lat' dir='ltr'>debent</span> <span class='ocrx_word' id='word_1_375' title='bbox 1120 2053 1189 2092; x_wconf 80' lang='lat' dir='ltr'>else</span> <span class='ocrx_word' id='word_1_376' title='bbox 1203 2055 1357 2104; x_wconf 76' lang='lat' dir='ltr'>scripto:</span> <span class='ocrx_word' id='word_1_377' title='bbox 1387 2084 1391 2112; x_wconf 42' lang='grc' dir='ltr'>ι</span> 
     </span>
     <span class='ocr_line' id='line_1_49' title="bbox 339 2102 1392 2152; baseline 0.003 -15"><span class='ocrx_word' id='word_1_378' title='bbox 339 2102 504 2139; x_wconf 84' lang='lat' dir='ltr'>recitatio</span> <span class='ocrx_word' id='word_1_379' title='bbox 538 2104 637 2140; x_wconf 86' lang='lat' dir='ltr'>enim</span> <span class='ocrx_word' id='word_1_380' title='bbox 669 2102 776 2142; x_wconf 82' lang='lat' dir='ltr'>fiebat</span> <span class='ocrx_word' id='word_1_381' title='bbox 809 2103 853 2140; x_wconf 89' lang='lat' dir='ltr'>de</span> <span class='ocrx_word' id='word_1_382' title='bbox 886 2104 1049 2152; x_wconf 88' lang='lat' dir='ltr'>scripto:</span> <span class='ocrx_word' id='word_1_383' title='bbox 1090 2115 1222 2142; x_wconf 84' lang='lat' dir='ltr'>manus</span> <span class='ocrx_word' id='word_1_384' title='bbox 1246 2116 1361 2149; x_wconf 89' lang='lat' dir='ltr'>vero,</span> <span class='ocrx_word' id='word_1_385' title='bbox 1389 2123 1392 2139; x_wconf 76' lang='lat' dir='ltr'>l</span> 
     </span>
    </p>
   </div>
   <div class='ocr_carea' id='block_1_15' title="bbox 341 2152 1361 2240">
    <p class='ocr_par' dir='ltr' id='par_1_21' title="bbox 341 2152 1361 2240">
     <span class='ocr_line' id='line_1_50' title="bbox 341 2152 1361 2238; baseline 0.005 -52"><span class='ocrx_word' id='word_1_386' title='bbox 341 2152 426 2238; x_wconf 56' lang='lat' dir='ltr'>quia</span> <span class='ocrx_word' id='word_1_387' title='bbox 485 2152 616 2192; x_wconf 82' lang='lat' dir='ltr'>librum</span> <span class='ocrx_word' id='word_1_388' title='bbox 672 2154 735 2192; x_wconf 83' lang='lat' dir='ltr'>seu</span> <span class='ocrx_word' id='word_1_389' title='bbox 778 2154 948 2202; x_wconf 78' lang='lat' dir='ltr'>scriptum</span> <span class='ocrx_word' id='word_1_390' title='bbox 998 2161 1178 2202; x_wconf 85' lang='lat' dir='ltr'>coguntur</span> <span class='ocrx_word' id='word_1_391' title='bbox 1227 2163 1361 2193; x_wconf 79' lang='lat' dir='ltr'>tenere.</span> 
     </span>
     <span class='ocr_line' id='line_1_51' title="bbox 371 2210 562 2240; baseline 0.016 -3"><span class='ocrx_word' id='word_1_392' title='bbox 371 2210 562 2240; x_wconf 70' lang='lat' dir='ltr'>cnerrzn.</span> 
     </span>
    </p>
   </div>
   <div class='ocr_carea' id='block_1_16' title="bbox 391 2251 1361 2303">
    <p class='ocr_par' dir='ltr' id='par_1_22' title="bbox 391 2251 1361 2303">
     <span class='ocr_line' id='line_1_52' title="bbox 391 2251 1361 2303; baseline 0.003 -14"><span class='ocrx_word' id='word_1_393' title='bbox 391 2265 409 2299; x_wconf 82' lang='lat'>5</span> <span class='ocrx_word' id='word_1_394' title='bbox 442 2254 595 2290; x_wconf 76' lang='lat' dir='ltr'>Intentio</span> <span class='ocrx_word' id='word_1_395' title='bbox 616 2251 848 2303; x_wconf 56' lang='lat' dir='ltr'>languescit]</span> <span class='ocrx_word' id='word_1_396' title='bbox 888 2254 1050 2293; x_wconf 89' lang='lat' dir='ltr'>Riccard.</span> <span class='ocrx_word' id='word_1_397' title='bbox 1074 2254 1227 2293; x_wconf 86' lang='lat' dir='ltr'>Helmst.</span> <span class='ocrx_word' id='word_1_398' title='bbox 1251 2255 1361 2293; x_wconf 86' lang='lat' dir='ltr'>Arnz.</span> 
     </span>
    </p>
   </div>
   <div class='ocr_carea' id='block_1_17' title="bbox 343 2303 2434 2401">
    <p class='ocr_par' dir='ltr' id='par_1_23' title="bbox 343 2303 2434 2401">
     <span class='ocr_line' id='line_1_53' title="bbox 343 2303 2322 2358; baseline 0.003 -20"><span class='ocrx_word' id='word_1_399' title='bbox 343 2309 497 2351; x_wconf 82' lang='lat' dir='ltr'>uterque</span> <span class='ocrx_word' id='word_1_400' title='bbox 529 2303 666 2344; x_wconf 84' lang='lat' dir='ltr'>Bodlei.</span> <span class='ocrx_word' id='word_1_401' title='bbox 699 2308 737 2343; x_wconf 74' lang='grc' dir='ltr'>ὅ(</span> <span class='ocrx_word' id='word_1_402' title='bbox 760 2305 975 2354; x_wconf 84' lang='lat' dir='ltr'>Gryphius:</span> <span class='ocrx_word' id='word_1_403' title='bbox 1011 2305 1161 2343; x_wconf 82' lang='lat' dir='ltr'>intentio</span> <span class='ocrx_word' id='word_1_404' title='bbox 1184 2306 1364 2354; x_wconf 82' lang='lat' dir='ltr'>relangue-</span> <span class='ocrx_word' id='word_1_405' title='bbox 1392 2342 1395 2350; x_wconf 78' lang='grc'>,</span> <span class='ocrx_word' id='word_1_406' title='bbox 1453 2351 1457 2356; x_wconf 43' lang='lat'>,</span> <span class='ocrx_word' id='word_1_407' title='bbox 2316 2352 2322 2358; x_wconf 92' lang='lat'>.</span> 
     </span>
     <span class='ocr_line' id='line_1_54' title="bbox 1394 2351 2434 2401; baseline -0.001 -14"><span class='ocrx_word' id='word_1_408' title='bbox 1394 2369 1397 2400; x_wconf 73' lang='lat'>2</span> <span class='ocrx_word' id='word_1_409' title='bbox 1425 2351 1482 2388; x_wconf 84' lang='lat' dir='ltr'>Sic</span> <span class='ocrx_word' id='word_1_410' title='bbox 1514 2355 1716 2400; x_wconf 86' lang='lat' dir='ltr'>geminatio</span> <span class='ocrx_word' id='word_1_411' title='bbox 1748 2352 1962 2391; x_wconf 86' lang='lat' dir='ltr'>earumdem</span> <span class='ocrx_word' id='word_1_412' title='bbox 1995 2362 2134 2390; x_wconf 89' lang='lat' dir='ltr'>vocum</span> <span class='ocrx_word' id='word_1_413' title='bbox 2167 2358 2434 2401; x_wconf 79' lang='lat' dir='ltr'>corruptionem</span> 
     </span>
    </p>
   </div>
   <div class='ocr_carea' id='block_1_18' title="bbox 341 2352 1365 2404">
    <p class='ocr_par' dir='ltr' id='par_1_24' title="bbox 341 2352 1365 2404">
     <span class='ocr_line' id='line_1_55' title="bbox 341 2352 1365 2404; baseline 0.007 -17"><span class='ocrx_word' id='word_1_414' title='bbox 341 2352 418 2397; x_wconf 81' lang='lat' dir='ltr'>scit.</span> <span class='ocrx_word' id='word_1_415' title='bbox 471 2352 640 2391; x_wconf 83' lang='lat' dir='ltr'>Alterum</span> <span class='ocrx_word' id='word_1_416' title='bbox 682 2356 813 2404; x_wconf 74' lang='lat' dir='ltr'>placuit</span> <span class='ocrx_word' id='word_1_417' title='bbox 846 2354 1018 2393; x_wconf 87' lang='lat' dir='ltr'>Mediceo</span> <span class='ocrx_word' id='word_1_418' title='bbox 1043 2383 1054 2400; x_wconf 93' lang='lat'>,</span> <span class='ocrx_word' id='word_1_419' title='bbox 1099 2355 1296 2393; x_wconf 76' lang='lat' dir='ltr'>Lindenbr.</span> <span class='ocrx_word' id='word_1_420' title='bbox 1327 2358 1365 2394; x_wconf 83' lang='lat'>&amp;</span> 
     </span>
    </p>
   </div>
   <div class='ocr_carea' id='block_1_19' title="bbox 1423 2050 2466 2352">
    <p class='ocr_par' dir='ltr' id='par_1_25' title="bbox 1423 2050 2466 2352">
     <span class='ocr_line' id='line_1_56' title="bbox 1425 2050 2466 2103; baseline 0.004 -16"><span class='ocrx_word' id='word_1_421' title='bbox 1425 2051 1544 2088; x_wconf 83' lang='lat' dir='ltr'>modo</span> <span class='ocrx_word' id='word_1_422' title='bbox 1564 2055 1728 2102; x_wconf 88' lang='lat' dir='ltr'>concipi:</span> <span class='ocrx_word' id='word_1_423' title='bbox 1757 2066 1844 2103; x_wconf 83' lang='lat' dir='ltr'>quae</span> <span class='ocrx_word' id='word_1_424' title='bbox 1855 2050 2054 2101; x_wconf 73' lang='lat' dir='ltr'>scripsimus</span> <span class='ocrx_word' id='word_1_425' title='bbox 2079 2064 2156 2088; x_wconf 84' lang='lat' dir='ltr'>cum</span> <span class='ocrx_word' id='word_1_426' title='bbox 2170 2051 2307 2097; x_wconf 85' lang='lat' dir='ltr'>labore,</span> <span class='ocrx_word' id='word_1_427' title='bbox 2333 2054 2443 2091; x_wconf 76' lang='lat' dir='ltr'>etiam</span> <span class='ocrx_word' id='word_1_428' title='bbox 2463 2083 2466 2086; x_wconf 54' lang='grc'><em>»</em></span> 
     </span>
     <span class='ocr_line' id='line_1_57' title="bbox 1425 2099 2443 2151; baseline 0.007 -15"><span class='ocrx_word' id='word_1_429' title='bbox 1425 2099 1473 2139; x_wconf 84' lang='lat' dir='ltr'>fic</span> <span class='ocrx_word' id='word_1_430' title='bbox 1500 2101 1616 2140; x_wconf 82' lang='lat' dir='ltr'>audiri</span> <span class='ocrx_word' id='word_1_431' title='bbox 1635 2113 1796 2151; x_wconf 84' lang='lat' dir='ltr'>putemus</span> <span class='ocrx_word' id='word_1_432' title='bbox 1811 2132 1820 2148; x_wconf 87' lang='lat'>,</span> <span class='ocrx_word' id='word_1_433' title='bbox 1847 2102 2035 2139; x_wconf 84' lang='lat' dir='ltr'>adnotavit</span> <span class='ocrx_word' id='word_1_434' title='bbox 2058 2101 2362 2151; x_wconf 76' lang='lat' dir='ltr'>Lindenbiogius.</span> <span class='ocrx_word' id='word_1_435' title='bbox 2408 2104 2443 2144; x_wconf 85' lang='lat' dir='ltr'>Si</span> 
     </span>
     <span class='ocr_line' id='line_1_58' title="bbox 1427 2151 2443 2200; baseline 0.007 -14"><span class='ocrx_word' id='word_1_436' title='bbox 1427 2161 1471 2187; x_wconf 84' lang='lat' dir='ltr'>ex</span> <span class='ocrx_word' id='word_1_437' title='bbox 1495 2151 1755 2190; x_wconf 86' lang='lat' dir='ltr'>consuetudine</span> <span class='ocrx_word' id='word_1_438' title='bbox 1776 2152 1907 2190; x_wconf 86' lang='lat' dir='ltr'>librarii</span> <span class='ocrx_word' id='word_1_439' title='bbox 1930 2180 1940 2196; x_wconf 95' lang='lat'><em>‚</em></span> <span class='ocrx_word' id='word_1_440' title='bbox 1986 2162 2099 2200; x_wconf 79' lang='lat' dir='ltr'>quani</span> <span class='ocrx_word' id='word_1_441' title='bbox 2124 2153 2231 2190; x_wconf 87' lang='lat' dir='ltr'>toties</span> <span class='ocrx_word' id='word_1_442' title='bbox 2254 2164 2299 2190; x_wconf 86' lang='lat' dir='ltr'>ex</span> <span class='ocrx_word' id='word_1_443' title='bbox 2323 2153 2443 2193; x_wconf 65' lang='lat' dir='ltr'>Medi÷</span> 
     </span>
     <span class='ocr_line' id='line_1_59' title="bbox 1424 2201 2443 2251; baseline 0.005 -14"><span class='ocrx_word' id='word_1_444' title='bbox 1424 2201 1477 2238; x_wconf 87' lang='lat' dir='ltr'>cei</span> <span class='ocrx_word' id='word_1_445' title='bbox 1509 2201 1723 2240; x_wconf 63' lang='lat' dir='ltr'>lectionibus</span> <span class='ocrx_word' id='word_1_446' title='bbox 1753 2202 1972 2251; x_wconf 82' lang='lat' dir='ltr'>cognoscere</span> <span class='ocrx_word' id='word_1_447' title='bbox 2003 2202 2086 2240; x_wconf 87' lang='lat' dir='ltr'>licet</span> <span class='ocrx_word' id='word_1_448' title='bbox 2110 2229 2120 2244; x_wconf 91' lang='lat'><em>‚</em></span> <span class='ocrx_word' id='word_1_449' title='bbox 2158 2203 2369 2240; x_wconf 65' lang='lat' dir='ltr'>comestura</span> <span class='ocrx_word' id='word_1_450' title='bbox 2391 2203 2443 2242; x_wconf 83' lang='lat' dir='ltr'>fe·</span> 
     </span>
     <span class='ocr_line' id='line_1_60' title="bbox 1423 2250 2454 2302; baseline 0.005 -16"><span class='ocrx_word' id='word_1_451' title='bbox 1423 2250 1533 2288; x_wconf 88' lang='lat' dir='ltr'>renda</span> <span class='ocrx_word' id='word_1_452' title='bbox 1556 2251 1603 2289; x_wconf 88' lang='lat' dir='ltr'>est</span> <span class='ocrx_word' id='word_1_453' title='bbox 1624 2281 1635 2298; x_wconf 92' lang='lat'>,</span> <span class='ocrx_word' id='word_1_454' title='bbox 1671 2253 1839 2301; x_wconf 87' lang='lat' dir='ltr'>scriptum</span> <span class='ocrx_word' id='word_1_455' title='bbox 1863 2250 1930 2290; x_wconf 90' lang='lat' dir='ltr'>fuit</span> <span class='ocrx_word' id='word_1_456' title='bbox 1955 2265 1964 2288; x_wconf 71' lang='grc' dir='ltr'>ι</span> <span class='ocrx_word' id='word_1_457' title='bbox 1993 2262 2033 2288; x_wconf 88' lang='lat' dir='ltr'>ut</span> <span class='ocrx_word' id='word_1_458' title='bbox 2055 2265 2118 2295; x_wconf 86' lang='lat' dir='ltr'>ea,</span> <span class='ocrx_word' id='word_1_459' title='bbox 2141 2265 2228 2301; x_wconf 86' lang='lat' dir='ltr'>quae</span> <span class='ocrx_word' id='word_1_460' title='bbox 2244 2251 2454 2302; x_wconf 77' lang='lat' dir='ltr'>scripsimus·</span> 
     </span>
     <span class='ocr_line' id='line_1_61' title="bbox 1425 2301 2440 2352; baseline 0.002 -16"><span class='ocrx_word' id='word_1_461' title='bbox 1425 2311 1510 2338; x_wconf 89' lang='lat' dir='ltr'>cum</span> <span class='ocrx_word' id='word_1_462' title='bbox 1547 2303 1673 2341; x_wconf 87' lang='lat' dir='ltr'>labore</span> <span class='ocrx_word' id='word_1_463' title='bbox 1697 2332 1707 2348; x_wconf 93' lang='lat'>,</span> <span class='ocrx_word' id='word_1_464' title='bbox 1744 2314 1828 2340; x_wconf 88' lang='lat' dir='ltr'>cum</span> <span class='ocrx_word' id='word_1_465' title='bbox 1857 2303 1980 2339; x_wconf 85' lang='lat' dir='ltr'>labore</span> <span class='ocrx_word' id='word_1_466' title='bbox 1999 2301 2107 2339; x_wconf 78' lang='lat' dir='ltr'>etiam</span> <span class='ocrx_word' id='word_1_467' title='bbox 2128 2302 2248 2340; x_wconf 85' lang='lat' dir='ltr'>audiri</span> <span class='ocrx_word' id='word_1_468' title='bbox 2271 2312 2440 2352; x_wconf 70' lang='lat' dir='ltr'>putemus.</span> 
     </span>
    </p>
   </div>
   <div class='ocr_carea' id='block_1_20' title="bbox 344 2399 1557 2455">
    <p class='ocr_par' dir='ltr' id='par_1_26' title="bbox 344 2399 1557 2455">
     <span class='ocr_line' id='line_1_62' title="bbox 344 2399 1557 2455; baseline 0.001 -16"><span class='ocrx_word' id='word_1_469' title='bbox 344 2402 429 2440; x_wconf 85' lang='lat' dir='ltr'>aliis.</span> <span class='ocrx_word' id='word_1_470' title='bbox 485 2404 564 2442; x_wconf 87' lang='lat' dir='ltr'>Lib.</span> <span class='ocrx_word' id='word_1_471' title='bbox 590 2404 654 2442; x_wconf 89' lang='lat'>111.</span> <span class='ocrx_word' id='word_1_472' title='bbox 680 2405 787 2455; x_wconf 78' lang='lat' dir='ltr'>Epist.</span> <span class='ocrx_word' id='word_1_473' title='bbox 813 2405 877 2442; x_wconf 91' lang='lat' dir='ltr'>IX.</span> <span class='ocrx_word' id='word_1_474' title='bbox 900 2417 934 2442; x_wconf 89' lang='lat' dir='ltr'>n.</span> <span class='ocrx_word' id='word_1_475' title='bbox 961 2399 1034 2453; x_wconf 76' lang='lat'><em>19.‘</em></span> <span class='ocrx_word' id='word_1_476' title='bbox 1083 2411 1136 2443; x_wconf 86' lang='lat' dir='ltr'>Ne</span> <span class='ocrx_word' id='word_1_477' title='bbox 1159 2405 1291 2452; x_wconf 82' lang='lat' dir='ltr'>iustitia</span> <span class='ocrx_word' id='word_1_478' title='bbox 1313 2418 1365 2442; x_wconf 88' lang='lat' dir='ltr'>co-</span> <span class='ocrx_word' id='word_1_479' title='bbox 1394 2404 1397 2447; x_wconf 73' lang='grc' dir='ltr'><strong>ἱ</strong></span> <span class='ocrx_word' id='word_1_480' title='bbox 1427 2403 1557 2442; x_wconf 76' lang='lat' dir='ltr'>intulit.</span> 
     </span>
    </p>
   </div>
   <div class='ocr_carea' id='block_1_21' title="bbox 344 2453 1364 2505">
    <p class='ocr_par' dir='ltr' id='par_1_27' title="bbox 344 2453 1364 2505">
     <span class='ocr_line' id='line_1_63' title="bbox 344 2453 1364 2505; baseline 0.006 -18"><span class='ocrx_word' id='word_1_481' title='bbox 344 2453 583 2501; x_wconf 75' lang='lat' dir='ltr'>gnoscentium</span> <span class='ocrx_word' id='word_1_482' title='bbox 602 2457 843 2505; x_wconf 67' lang='lat' dir='ltr'>severitasque</span> <span class='ocrx_word' id='word_1_483' title='bbox 864 2455 1121 2504; x_wconf 85' lang='lat' dir='ltr'>languesceret.</span> <span class='ocrx_word' id='word_1_484' title='bbox 1146 2456 1250 2494; x_wconf 85' lang='lat' dir='ltr'>Plura</span> <span class='ocrx_word' id='word_1_485' title='bbox 1265 2464 1364 2505; x_wconf 85' lang='lat' dir='ltr'>petas</span> 
     </span>
    </p>
   </div>
   <div class='ocr_carea' id='block_1_22' title="bbox 1478 2445 2429 2504">
    <p class='ocr_par' dir='ltr' id='par_1_28' title="bbox 1478 2445 2429 2504">
     <span class='ocr_line' id='line_1_64' title="bbox 1478 2445 2429 2504; baseline -0.009 -14"><span class='ocrx_word' id='word_1_486' title='bbox 1478 2465 1521 2491; x_wconf 91' lang='lat'>10</span> <span class='ocrx_word' id='word_1_487' title='bbox 1548 2452 1867 2504; x_wconf 54' lang='lat' dir='ltr'>Quotusquisque]</span> <span class='ocrx_word' id='word_1_488' title='bbox 1898 2452 2156 2503; x_wconf 85' lang='lat' dir='ltr'>Cujuscunque</span> <span class='ocrx_word' id='word_1_489' title='bbox 2168 2451 2209 2489; x_wconf 88' lang='lat' dir='ltr'>fit</span> <span class='ocrx_word' id='word_1_490' title='bbox 2220 2445 2429 2487; x_wconf 82' lang='lat' dir='ltr'>conditionis</span> 
     </span>
    </p>
   </div>
   <div class='ocr_carea' id='block_1_23' title="bbox 349 2493 2428 2556">
    <p class='ocr_par' dir='ltr' id='par_1_29' title="bbox 349 2493 2428 2556">
     <span class='ocr_line' id='line_1_65' title="bbox 349 2493 2428 2556; baseline -0.001 -18"><span class='ocrx_word' id='word_1_491' title='bbox 349 2513 395 2539; x_wconf 89' lang='lat' dir='ltr'>cx</span> <span class='ocrx_word' id='word_1_492' title='bbox 417 2511 505 2540; x_wconf 86' lang='lat' dir='ltr'>nota</span> <span class='ocrx_word' id='word_1_493' title='bbox 526 2504 570 2541; x_wconf 85' lang='lat' dir='ltr'>ad</span> <span class='ocrx_word' id='word_1_494' title='bbox 595 2505 725 2544; x_wconf 60' lang='lat' dir='ltr'>Sallust.</span> <span class='ocrx_word' id='word_1_495' title='bbox 749 2507 830 2544; x_wconf 81' lang='lat' dir='ltr'>Cat.</span> <span class='ocrx_word' id='word_1_496' title='bbox 853 2517 928 2554; x_wconf 89' lang='lat' dir='ltr'>cap.</span> <span class='ocrx_word' id='word_1_497' title='bbox 951 2505 1094 2544; x_wconf 88' lang='lat' dir='ltr'>XLIII.</span> <span class='ocrx_word' id='word_1_498' title='bbox 1125 2518 1160 2544; x_wconf 80' lang='lat' dir='ltr'>n.</span> <span class='ocrx_word' id='word_1_499' title='bbox 1199 2519 1230 2556; x_wconf 84' lang='lat'>3.</span> <span class='ocrx_word' id='word_1_500' title='bbox 1282 2506 1365 2542; x_wconf 80' lang='lat' dir='ltr'>lan·</span> <span class='ocrx_word' id='word_1_501' title='bbox 1427 2505 1469 2542; x_wconf 66' lang='grc' dir='ltr'>ὅτ</span> <span class='ocrx_word' id='word_1_502' title='bbox 1497 2504 1640 2542; x_wconf 85' lang='lat' dir='ltr'>ordinis.</span> <span class='ocrx_word' id='word_1_503' title='bbox 1695 2507 1822 2552; x_wconf 85' lang='lat' dir='ltr'>Quota</span> <span class='ocrx_word' id='word_1_504' title='bbox 1857 2507 1955 2543; x_wconf 88' lang='lat' dir='ltr'>enim</span> <span class='ocrx_word' id='word_1_505' title='bbox 1989 2505 2026 2540; x_wconf 89' lang='lat'>&amp;</span> <span class='ocrx_word' id='word_1_506' title='bbox 2060 2501 2221 2538; x_wconf 89' lang='lat' dir='ltr'>ordinem</span> <span class='ocrx_word' id='word_1_507' title='bbox 2256 2493 2428 2543; x_wconf 62' lang='lat' dir='ltr'>dignitatis</span> 
     </span>
    </p>
   </div>
   <div class='ocr_carea' id='block_1_24' title="bbox 347 2552 1366 3057">
    <p class='ocr_par' dir='ltr' id='par_1_30' title="bbox 347 2552 647 2601">
     <span class='ocr_line' id='line_1_66' title="bbox 347 2552 647 2601; baseline 0.017 -13"><span class='ocrx_word' id='word_1_508' title='bbox 347 2552 533 2601; x_wconf 67' lang='lat' dir='ltr'>&#39;guentibus</span> <span class='ocrx_word' id='word_1_509' title='bbox 556 2556 647 2592; x_wconf 83' lang='lat' dir='ltr'>aliis.</span> 
     </span>
    </p>

    <p class='ocr_par' dir='ltr' id='par_1_31' title="bbox 347 2605 1366 2906">
     <span class='ocr_line' id='line_1_67' title="bbox 399 2605 1365 2656; baseline 0.004 -17"><span class='ocrx_word' id='word_1_510' title='bbox 399 2605 422 2639; x_wconf 94' lang='lat'><strong>6</strong></span> <span class='ocrx_word' id='word_1_511' title='bbox 451 2605 675 2655; x_wconf 77' lang='lat' dir='ltr'>Extrinsecus</span> <span class='ocrx_word' id='word_1_512' title='bbox 696 2617 761 2644; x_wconf 77' lang='lat' dir='ltr'>aut</span> <span class='ocrx_word' id='word_1_513' title='bbox 780 2606 1073 2656; x_wconf 53' lang='lat' dir='ltr'>blandimentis]</span> <span class='ocrx_word' id='word_1_514' title='bbox 1104 2608 1218 2645; x_wconf 85' lang='lat' dir='ltr'>Motu</span> <span class='ocrx_word' id='word_1_515' title='bbox 1231 2605 1272 2644; x_wconf 85' lang='lat' dir='ltr'>sc.</span> <span class='ocrx_word' id='word_1_516' title='bbox 1286 2618 1365 2644; x_wconf 90' lang='lat' dir='ltr'>cor-</span> 
     </span>
     <span class='ocr_line' id='line_1_68' title="bbox 349 2656 1365 2703; baseline 0.004 -13"><span class='ocrx_word' id='word_1_517' title='bbox 349 2657 444 2700; x_wconf 86' lang='lat' dir='ltr'>poris</span> <span class='ocrx_word' id='word_1_518' title='bbox 466 2665 689 2703; x_wconf 77' lang='lat' dir='ltr'>opportuno.</span> <span class='ocrx_word' id='word_1_519' title='bbox 729 2656 785 2693; x_wconf 65' lang='lat' dir='ltr'>Ca</span> <span class='ocrx_word' id='word_1_520' title='bbox 801 2671 823 2695; x_wconf 83' lang='grc' dir='ltr'>τ</span> <span class='ocrx_word' id='word_1_521' title='bbox 845 2671 865 2694; x_wconf 74' lang='grc' dir='ltr'><strong>Α</strong></span> <span class='ocrx_word' id='word_1_522' title='bbox 882 2670 916 2694; x_wconf 75' lang='grc' dir='ltr'>Ν.</span> <span class='ocrx_word' id='word_1_523' title='bbox 956 2657 1166 2696; x_wconf 69' lang='lat' dir='ltr'>Lactantius</span> <span class='ocrx_word' id='word_1_524' title='bbox 1190 2657 1269 2695; x_wconf 89' lang='lat' dir='ltr'>Lib.</span> <span class='ocrx_word' id='word_1_525' title='bbox 1298 2656 1365 2694; x_wconf 94' lang='lat' dir='ltr'>III.</span> 
     </span>
     <span class='ocr_line' id='line_1_69' title="bbox 350 2705 1366 2757; baseline 0.006 -18"><span class='ocrx_word' id='word_1_526' title='bbox 350 2715 426 2753; x_wconf 82' lang='lat' dir='ltr'>cap.</span> <span class='ocrx_word' id='word_1_527' title='bbox 452 2705 476 2743; x_wconf 91' lang='lat'>1.</span> <span class='ocrx_word' id='word_1_528' title='bbox 536 2707 657 2744; x_wconf 80' lang='lat' dir='ltr'>Etiam</span> <span class='ocrx_word' id='word_1_529' title='bbox 680 2708 859 2745; x_wconf 75' lang='lat' dir='ltr'>mendacio</span> <span class='ocrx_word' id='word_1_530' title='bbox 897 2709 1043 2745; x_wconf 82' lang='lat' dir='ltr'>credunt</span> <span class='ocrx_word' id='word_1_531' title='bbox 1074 2711 1166 2757; x_wconf 81' lang='lat' dir='ltr'>capti</span> <span class='ocrx_word' id='word_1_532' title='bbox 1198 2708 1366 2745; x_wconf 71' lang='lat' dir='ltr'>orationis</span> 
     </span>
     <span class='ocr_line' id='line_1_70' title="bbox 355 2757 1363 2806; baseline 0.009 -19"><span class='ocrx_word' id='word_1_533' title='bbox 355 2764 507 2801; x_wconf 83' lang='lat' dir='ltr'>ornatu,</span> <span class='ocrx_word' id='word_1_534' title='bbox 534 2757 784 2806; x_wconf 73' lang='lat' dir='ltr'>lenocinioque</span> <span class='ocrx_word' id='word_1_535' title='bbox 797 2758 1047 2796; x_wconf 76' lang='lat' dir='ltr'>verborum&amp;</span> <span class='ocrx_word' id='word_1_536' title='bbox 1074 2771 1187 2796; x_wconf 86' lang='lat' dir='ltr'>mox:</span> <span class='ocrx_word' id='word_1_537' title='bbox 1221 2759 1363 2796; x_wconf 79' lang='lat' dir='ltr'>Veritas</span> 
     </span>
     <span class='ocr_line' id='line_1_71' title="bbox 347 2803 1362 2858; baseline 0.01 -22"><span class='ocrx_word' id='word_1_538' title='bbox 347 2803 439 2855; x_wconf 59' lang='lat' dir='ltr'>[affl</span> <span class='ocrx_word' id='word_1_539' title='bbox 461 2819 588 2842; x_wconf 75' lang='lat' dir='ltr'>ornata</span> <span class='ocrx_word' id='word_1_540' title='bbox 606 2818 664 2856; x_wconf 75' lang='lat' dir='ltr'>per</span> <span class='ocrx_word' id='word_1_541' title='bbox 678 2809 714 2856; x_wconf 88' lang='lat' dir='ltr'>se</span> <span class='ocrx_word' id='word_1_542' title='bbox 735 2807 778 2853; x_wconf 87' lang='lat' dir='ltr'>est</span> <span class='ocrx_word' id='word_1_543' title='bbox 792 2836 801 2852; x_wconf 92' lang='lat'>,</span> <span class='ocrx_word' id='word_1_544' title='bbox 828 2810 964 2858; x_wconf 84' lang='lat' dir='ltr'>ideoque</span> <span class='ocrx_word' id='word_1_545' title='bbox 983 2809 1201 2847; x_wconf 81' lang='lat' dir='ltr'>ornamentis</span> <span class='ocrx_word' id='word_1_546' title='bbox 1228 2810 1362 2847; x_wconf 85' lang='lat' dir='ltr'>extrin-</span> 
     </span>
     <span class='ocr_line' id='line_1_72' title="bbox 358 2856 857 2906; baseline 0.018 -20"><span class='ocrx_word' id='word_1_547' title='bbox 358 2856 451 2888; x_wconf 59' lang='grc' dir='ltr'>παις</span> <span class='ocrx_word' id='word_1_548' title='bbox 466 2858 593 2900; x_wconf 82' lang='lat' dir='ltr'>fucata</span> <span class='ocrx_word' id='word_1_549' title='bbox 615 2859 857 2906; x_wconf 73' lang='lat' dir='ltr'>corrumpitur.</span> 
     </span>
    </p>

    <p class='ocr_par' dir='ltr' id='par_1_32' title="bbox 360 2907 1366 3057">
     <span class='ocr_line' id='line_1_73' title="bbox 412 2907 1362 2955; baseline 0.012 -18"><span class='ocrx_word' id='word_1_550' title='bbox 412 2913 429 2946; x_wconf 78' lang='lat'>7</span> <span class='ocrx_word' id='word_1_551' title='bbox 471 2909 548 2940; x_wconf 79' lang='lat' dir='ltr'>Aut</span> <span class='ocrx_word' id='word_1_552' title='bbox 581 2907 709 2943; x_wconf 84' lang='lat' dir='ltr'>aculeis</span> <span class='ocrx_word' id='word_1_553' title='bbox 741 2907 946 2955; x_wconf 57' lang='lat' dir='ltr'>excitate]</span> <span class='ocrx_word' id='word_1_554' title='bbox 987 2909 1149 2946; x_wconf 81' lang='lat' dir='ltr'>Riccard.</span> <span class='ocrx_word' id='word_1_555' title='bbox 1175 2910 1301 2948; x_wconf 82' lang='lat' dir='ltr'>Oxon.</span> <span class='ocrx_word' id='word_1_556' title='bbox 1325 2912 1362 2948; x_wconf 88' lang='lat'>&amp;</span> 
     </span>
     <span class='ocr_line' id='line_1_74' title="bbox 360 2951 1364 2998; baseline 0.009 -10"><span class='ocrx_word' id='word_1_557' title='bbox 360 2951 556 2990; x_wconf 80' lang='lat' dir='ltr'>Lindcnbr.</span> <span class='ocrx_word' id='word_1_558' title='bbox 586 2966 648 2988; x_wconf 82' lang='lat' dir='ltr'>aut</span> <span class='ocrx_word' id='word_1_559' title='bbox 683 2957 793 2990; x_wconf 62' lang='lat' dir='ltr'>oculis</span> <span class='ocrx_word' id='word_1_560' title='bbox 823 2959 978 2991; x_wconf 75' lang='lat' dir='ltr'>excitata</span> <span class='ocrx_word' id='word_1_561' title='bbox 1006 2972 1013 2993; x_wconf 87' lang='lat'>:</span> <span class='ocrx_word' id='word_1_562' title='bbox 1063 2959 1213 2995; x_wconf 59' lang='lat' dir='ltr'>Helmst.</span> <span class='ocrx_word' id='word_1_563' title='bbox 1246 2960 1364 2998; x_wconf 83' lang='lat' dir='ltr'>eculeis</span> 
     </span>
     <span class='ocr_line' id='line_1_75' title="bbox 362 3004 1366 3057; baseline 0.008 -20"><span class='ocrx_word' id='word_1_564' title='bbox 362 3011 538 3050; x_wconf 71' lang='lat' dir='ltr'>corrupte.</span> <span class='ocrx_word' id='word_1_565' title='bbox 595 3004 716 3040; x_wconf 80' lang='lat' dir='ltr'>Aculet</span> <span class='ocrx_word' id='word_1_566' title='bbox 750 3005 912 3040; x_wconf 74' lang='lat' dir='ltr'>orationis</span> <span class='ocrx_word' id='word_1_567' title='bbox 940 3005 1147 3053; x_wconf 77' lang='lat' dir='ltr'>frequenter</span> <span class='ocrx_word' id='word_1_568' title='bbox 1167 3011 1261 3057; x_wconf 84' lang='lat' dir='ltr'>apud</span> <span class='ocrx_word' id='word_1_569' title='bbox 1285 3010 1366 3046; x_wconf 86' lang='lat' dir='ltr'>No-</span> 
     </span>
    </p>
   </div>
   <div class='ocr_carea' id='block_1_25' title="bbox 1423 2543 2433 3003">
    <p class='ocr_par' dir='ltr' id='par_1_33' title="bbox 1424 2543 2430 2854">
     <span class='ocr_line' id='line_1_76' title="bbox 1426 2543 2427 2601; baseline -0.014 -9"><span class='ocrx_word' id='word_1_570' title='bbox 1426 2556 1464 2592; x_wconf 84' lang='lat'>&amp;</span> <span class='ocrx_word' id='word_1_571' title='bbox 1495 2557 1693 2594; x_wconf 81' lang='lat' dir='ltr'>minimum</span> <span class='ocrx_word' id='word_1_572' title='bbox 1726 2554 1899 2601; x_wconf 80' lang='lat' dir='ltr'>significat</span> <span class='ocrx_word' id='word_1_573' title='bbox 1923 2583 1934 2600; x_wconf 90' lang='lat'>‚</span> <span class='ocrx_word' id='word_1_574' title='bbox 1959 2550 2054 2601; x_wconf 87' lang='lat' dir='ltr'>apud</span> <span class='ocrx_word' id='word_1_575' title='bbox 2075 2550 2129 2586; x_wconf 90' lang='lat' dir='ltr'>M.</span> <span class='ocrx_word' id='word_1_576' title='bbox 2150 2545 2334 2600; x_wconf 57' lang='lat' dir='ltr'>Tulhum„</span> <span class='ocrx_word' id='word_1_577' title='bbox 2361 2543 2427 2582; x_wconf 88' lang='lat' dir='ltr'>Ph-</span> 
     </span>
     <span class='ocr_line' id='line_1_77' title="bbox 1428 2593 2428 2655; baseline -0.011 -13"><span class='ocrx_word' id='word_1_578' title='bbox 1428 2606 1506 2644; x_wconf 91' lang='lat' dir='ltr'>nios</span> <span class='ocrx_word' id='word_1_579' title='bbox 1530 2606 1725 2655; x_wconf 87' lang='lat' dir='ltr'>utrosque,</span> <span class='ocrx_word' id='word_1_580' title='bbox 1755 2605 1953 2646; x_wconf 78' lang='lat' dir='ltr'>Tacitum,</span> <span class='ocrx_word' id='word_1_581' title='bbox 1981 2602 2152 2638; x_wconf 86' lang='lat' dir='ltr'>Senecam</span> <span class='ocrx_word' id='word_1_582' title='bbox 2173 2621 2184 2637; x_wconf 93' lang='lat'>,</span> <span class='ocrx_word' id='word_1_583' title='bbox 2211 2593 2428 2631; x_wconf 82' lang='lat' dir='ltr'>Martialem.</span> 
     </span>
     <span class='ocr_line' id='line_1_78' title="bbox 1426 2648 2427 2704; baseline -0.004 -12"><span class='ocrx_word' id='word_1_584' title='bbox 1426 2655 1468 2692; x_wconf 92' lang='lat' dir='ltr'>In</span> <span class='ocrx_word' id='word_1_585' title='bbox 1501 2656 1709 2694; x_wconf 89' lang='lat' dir='ltr'>foeminino</span> <span class='ocrx_word' id='word_1_586' title='bbox 1740 2667 1872 2704; x_wconf 88' lang='lat' dir='ltr'>genere</span> <span class='ocrx_word' id='word_1_587' title='bbox 1904 2648 2083 2695; x_wconf 85' lang='lat' dir='ltr'>hucusque</span> <span class='ocrx_word' id='word_1_588' title='bbox 2113 2652 2254 2680; x_wconf 77' lang='lat' dir='ltr'>tantum</span> <span class='ocrx_word' id='word_1_589' title='bbox 2287 2653 2352 2689; x_wconf 76' lang='lat' dir='ltr'>PsO</span> <span class='ocrx_word' id='word_1_590' title='bbox 2391 2656 2427 2700; x_wconf 62' lang='lat' dir='ltr'>fe</span> 
     </span>
     <span class='ocr_line' id='line_1_79' title="bbox 1426 2691 2428 2755; baseline -0.014 -11"><span class='ocrx_word' id='word_1_591' title='bbox 1426 2707 1577 2744; x_wconf 81' lang='lat' dir='ltr'>minima</span> <span class='ocrx_word' id='word_1_592' title='bbox 1600 2708 1832 2748; x_wconf 84' lang='lat' dir='ltr'>notavimus,</span> <span class='ocrx_word' id='word_1_593' title='bbox 1859 2705 2107 2755; x_wconf 81' lang='lat' dir='ltr'>praeterquam</span> <span class='ocrx_word' id='word_1_594' title='bbox 2129 2691 2225 2749; x_wconf 79' lang='lat' dir='ltr'>apud</span> <span class='ocrx_word' id='word_1_595' title='bbox 2246 2691 2428 2749; x_wconf 61' lang='lat' dir='ltr'>Hui-anm</span> 
     </span>
     <span class='ocr_line' id='line_1_80' title="bbox 1426 2740 2430 2803; baseline -0.02 -9"><span class='ocrx_word' id='word_1_596' title='bbox 1426 2757 1539 2794; x_wconf 86' lang='lat' dir='ltr'>Serm.</span> <span class='ocrx_word' id='word_1_597' title='bbox 1562 2756 1623 2794; x_wconf 84' lang='lat' dir='ltr'>ubi</span> <span class='ocrx_word' id='word_1_598' title='bbox 1646 2756 1734 2793; x_wconf 85' lang='lat' dir='ltr'>hora</span> <span class='ocrx_word' id='word_1_599' title='bbox 1762 2764 1867 2803; x_wconf 81' lang='lat' dir='ltr'>quota</span> <span class='ocrx_word' id='word_1_600' title='bbox 1890 2744 2055 2797; x_wconf 69' lang='lat' dir='ltr'>fignificat</span> <span class='ocrx_word' id='word_1_601' title='bbox 2079 2740 2245 2796; x_wconf 84' lang='lat' dir='ltr'>ordinem</span> <span class='ocrx_word' id='word_1_602' title='bbox 2259 2769 2270 2786; x_wconf 93' lang='lat'>‚</span> <span class='ocrx_word' id='word_1_603' title='bbox 2300 2743 2430 2781; x_wconf 54' lang='lat' dir='ltr'>&amp;cm</span> 
     </span>
     <span class='ocr_line' id='line_1_81' title="bbox 1424 2794 2279 2854; baseline -0.025 -9"><span class='ocrx_word' id='word_1_604' title='bbox 1424 2810 1459 2845; x_wconf 86' lang='lat' dir='ltr'>in</span> <span class='ocrx_word' id='word_1_605' title='bbox 1484 2808 1590 2844; x_wconf 84' lang='lat' dir='ltr'>Rliet.</span> <span class='ocrx_word' id='word_1_606' title='bbox 1617 2808 1740 2854; x_wconf 67' lang='lat' dir='ltr'>Qota</span> <span class='ocrx_word' id='word_1_607' title='bbox 1762 2802 1865 2838; x_wconf 60' lang='lat' dir='ltr'>nostis</span> <span class='ocrx_word' id='word_1_608' title='bbox 1885 2799 1981 2851; x_wconf 62' lang='lat' dir='ltr'>bora3</span> <span class='ocrx_word' id='word_1_609' title='bbox 2008 2794 2158 2848; x_wconf 58' lang='lat' dir='ltr'>Caram.</span> <span class='ocrx_word' id='word_1_610' title='bbox 2275 2843 2279 2848; x_wconf 31' lang='lat'><em>.</em></span> 
     </span>
    </p>

    <p class='ocr_par' dir='ltr' id='par_1_34' title="bbox 1423 2841 2433 3003">
     <span class='ocr_line' id='line_1_82' title="bbox 1473 2841 2433 2902; baseline -0.013 -8"><span class='ocrx_word' id='word_1_611' title='bbox 1473 2870 1512 2896; x_wconf 87' lang='lat'>11</span> <span class='ocrx_word' id='word_1_612' title='bbox 1546 2855 1600 2902; x_wconf 70' lang='lat' dir='ltr'>Est</span> <span class='ocrx_word' id='word_1_613' title='bbox 1617 2866 1766 2894; x_wconf 66' lang='lat' dir='ltr'>nmen,</span> <span class='ocrx_word' id='word_1_614' title='bbox 1793 2846 1915 2898; x_wconf 59' lang='lat' dir='ltr'>quia]</span> <span class='ocrx_word' id='word_1_615' title='bbox 1944 2846 1998 2883; x_wconf 88' lang='lat' dir='ltr'>Sic</span> <span class='ocrx_word' id='word_1_616' title='bbox 2012 2841 2220 2885; x_wconf 57' lang='lat' dir='ltr'>Medic-em,</span> <span class='ocrx_word' id='word_1_617' title='bbox 2237 2842 2433 2882; x_wconf 75' lang='lat' dir='ltr'>Lindcnbr.</span> 
     </span>
     <span class='ocr_line' id='line_1_83' title="bbox 1423 2891 2432 2954; baseline -0.013 -10"><span class='ocrx_word' id='word_1_618' title='bbox 1423 2899 1589 2954; x_wconf 80' lang='lat' dir='ltr'>Bongars.</span> <span class='ocrx_word' id='word_1_619' title='bbox 1618 2903 1691 2940; x_wconf 86' lang='lat' dir='ltr'>Alii</span> <span class='ocrx_word' id='word_1_620' title='bbox 1713 2900 1889 2938; x_wconf 86' lang='lat' dir='ltr'>dederunt</span> <span class='ocrx_word' id='word_1_621' title='bbox 1901 2894 2014 2943; x_wconf 86' lang='lat' dir='ltr'>quod;</span> <span class='ocrx_word' id='word_1_622' title='bbox 2045 2894 2081 2929; x_wconf 90' lang='lat' dir='ltr'>in</span> <span class='ocrx_word' id='word_1_623' title='bbox 2095 2891 2256 2929; x_wconf 85' lang='lat' dir='ltr'>Riccard.</span> <span class='ocrx_word' id='word_1_624' title='bbox 2271 2895 2306 2929; x_wconf 66' lang='grc' dir='ltr'>ὅ(</span> <span class='ocrx_word' id='word_1_625' title='bbox 2322 2893 2432 2931; x_wconf 71' lang='lat' dir='ltr'>Arnz.</span> 
     </span>
     <span class='ocr_line' id='line_1_84' title="bbox 1424 2942 2316 3003; baseline -0.017 -11"><span class='ocrx_word' id='word_1_626' title='bbox 1424 2957 1472 2994; x_wconf 87' lang='lat' dir='ltr'>est</span> <span class='ocrx_word' id='word_1_627' title='bbox 1496 2965 1593 3003; x_wconf 85' lang='lat' dir='ltr'>quae.</span> <span class='ocrx_word' id='word_1_628' title='bbox 1620 2951 1745 2987; x_wconf 83' lang='lat' dir='ltr'>oxon.</span> <span class='ocrx_word' id='word_1_629' title='bbox 1769 2955 1811 2985; x_wconf 75' lang='lat' dir='ltr'>U·</span> <span class='ocrx_word' id='word_1_630' title='bbox 1831 2957 1951 2982; x_wconf 81' lang='lat' dir='ltr'>tamen</span> <span class='ocrx_word' id='word_1_631' title='bbox 1968 2943 2103 2992; x_wconf 79' lang='lat' dir='ltr'>plerum</span> <span class='ocrx_word' id='word_1_632' title='bbox 2114 2956 2169 2991; x_wconf 68' lang='lat' dir='ltr'>lue</span> <span class='ocrx_word' id='word_1_633' title='bbox 2191 2942 2316 2978; x_wconf 71' lang='lat' dir='ltr'>evenit.</span> 
     </span>
    </p>
   </div>
   <div class='ocr_carea' id='block_1_26' title="bbox 1475 2991 2427 3044">
    <p class='ocr_par' dir='ltr' id='par_1_35' title="bbox 1475 2991 2427 3044">
     <span class='ocr_line' id='line_1_85' title="bbox 1475 2991 2427 3044; baseline -0.017 -5"><span class='ocrx_word' id='word_1_634' title='bbox 1475 3015 1515 3040; x_wconf 87' lang='lat'>12</span> <span class='ocrx_word' id='word_1_635' title='bbox 1544 3005 1635 3035; x_wconf 88' lang='lat' dir='ltr'>Cum</span> <span class='ocrx_word' id='word_1_636' title='bbox 1659 2995 1984 3044; x_wconf 75' lang='lat' dir='ltr'>alioquipraecipue.</span> <span class='ocrx_word' id='word_1_637' title='bbox 2010 2991 2023 3040; x_wconf 81' lang='lat'>]</span> <span class='ocrx_word' id='word_1_638' title='bbox 2058 2992 2268 3029; x_wconf 47' lang='lat' dir='ltr'>Medic-ene:</span> <span class='ocrx_word' id='word_1_639' title='bbox 2300 3004 2375 3029; x_wconf 88' lang='lat' dir='ltr'>cum</span> <span class='ocrx_word' id='word_1_640' title='bbox 2391 3006 2427 3031; x_wconf 69' lang='lat' dir='ltr'>a..</span> 
     </span>
    </p>
   </div>
   <div class='ocr_carea' id='block_1_27' title="bbox 361 3042 2428 3104">
    <p class='ocr_par' dir='ltr' id='par_1_36' title="bbox 361 3042 2428 3104">
     <span class='ocr_line' id='line_1_86' title="bbox 361 3042 2428 3104; baseline 0.004 -14"><span class='ocrx_word' id='word_1_641' title='bbox 361 3053 469 3092; x_wconf 75' lang='lat' dir='ltr'>strum</span> <span class='ocrx_word' id='word_1_642' title='bbox 493 3064 706 3099; x_wconf 71' lang='lat' dir='ltr'>occurrunt,</span> <span class='ocrx_word' id='word_1_643' title='bbox 734 3062 771 3092; x_wconf 73' lang='lat' dir='ltr'>ut</span> <span class='ocrx_word' id='word_1_644' title='bbox 795 3053 876 3092; x_wconf 69' lang='lat' dir='ltr'>Lib.</span> <span class='ocrx_word' id='word_1_645' title='bbox 899 3053 924 3092; x_wconf 86' lang='lat'>1.</span> <span class='ocrx_word' id='word_1_646' title='bbox 945 3053 1050 3103; x_wconf 78' lang='lat' dir='ltr'>Epist.</span> <span class='ocrx_word' id='word_1_647' title='bbox 1075 3056 1156 3096; x_wconf 84' lang='lat' dir='ltr'>xx.</span> <span class='ocrx_word' id='word_1_648' title='bbox 1179 3071 1214 3097; x_wconf 78' lang='lat' dir='ltr'>n.</span> <span class='ocrx_word' id='word_1_649' title='bbox 1241 3061 1296 3100; x_wconf 81' lang='lat'>18.</span> <span class='ocrx_word' id='word_1_650' title='bbox 1328 3062 1365 3098; x_wconf 69' lang='lat' dir='ltr'>e&lt;</span> <span class='ocrx_word' id='word_1_651' title='bbox 1417 3052 1532 3104; x_wconf 69' lang='lat' dir='ltr'>nequi</span> <span class='ocrx_word' id='word_1_652' title='bbox 1553 3049 1607 3088; x_wconf 73' lang='lat' dir='ltr'>his</span> <span class='ocrx_word' id='word_1_653' title='bbox 1624 3047 1823 3098; x_wconf 53' lang='lat' dir='ltr'>praecipu„</span> <span class='ocrx_word' id='word_1_654' title='bbox 1850 3043 2011 3083; x_wconf 69' lang='lat' dir='ltr'>Riccard.</span> <span class='ocrx_word' id='word_1_655' title='bbox 2038 3042 2233 3087; x_wconf 72' lang='lat' dir='ltr'>Lmdeiibr.</span> <span class='ocrx_word' id='word_1_656' title='bbox 2255 3044 2365 3080; x_wconf 62' lang='lat' dir='ltr'>Affl-</span> <span class='ocrx_word' id='word_1_657' title='bbox 2390 3045 2428 3081; x_wconf 60' lang='grc' dir='ltr'>ὅ(</span> 
     </span>
    </p>
   </div>
   <div class='ocr_carea' id='block_1_28' title="bbox 2304 3091 2434 3132">
    <p class='ocr_par' dir='ltr' id='par_1_37' title="bbox 2304 3091 2434 3132">
     <span class='ocr_line' id='line_1_87' title="bbox 2304 3091 2434 3132; baseline 0.008 -2"><span class='ocrx_word' id='word_1_658' title='bbox 2304 3091 2434 3132; x_wconf 82' lang='lat' dir='ltr'>Oxon.</span> 
     </span>
    </p>
   </div>
  </div>
 </body>
</html>
