2616 3686
570 206 916 272 LIBER
993 203 1703 255 X.EPIS'TOLA
1771 199 1936 259 CXX.
2222 216 2313 285 843-

187 295 246 353 id
283 307 527 366 tempus,
575 305 687 362 quo
711 292 726 316 ¹
767 290 1008 341 εἰσήλκσαυ,
1050 281 1395 336 intuendum.
1471 280 1643 336 Iidem
1675 288 1693 313 ²
1732 283 1959 340 obsonia
1988 303 2180 357 petunt
2215 310 2314 364 pro

195 387 267 425 eo
290 382 494 439 agone,
532 363 628 435 qui
650 379 677 415 a
701 375 755 414 te
787 357 1072 414 iselasticus
1100 355 1265 410 fanus
1303 355 1411 419 est,
1450 358 1690 428 quamViS
1725 357 1987 423 vicerint,
2030 378 2315 437 antequam

191 444 363 499 fieret.
419 446 435 476 ³
460 437 627 508 Ajunt
654 436 827 498 enim,
867 449 1175 504 congruens
1205 429 1333 495 esse,
1375 430 1506 485 ficut
1531 447 1642 484 non
1671 430 1828 484 datur
1860 426 1951 485 fibi
1980 452 2078 504 pro
2104 438 2177 490 his
2201 456 2316 492 cer-

189 515 474 571 taminibus
493 552 510 577 ,
548 528 687 585 quae
714 508 816 563 ess'e
841 508 1127 571 iselastica,
1168 506 1453 577 postquam
1479 507 1760 568 vicerunt,
1801 504 2090 562 desierunt:
2117 510 2186 563 ita
2216 528 2313 580 pro

188 593 248 646 iis
271 589 418 653 dari,
458 604 594 660 quae
619 583 722 639 effe
761 595 1083 655 coeperunt.
1162 578 1276 634 Hic
1301 597 1524 652 quoque
1554 597 1664 633 non
1703 579 2054 635 mediocriter
2093 583 2314 647 haereo,

188 682 259 720 ne
283 663 594 734 cujusquam
622 673 768 714 retro
800 659 1057 712 habeatur
1092 655 1255 709 ratio:
1300 654 1652 726 dandumque
1686 655 1839 726 quod
1878 669 2010 710 tunc
2044 674 2170 712 cum
2203 660 2309 713 vin-

190 751 409 800 cerent,
446 742 593 790 ⁴non
620 731 936 788 debebatur.
977 746 1115 801 rogo
1145 746 1309 800 ergO,
1351 742 1408 782 ut
1437 729 1841 784 dubitationem
1883 747 2058 785 meam
2082 738 2318 805 regere,

189 812 245 869 id
267 810 371 876 est,
412 807 668 865 beneficia
693 823 785 863 tua
812 806 1155 878 interpretari
1178 804 1288 877 ipse
1309 802 1562 876 digneriS.

1843 1213 1853 1220 ¹
1903 1144 2097 1207 CXX..
2130 1150 2302 1209 TRA-

229 1304 267 1345 ἰ.
291 1297 521 1354 Hebraeae]
548 1299 688 1341 Invecti
710 1302 801 1341 sunt.
828 1293 1036 1351 Itidemque
1056 1296 1094 1341 in
1105 1295 1204 1352 prin-
1274 1294 1374 1340 Nam
1395 1299 1473 1350 quis
1494 1298 1627 1345 nescit,
1659 1318 1675 1342 n
1699 1300 1739 1340 &
1758 1316 1796 1346 e,
1834 1300 1860 1341 si
1883 1299 2134 1340 elocutionem
2154 1298 2307 1349 spectes:

179 1355 277 1406 cipio
304 1354 471 1405 epistolae
502 1355 667 1403 proxime
700 1353 876 1404 sequentis
909 1352 1084 1390 εἰσὲλοιτεν
1099 1382 1109 1397 ,
1151 1354 1207 1392 in·
1275 1363 1404 1403 parurn
1427 1353 1519 1390 inter
1537 1355 1572 1390 se
1591 1351 1734 1390 differre
1777 1352 1810 1389 L
1825 1365 1849 1389 o
1863 1364 1887 1389 n
1903 1362 1928 1390 o
1944 1363 2024 1389 ozi
2040 1363 2104 1389 us.

179 1407 306 1445 vestus
325 1406 385 1445 est.
436 1403 507 1442 Sed
525 1406 592 1443 illic
614 1406 817 1450 εὶτνζλοισκν,
844 1402 1044 1452 itidemque
1065 1401 1204 1446 eie-ysaa-
1330 1413 1366 1441 2.
1394 1401 1580 1453 Obsonia]
1611 1404 1720 1451 Quae
1747 1403 1887 1452 antiqui
1913 1403 2083 1441 dixerunt
2110 1399 2310 1447 manduca,

152 1464 153 1467 ’
179 1473 234 1494 osv
249 1457 306 1495 hic
322 1454 546 1496 scribendum
579 1452 649 1492 effe
683 1454 802 1493 dicent
831 1454 1069 1503 grammatici.
1104 1453 1207 1504 Isela-
1278 1453 1468 1492 obsonare,
1492 1454 1686 1492 Casan,
1713 1453 1801 1491 lstos
1827 1454 1911 1491 ritus
1932 1449 2120 1502 respexisse
2144 1452 2311 1490 D-Paul-

173 1507 269 1557 fiam
287 1505 547 1555 autem,qu0d
565 1506 717 1555 margini
734 1505 944 1554 adscriptum
968 1504 1016 1542 est
1039 1513 1103 1553 pro
1118 1506 1208 1547 sie-75·
1275 1502 1353 1542 luni
1387 1502 1433 1541 ad
1470 1503 1586 1542 Rom.
1621 1515 1698 1553 cap.
1734 1503 1804 1541 VI.
1842 1513 1981 1542 comm.
2017 1514 2078 1552 23.
2118 1513 2203 1539 curn
2230 1504 2306 1541 ait:

183 1567 318 1604 λεια-αν,
343 1557 482 1597 nullum
500 1556 631 1594 habere
653 1557 710 1594 hic
725 1556 848 1594 locum
869 1554 997 1605 potest.
1016 1552 1101 1592 effer
1121 1557 1210 1594 alio·
1277 1555 1334 1592 Τοὶ
1359 1557 1432 1604 γοὶς
1470 1554 1659 1592 ΟψΩΝΙΑ
1696 1556 1752 1596 τῆς
1787 1554 1962 1604 &gage-iae
1976 1579 1988 1599 ,
2024 1556 2165 1594 θάνοιἹος
2187 1579 2198 1596 ,
2230 1565 2306 1591 non

183 1609 247 1658 qui
280 1608 463 1653 eie-emetat
489 1607 631 1646 verbale
660 1618 706 1645 ex
736 1607 798 1645 illo
829 1607 1031 1643 εἰσελαύνειν
1059 1605 1210 1645 facstum.
1274 1612 1416 1643 temere
1455 1605 1680 1654 conjicimus.
1729 1604 1801 1642 Pro
1831 1606 1928 1656 fieret
1964 1615 2054 1642 mox
2088 1604 2204 1652 prima
2240 1604 2317 1643 Ee}

182 1661 379 1697 Caeterum
399 1659 583 1696 εἰσέλασαν
603 1659 678 1705 <vel
696 1659 815 1706 potius
836 1656 1207 1703 :lemae-matidis&
1276 1666 1363 1693 cum
1400 1652 1499 1692 Voff.
1518 1656 1666 1703 fierent,
1700 1666 1778 1692 non
1805 1657 1922 1700 male,
1948 1654 2065 1693 modo
2092 1666 2136 1691 ex
2162 1652 2307 1702 iselasti-

173 1711 380 1758 ,exponitur
401 1710 510 1748 etiam
540 1707 685 1756 Ingreffi
713 1709 812 1747 sunt:
847 1718 961 1755 quum
985 1715 1109 1745 tamen
1130 1720 1208 1746 non
1240 1707 1243 1718 ²
1277 1718 1335 1743 cus
1371 1704 1532 1744 adsumas
1572 1705 1745 1754 pluralem
1783 1706 1940 1756 Ifilastici
1958 1733 1969 1750 ,
2004 1704 2131 1743 scilicet
2164 1716 2306 1752 agones,

184 1759 385 1809 simplicitet
430 1758 623 1798 dicendum
673 1757 747 1796 fit:
802 1757 946 1806 ingreffi
987 1757 1093 1800 sunt,
1125 1759 1206 1802 secl,
1239 1762 1243 1784 ⁴
1274 1756 1311 1794 id
1351 1756 1398 1794 est
1420 1783 1431 1800 ‚
1457 1764 1654 1805 antequam
1694 1755 1961 1795 instituerentur-
1988 1763 2123 1805 agones
2148 1754 2209 1793 seu
2230 1758 2307 1794 cerss

180 1809 329 1859 Ingreffi
340 1811 420 1849 sunt
432 1821 530 1859 equo
547 1808 681 1848 inveni
699 1809 775 1846 :vel
793 1808 972 1857 quadrigis
984 1808 1129 1847 invecti.
1139 1810 1208 1847 Po·
1276 1808 1415 1846 tamina
1436 1806 1619 1846 Iselastica.

182 1861 251 1898 tius
263 1869 385 1898 autem
397 1860 461 1898 hic
472 1860 744 1908 intelligendum
765 1859 836 1903 est,
865 1858 1058 1907 Quadrigis
1082 1861 1205 1898 invec—
1328 1868 1362 1908 3.
1391 1857 1513 1907 Ajum
1542 1856 1669 1907 enim]
1700 1857 1910 1908 Antequam
1944 1855 1964 1893 a
1986 1855 2151 1905 Trajano
2174 1853 2303 1895 fierent

181 1910 518 1949 tizutdoetiffimus
539 1910 594 1948 ille
619 1911 670 1948 vir
689 1909 867 1947 Adrianus
882 1909 1078 1947 Turnebus
1089 1910 1205 1948 osten·
1240 1905 1242 1915 ’
1275 1908 1313 1945 &
1339 1907 1603 1946 celebrarentur
1634 1909 1825 1946 certamina
1855 1907 2044 1952 Iselassica,
2071 1906 2164 1945 aliud
2189 1918 2303 1956 genus

181 1960 255 1999 dit:
291 1962 353 2011 qui
382 1962 612 1999 mentionem
644 1961 884 1999 certaminum
921 1960 1052 1998 faciens
1077 1989 1087 2006 ,
1119 1973 1203 2011 quae
1238 1964 1241 1971 “
1272 1958 1475 1998 certaminis
1495 1959 1746 2008 depugnabant
1767 1959 1943 2003 athletae,
1969 1956 2070 2007 quod
2097 1958 2224 2006 pariter
2244 1958 2301 1996 fe-

176 2009 311 2050 Plinius
334 2011 495 2050 iselastica
513 2012 703 2054 nominat,
731 2022 845 2060 eaque
863 2010 942 2049 sunt
968 2022 1062 2060 quae
1092 2011 1204 2051 Grae·
1272 2018 1399 2047 cerunt
1428 2011 1618 2059 postquam
1649 2008 1817 2048 iselastica
1844 2007 1942 2048 finita
1973 2010 2130 2047 fuerunt.
2180 2009 2301 2057 Argu-s

181 2063 230 2100 cis
259 2058 469 2105 εὶσ-ελκςικοὶ
495 2064 625 2104 ἀγῶνες
661 2061 867 2100 dicebantur
885 2089 896 2106 ,
935 2061 1077 2111 (neq-ue
1103 2064 1202 2102 enim
1273 2061 1529 2099 mentaban-tur
1548 2061 1653 2109 igitur
1673 2059 1795 2098 deberi
1824 2058 1885 2098 fibi
1916 2059 2170 2098 Iselasticorum
2194 2070 2298 2108 prae-

178 2112 249 2150 una
280 2112 324 2150 de
351 2114 422 2150 hoc
459 2112 632 2151 dubitatio
663 2113 893 2161 relinquitur,
931 2114 1097 2161 quamvis
1123 2114 1203 2161 ille,
1235 2131 1237 2140 ι
1270 2112 1343 2149 mia
1360 2140 1371 2156 ‚
1401 2123 1495 2161 quae
1513 2110 1660 2161 quidem
1680 2110 1753 2148 aliis
1771 2110 1908 2159 majora
1929 2119 2051 2155 erant,
2068 2121 2113 2147 ex
2135 2122 2182 2147 eo
2201 2119 2297 2149 tem-

178 2170 352 2212 tanquam
379 2174 454 2200 non
475 2163 674 2207 affirmans,
702 2163 817 2202 dicat:
843 2163 897 2200 Ut
915 2164 1097 2212 existimo)
1125 2167 1203 2204 scri·
1234 2155 1236 2189 ἶ
1268 2173 1381 2210 pore,
1408 2173 1484 2211 quo
1504 2163 1662 2211 primum
1683 2161 1875 2199 constituta
1896 2161 2064 2205 fuerunt,
2092 2171 2160 2197 nec
2177 2161 2294 2199 mos'o

176 2213 252 2258 bit,
279 2224 408 2251 eorum
457 2212 623 2251 ludorum
670 2215 708 2251 δε
754 2214 994 2251 certaminum
1042 2214 1198 2254 videres
1266 2224 1350 2250 curn
1373 2211 1522 2250 fierent:
1550 2213 1638 2251 ficut
1668 2222 1751 2250 cum
1786 2209 1857 2250 effe
1892 2210 2060 2250 Iselastica
2087 2209 2292 2258 desierunt,

175 2264 472 2312 triumphantium
495 2275 599 2300 more
620 2264 656 2301 in
677 2264 824 2312 patriam
844 2265 967 2302 invehi
988 2264 1128 2308 solitos,
1158 2269 1195 2304 δε
1265 2275 1343 2301 non
1381 2263 1555 2301 dabantur
1594 2261 1770 2312 obsonia:
1805 2274 1893 2301 nam
1927 2260 2154 2309 respiciebant
2192 2261 2290 2300 diem

169 2314 325 2362 veetigal
346 2313 391 2351 de
415 2314 557 2361 publico
578 2314 748 2362 accipere.
800 2314 942 2360 Quibus
960 2315 1051 2352 haec
1073 2315 1197 2354 Vitru-
1263 2313 1523 2351 constitutionis
1556 2315 1593 2350 ὅτ
1628 2313 1739 2351 finem
1762 2341 1774 2356 ,
1814 2313 1914 2350 verbi
1942 2311 2044 2350 cau-sa
2065 2323 2074 2349 ε
2111 2311 2260 2361 Trajant
2275 2323 2299 2350 s>

169 2366 220 2403 vii
255 2365 456 2412 subjungit:
496 2363 679 2401 Nobilibus*
711 2361 873 2408 athletis,
902 2366 962 2413 qui
1003 2364 1190 2413 Olympia,
1230 2368 1232 2377 '
1263 2363 1443 2402 constituit
1463 2363 1636 2403 Iselastica
1655 2363 1822 2402 Calendis
1843 2363 1974 2412 Majis,
1999 2366 2035 2400 δε
2068 2360 2215 2400 mandat
2232 2364 2285 2401 illa

171 2415 324 2466 Pythia,
355 2414 520 2460 Isthmia,
548 2420 678 2452 Nemea
696 2414 1094 2462 viciffint,Graecorum
1115 2430 1193 2453 ma-
1261 2415 1431 2453 inchoata
1459 2415 1479 2453 a
1509 2414 1682 2452 Calendis
1704 2415 1818 2461 Juniis
1844 2415 2029 2452 terminari
2062 2413 2100 2451 in
2135 2412 2288 2453 Calend.

168 2465 261 2513 :iores
278 2467 329 2504 ita
354 2478 492 2514 magnos
509 2465 644 2502 honores
672 2465 933 2514 constituerunt,
962 2477 1001 2502 ut
1032 2479 1100 2503 non
1121 2480 1194 2505 mo·
1264 2466 1438 2514 Augusti:
1465 2466 1527 2515 qui
1546 2473 1742 2514 coeperant
1763 2475 1922 2513 pugnare
1953 2463 1973 2501 ἐι
2008 2462 2174 2501 Calendis
2203 2465 2285 2501 M:-

173 2516 215 2553 do
235 2519 272 2555 in
296 2527 465 2553 conventu
478 2513 609 2562 stantes
628 2527 704 2552 cum
720 2515 842 2565 palma
863 2527 907 2555 ω·
927 2529 1047 2553 corona
1066 2520 1193 2563 serant
1253 2516 1321 2565 jis,
1349 2519 1386 2554 ὅ(
1406 2524 1629 2555 certaverant
1647 2516 1757 2564 usque
1785 2516 1822 2553 in
1854 2513 2029 2552 Calendas
2051 2513 2193 2560 Junias,
2221 2526 2283 2562 pe-

171 2565 311 2611 laudes,
335 2566 399 2615 sed
416 2567 522 2603 etiam
536 2594 546 2610 ,
574 2579 681 2616 quum
704 2576 928 2604 revertantur
947 2568 984 2603 in
1003 2568 1086 2614 suas
1106 2568 1191 2606 civi·
1260 2567 1381 2605 tebant
1405 2568 1561 2616 praemia
1583 2564 1837 2605 Iselasticorum
1851 2593 1862 2610 ,
1888 2574 2058 2614 tanquam
2081 2564 2233 2602 instituta
2263 2577 2284 2603 a

176 2624 284 2671 tetes,
311 2630 387 2654 cum
408 2617 552 2653 vie‘zoria
576 2615 826 2665 triumphantes
847 2617 1023 2666 quadrigis
1048 2618 1084 2654 in
1104 2632 1193 2657 moe-
1262 2617 1438 2668 Trajano.
1472 2620 1535 2655 CA
1551 2628 1609 2654 TA
1624 2630 1660 2654 N.
1710 2617 1832 2666 Ajunt
1861 2616 1990 2665 enim]
2025 2614 2137 2658 Illud,
2175 2614 2282 2662 ajunt

177 2676 236 2702 ma
255 2678 296 2705 φ’
317 2669 353 2704 in
366 2666 523 2718 patriam
539 2666 777 2704 invehantur.-
807 2681 823 2704 e
841 2680 940 2716 reque
963 2667 1099 2715 publica
1118 2677 1190 2717 per·
1259 2668 1368 2713 enim,
1395 2680 1473 2706 non
1502 2668 1644 2706 videtur
1663 2676 1788 2705 natum
1812 2678 1831 2702 a
1850 2666 1985 2708 Plinio,
2007 2664 2064 2702 sed
2091 2676 2109 2701 a
2129 2664 2283 2705 librariis.

171 2721 272 2762 petua
289 2718 367 2756 vita
390 2718 574 2768 constitutis
604 2717 827 2766 vestigalibus
856 2719 1023 2765 finantur.
1075 2718 1096 2754 S
1117 2732 1134 2755 r
1149 2731 1191 2757 ε·
1260 2718 1328 2755 Gn
1343 2733 1365 2755 υ
1379 2730 1548 2757 Τεῐωε.
1574 2718 1693 2756 Nostri
1714 2718 1761 2754 nil
1781 2723 1933 2753 mutant.
1962 2710 2063 2751 Voff.
2091 2715 2127 2752 ὅ(
2147 2715 2204 2760 Jo.
2232 2715 2278 2754 de

176 2774 314 2802 rann.
340 2768 542 2815 Corrupte‚
568 2777 607 2805 ut
636 2767 676 2806 fit
704 2762 856 2805 librariis
870 2769 906 2806 in
929 2767 1073 2805 Graecis
1090 2772 1190 2808 voci·
1260 2766 1417 2807 Tridino
1449 2771 1551 2806 det-ur
1579 2779 1648 2816 pro
1681 2767 1815 2808 datum
1844 2766 1928 2816 quid
1952 2774 2017 2813 pro
2047 2777 2133 2815 quae
2164 2765 2202 2802 &
2225 2765 2280 2804 his

177 2811 262 2868 bus,
288 2816 325 2852 ὃ(
345 2816 392 2861 Jo
426 2819 470 2856 de
499 2818 659 2856 Tridino
690 2817 888 2867 iselasiani;
915 2817 1053 2862 Aldus,
1077 2818 1191 2857 Schu-
1258 2828 1324 2866 pro
1343 2820 1394 2857 iis.
1431 2819 1493 2857 De
1506 2820 1557 2856 his
1587 2815 1841 2856 diversitatibus
1868 2816 1923 2853 sae
1951 2818 2002 2853 ius
2033 2815 2212 2860 diximus,
2240 2824 2281 2855 ut·

178 2871 287 2919 terius
317 2865 492 2922 Jftlafian‚
519 2869 620 2918 quod
647 2870 879 2906 Casaubonus
911 2868 948 2904 ὃ(
979 2868 1037 2906 Cl.
1063 2869 1188 2907 Minos
1257 2871 1373 2916 pigeat
1393 2881 1513 2911 nunc,
1540 2868 1600 2905 vel
1618 2868 1768 2904 verbum
1789 2865 1902 2903 adieci
1934 2878 1966 2904 e.

177 2922 325 2959 margml
345 2926 418 2954 non
444 2918 556 2957 solum
585 2920 847 2968 adposuerunt,
873 2917 931 2957 sed
952 2919 1059 2956 etiam
1088 2930 1188 2967 prae·
1305 2930 1340 2964 4.
1368 2924 1447 2955 Non
1481 2917 1711 2967 debebatur.]
1751 2916 1927 2954 praestant.
1965 2927 2046 2954 eam
2076 2915 2273 2954 l'eustionern

178 2969 276 3000 terea
298 2963 453 3012 Iselasan.
501 2970 581 3007 Nos
605 2969 800 3018 scripsimus
830 2971 1030 3014 {maaca-av,
1059 2980 1187 3019 quem·
1256 2968 1440 3007 Editiones
1461 2968 1707 3017 pauciffimae3
1735 2974 1875 3004 ceterae
1905 2978 2034 3006 ornnes
2063 2978 2148 3004 cum
2172 2965 2286 3006 Vols.-

174 3010 374 3049 ²dm0dum
404 3019 562 3061 proxima
592 3020 738 3069 epistola
765 3020 948 3061 [ceiam—su.
1008 3019 1062 3057 Ita
1089 3022 1186 3058 enirn
1255 3019 1410 3068 plurium
1431 3030 1587 3059 nurnero
1607 3031 1674 3056 non
1697 3016 1930 3056 debebantur.

174 3060 253 3107 ‘ult
273 3063 453 3112 analogia,
476 3079 541 3106 nec
573 3072 727 3111 multum
753 3069 915 3111 diffident
945 3078 1081 3111 veteres
1102 3072 1189 3112 libri.
1217 3093 1222 3124 l

1653 3118 1836 3157 Ooooo
1865 3129 1892 3169 ᾖ
2108 3129 2138 3157 r.
2164 3117 2282 3170 ,Qec
