2616 3686
294 197 410 254 '⁶70
547 179 1071 236 ··C.-P·L1N11
1136 173 1649 226 CAECILII
1719 174 2233 232 SECUND1

264 281 304 334 3
324 261 741 322 mansuetudinis
769 262 885 315 laus
925 265 940 290 ¹
973 277 1100 315 cum
1128 259 1237 313 irae
1265 252 1710 325 causajustiffima
1743 254 1832 309 est.
1911 258 2114 314 Amasti
2138 259 2448 326 hominem,

321 343 377 397 &
409 341 565 414 spero
589 336 789 394 amabis
813 354 825 390 ε
869 337 1086 390 interim
1113 333 1311 389 sufficit
1338 371 1354 397 ,
1403 344 1462 385 ut
1491 332 1707 386 exorari
1731 343 1786 385 te
1812 330 1955 387 smaS.
2035 334 2250 391 Licebit
2272 336 2449 391 rursus

317 416 502 480 irasci,
544 414 579 470 fi
603 413 857 468 meruerit
887 430 898 466 ;
940 410 1094 484 quod
1121 422 1373 464 exoratus
1393 405 1691 461 excusatius
1718 404 1899 476 facies,
1971 407 2219 466 Remitte
2247 413 2447 484 aliquid

306 500 339 558 1²
358 491 750 547 adolescentiae
775 485 932 558 ipsius
957 523 972 549 ,
1025 485 1242 540 remitte
1265 483 1514 556 lacrymis
1541 520 1558 546 ,
1609 489 1625 518 ³
1660 483 1878 536 remitte
1909 483 2270 556 indulgentiae
2299 500 2451 542 tuae:

319 585 393 623 ne
419 566 633 622 torseris
660 565 808 618 illum
833 604 846 623 ‚
907 579 976 614 ne
1017 559 1232 614 torseris
1269 560 1429 613 etiam
1463 571 1537 612 te.
1568 563 1595 594 ⁴
1619 561 1888 630 torqueris
1919 559 2064 613 enim
2090 601 2103 622 ,
2141 577 2311 631 quum
2337 576 2449 616 tam

260 645 456 713 ,34lenis
481 640 731 695 irasceris.
813 635 1024 691 Vereor
1050 653 1118 689 ne
1144 633 1328 688 videar
1355 650 1465 687 non
1495 650 1715 704 rogare,
1755 633 1847 688 sed
1873 651 2098 704 cogere,
2140 633 2175 687 fi
2203 638 2449 706 precibus

323 718 434 786 ejus
463 732 603 770 meas
628 714 875 782 junxero,
943 710 1176 782 jungam
1214 723 1393 762 tamen
1427 721 1580 762 tanto
1618 709 1825 780 plenius
1869 711 1921 763 effe
1958 707 2169 765 effusius
2193 749 2208 774 ,
2249 723 2454 783 quanto

321 793 494 865 ipsum
519 790 690 844 acrius
715 787 1054 857 severiusque
1081 785 1356 856 corripui,
1395 786 1424 816 ⁴⁵
1454 781 1699 836 destriete
1725 786 1951 838 minatus
1972 825 1986 849 ,
2027 802 2323 858 numquam
2364 803 2453 840 me

266 889 309 939 <5
325 867 503 937 postea
532 878 867 936 rogaturum.
900 863 929 890 *⁶
968 859 1099 915 Hoc
1121 860 1219 922 illi,
1259 875 1423 930 quem
1451 859 1643 911 terreri
1670 859 1999 928 oportebat3
2037 859 2132 914 tibi
2158 879 2267 915 non
2289 862 2452 916 idem.

321 944 462 998 Nam
505 937 719 996 fortaffe
757 942 952 992 iterum
999 935 1205 1008 rogabo
1227 978 1243 1002 ,
1279 940 1300 971 ⁷
1326 931 1631 1002 impetrabo
1659 933 1886 987 iterum:
1931 935 1990 989 sit
2020 935 2347 1001 modotale,
2391 951 2451 993 ut

319 1034 514 1092 rogare
546 1033 661 1079 me,
693 1026 754 1068 ut
780 1012 1043 1086 praestare
1070 1027 1124 1067 te
1147 1011 1355 1065 deceat.
1395 1005 1538 1063 Vale.

373 1203 406 1229 1.
434 1194 526 1226 Cum
545 1187 616 1224 irae
633 1185 748 1223 caussa
765 1182 946 1234 justiffima
967 1181 1047 1233 est.]
1076 1177 1179 1219 Voss.
1193 1178 1348 1218 Helmst.
1414 1173 1622 1213 Tusculana
1647 1189 1655 1214 :
1676 1174 1807 1212 vVirum
1830 1171 1971 1225 denique
1984 1175 2101 1214 videri
2119 1187 2246 1226 negant
2264 1206 2274 1223 ,
2303 1178 2362 1228 qui
2382 1180 2456 1218 ira-

321 1243 360 1281 &
391 1238 462 1280 Ed.
489 1239 576 1276 Vet.
604 1250 680 1274 cum
711 1238 783 1275 irae
808 1234 940 1285 cauffae
961 1232 1154 1284 Justifflmae
1174 1231 1260 1281 sunt
1282 1260 1292 1276 ‚
1328 1241 1348 1267 a
1411 1227 1461 1274 sci
1481 1226 1640 1275 nesciat;
1668 1238 1835 1276 eamque,
1864 1239 1972 1276 quam
1994 1228 2179 1265 lenitatem
2205 1241 2264 1266 nos
2284 1231 2434 1268 dicimus>

304 1305 395 1345 .quo
415 1302 494 1331 non
514 1290 671 1327 multum
695 1289 766 1325 abit
786 1287 901 1324 Arnz.
928 1287 981 1334 oui
1001 1286 1048 1323 rei
1069 1282 1198 1331 caussae
1209 1281 1349 1332 justiffi-
1415 1278 1535 1326 vitioso
1566 1276 1785 1316 lentitudinis
1815 1277 1950 1315 nomine
1977 1277 2163 1328 appellant.
2199 1277 2292 1317 Item
2323 1281 2402 1319 Lib.
2425 1259 2453 1319 1’

304 1359 395 1383 -mae
405 1345 505 1394 sunt.
560 1341 685 1388 Atque
706 1339 779 1376 hoc
797 1349 956 1376 numero
977 1364 986 1378 ,
1015 1335 1061 1373 de
1081 1346 1153 1373 una
1174 1331 1289 1371 cauffa
1306 1333 1349 1370 ti·
1415 1328 1523 1377 Epist.
1543 1328 1572 1367 1.
1596 1328 1641 1366 ad
1662 1327 1867 1376 Quine'uim
1885 1328 2055 1368 fratrem:
2087 1329 2182 1366 Illud
2209 1330 2311 1378 (non
2330 1311 2455 1381 irascij

315 1397 430 1434 moris
457 1393 558 1440 supra
597 1389 677 1428 Lib.
703 1389 789 1427 VH.
829 1388 939 1438 Epist.
962 1387 1124 1424 XXVII.
1161 1395 1197 1421 n.
1216 1385 1251 1422 6.
1278 1383 1351 1421 lon·
1416 1392 1482 1416 non
1505 1379 1620 1429 stilum
1646 1380 1691 1430 est
1718 1379 1906 1428 gravitatis
1925 1406 1935 1423 ,
1966 1380 2031 1428 fid
2060 1392 2310 1431 nonnunquam
2341 1383 2449 1421 etiam

303 1448 448 1498 giorque
470 1441 593 1481 cauffis
612 1441 716 1480 timor
733 1451 821 1479 erat.
848 1440 991 1478 Lucan.
1016 1438 1098 1476 Lib.
1118 1437 1183 1475 111.
1195 1447 1247 1473 vs.
1265 1445 1353 1485 303.
1412 1430 1656 1488 lentitudinis,
1693 1443 1768 1470 υτ.
1804 1430 1939 1468 Seneca
1980 1431 2061 1468 Lib.
2080 1431 2106 1468 1.
2143 1432 2188 1470 de
2211 1435 2265 1469 lra
2286 1443 2361 1482 cap.
2379 1434 2448 1472 XI.

1417 1482 1520 1530 Qud
1539 1481 1672 1529 Scipio?
1699 1493 1809 1518 nonne
1833 1481 1948 1518 relino
1974 1482 2194 1527 Hannibale,
2210 1484 2335 1521 Punico
2357 1498 2453 1523 exer-

1417 1533 1483 1573 citu
1506 1561 1515 1576 ‚
1543 1532 1761 1581 omnibusque
1784 1532 1907 1581 quibus
1928 1532 2152 1570 irascendum
2174 1546 2250 1571 erat
2272 1562 2283 1578 ,
2320 1534 2449 1572 bellum

455 1551 501 1585 Et
527 1542 681 1590 cauflas,
709 1556 774 1581 non
796 1543 882 1590 fata
901 1541 1012 1592 sequi.

316 1662 384 1700 pro
405 1661 481 1700 quo
502 1657 627 1688 tamen
650 1647 729 1685 alibi
747 1644 846 1683 idem
869 1643 926 1682 ille
944 1640 1092 1690 cauffam
1113 1638 1272 1678 Unitatis
1285 1649 1353 1675 nu-

317 1713 426 1740 mero
447 1701 554 1746 dixit,
581 1708 621 1737 ut
648 1698 729 1736 Lib.
749 1696 819 1734 IV.
844 1707 899 1733 vs.
919 1705 1007 1742 230.
1034 1693 1072 1730 &
1094 1703 1183 1739 259.
1220 1689 1299 1727 Lib.
1326 1689 1352 1726 1.

230 1790 235 1798 ,
315 1765 371 1793 vs.
390 1752 475 1792 228.
504 1751 585 1790 Lib.
609 1749 714 1787 V111.
742 1758 863 1792 vs.94.
889 1752 999 1792 atque
1018 1743 1227 1790 saepissime.
1249 1741 1354 1788 Qua-

316 1816 356 1843 re
378 1815 464 1841 cum
481 1803 518 1840 in
536 1798 835 1839 Praestantissimo
852 1797 988 1844 legatur
1010 1806 1018 1831 2
1047 1806 1125 1830 cum
1148 1793 1219 1829 irae
1235 1789 1352 1828 cauffa

315 1853 432 1893 cauffa
444 1853 622 1901 justiffima
645 1849 685 1896 esi
701 1849 809 1895 ,nibil
827 1849 864 1885 in
887 1846 1029 1894 vulgata
1051 1842 1269 1881 mutandum
1294 1842 1355 1879 est.

316 1906 418 1945 Nam
439 1905 696 1953 repetitionem
718 1900 815 1938 illam
836 1896 1001 1935 vocabuli
1018 1894 1157 1933 librario
1175 1893 1306 1932 tribuo,

368 1970 405 1995 2.
432 1953 730 2005 Adolescentia]
769 1951 994 1998 Deprecatur
1034 1947 1077 1984 ab
1113 1953 1241 1984 aetate.
1294 1944 1351 1982 Sic

320 2007 511 2057 Euripides
540 2008 579 2045 in
613 2001 848 2043 Hecetidibus
873 2013 882 2038 :
921 1999 1094 2047 ςἧλιιειρτνενς
1133 1997 1159 2032 ἓν
1191 1997 1292 2033 νέοιο-ι
1319 1992 1355 2030 d*

315 2060 488 2107 ἀνθρώπων
499 2056 569 2093 τόδ’
587 2057 694 2100 ἐ’νεςι,
708 2053 906 2096 συγγνώμην
921 2047 977 2088 noe}
999 2051 1048 2095 τῷ
1069 2048 1105 2084 δὲ
1127 2047 1218 2094 ’ἔχειν
1238 2047 1354 2093 χρεών.

307 2109 505 2162 ¹pertavit?
541 2108 578 2145 in
604 2104 795 2157 juvenibus
822 2111 940 2139 autem
968 2099 1147 2137 hominum
1163 2097 1223 2135 hoc
1246 2096 1351 2147 inest,

283 2176 291 2189 ⁸
312 2162 466 2204 nveniam
485 2169 606 2197 autem
623 2157 702 2195 huic
723 2155 847 2191 habere
864 2161 941 2201 opus
959 2151 1015 2197 est.
1042 2150 1074 2187 C
1087 2163 1109 2186 A
1123 2162 1145 2186 r
1159 2163 1178 2186 A
1194 2161 1232 2186 N.
1266 2149 1352 2185 To-

317 2220 398 2252 tum
418 2213 522 2249 hoc:
556 2210 692 2253 remitte
722 2203 855 2256 aliquid
885 2201 1128 2250 adolescentiae
1145 2198 1242 2249 ipfius
1263 2226 1273 2244 ,
1312 2199 1350 2236 in

316 2263 494 2303 Mediceo
512 2272 587 2299 non
607 2264 807 2305 comparet.
844 2254 903 2291 Ab
921 2260 1039 2290 aetate
1055 2260 1179 2289 autem
1207 2251 1262 2288 illa
1281 2249 1353 2287 sae-

317 2329 365 2367 pe
384 2313 628 2354 excusationes
649 2309 809 2353 desumi,
836 2304 1029 2342 docuimus
1049 2301 1095 2341 ad
1116 2301 1247 2340 Sallust.
1269 2303 1352 2339 Cat.

308 2380 396 2418 cap.
420 2365 505 2403 LII.
534 2375 571 2400 n.
595 2363 656 2399 26.

370 2430 405 2467 3.
432 2415 579 2454 Remitte
599 2410 833 2460 indulgentiae
852 2406 972 2456 tuae]
1005 2405 1151 2442 Omnes
1170 2401 1351 2441 recentio-

307 2482 372 2509 ·res
392 2468 530 2516 scripti,
559 2464 626 2503 Ed.
643 2465 732 2501 Vet.
754 2461 869 2499 Aldus
889 2461 926 2497 &
949 2458 1116 2507 sequaces
1141 2455 1352 2492 Pronomen

307 2532 397 2562 :tuae
419 2520 618 2560 omittunt,
646 2513 747 2564 quod
769 2522 894 2550 tamen
912 2509 1102 2548 Primarius
1132 2504 1293 2554 praestat.

368 2583 405 2618 4.
431 2568 608 2619 Torqueris
628 2567 718 2603 enim
741 2577 817 2601 cum
839 2561 1011 2600 tamlenis
1031 2556 1220 2607 irasceris.]
1251 2557 1349 2593 Cum

309 2631 359 2663 ·tu
373 2652 384 2669 ‚
411 2622 470 2672 qui
491 2628 566 2658 tam
587 2619 676 2656 lenis
697 2646 707 2662 ‚
737 2616 809 2654 hoc
833 2613 881 2651 est
902 2640 912 2657 ,
950 2619 1025 2650 tam
1048 2607 1202 2659 placidus
1225 2614 1349 2644 natura

317 2686 360 2714 ac
378 2671 586 2721 tranquillus
607 2680 644 2706 es
667 2697 677 2712 ‚
714 2665 867 2707 irasceris
889 2677 897 2701 ε
936 2664 1036 2701 Lenis
1067 2660 1116 2699 est
1137 2687 1148 2704 ,
1187 2669 1265 2695 non
1288 2658 1351 2707 qui

316 2727 420 2774 plane
445 2735 522 2762 non
541 2723 589 2760 ira

1414 1585 1453 1622 in
1476 1584 1642 1640 Africam
1674 1581 1852 1628 transtulit
1874 1610 1885 1627 ,
1924 1592 2002 1622 tam
2019 1585 2134 1621 lentus
2159 1612 2169 1629 ,
2197 1595 2238 1623 ut
2261 1585 2448 1634 opinionem

1413 1636 1574 1674 luxuriae
1586 1634 1817 1684 segnitiaeque
1845 1633 2009 1683 malignis
2037 1635 2149 1673 daret.
2192 1636 2256 1673 Bu
2271 1647 2329 1673 cn
2343 1650 2366 1674 Ν
2379 1649 2450 1675 En.

1457 1699 1502 1743 ⁸5.
1528 1684 1696 1724 Distriete
1721 1687 1912 1736 minatus.]
1939 1684 2126 1724 Mediceus
2161 1687 2200 1724 &
2231 1687 2356 1736 reliqui
2373 1687 2455 1736 scri-1

1415 1746 1489 1794 ptr,
1518 1735 1586 1774 Ed.
1601 1736 1697 1792 ¹Vet.
1716 1744 1826 1785 atque
1846 1736 1958 1774 Aldus
1981 1736 2110 1774 rectius
2139 1735 2289 1784 destriole
2310 1766 2320 1783 ‚
2356 1749 2450 1786 quae

1414 1789 1637 1844 scriptura-in
1654 1787 1745 1826 libris
1766 1787 1844 1825 fere
1873 1786 2014 1836 semper
2043 1789 2298 1836 corrumpitur.
2351 1788 2449 1827 Vide

1415 1838 1518 1888 supra
1547 1837 1627 1897 Lib.
1649 1835 1853 1895 1112Epist.
1872 1838 1920 1877 V.
1945 1851 1985 1876 n.
2011 1849 2067 1885 14.
2105 1831 2254 1878 Si‘vero
2282 1840 2372 1878 ratio
2390 1840 2449 1878 lo-

1419 1889 1555 1947 quendi
1577 1887 1620 1928 ab
1636 1888 1788 1938 destrlc'lo
1799 1892 1898 1936 ferro
1917 1891 2026 1938 petita
2053 1887 2102 1927 est
2128 1917 2138 1934 ‚
2173 1888 2368 1928 necessario
2393 1891 2454 1928 de-

1415 1940 1527 1999 strffle
1548 1939 1744 1990 legendum
1766 1953 1774 1977 :
1809 1951 1895 1978 nam
1914 1940 2072 1990 imperiti
2087 1947 2230 1979 tantum
2254 1942 2377 1980 dicunt
2396 1942 2450 1981 di-

1405 1991 1572 2041 stringere
1584 1991 1733 2038 ferrum.
1760 1990 1932 2030 Lucanus
1959 1991 2040 2032 Lib.
2057 1991 2144 2030 VII.
2170 2003 2223 2032 vs.
2246 2004 2335 2043 313.

1886 2092 2089 2144 quicumque
2114 2093 2228 2141 necesse

1468 2149 1550 2181 Non
1563 2152 1668 2194 putat
1689 2145 1727 2181 in
1746 2143 1849 2182 viffz‘os
1858 2143 2010 2193 saevum
2032 2144 2248 2193 destringere
2265 2145 2409 2183 ferrum.

1411 2246 1457 2284 ibi
1477 2245 1589 2294 vulgo
1608 2245 1706 2285 idem
1727 2245 1859 2283 vitium
1884 2244 2080 2284 obtinebat.
2123 2244 2229 2284 Idem
2250 2245 2375 2284 censeo
2395 2243 2441 2281 de

1412 2297 1605 2387 {giugxtfolre
1647 2295 1795 2342 distriffo
1839 2295 1935 2345 apud
1982 2296 2103 2335 Tacit.
2132 2297 2198 2337 IV.
2241 2298 2337 2334 Ann.
2365 2305 2443 2344 cap.

1420 2451 1425 2456 Π
1465 2399 1501 2436 6.
1529 2405 1600 2436 Hoc
1618 2397 1670 2436 illi
1699 2428 1708 2438 .
1733 2427 1742 2436 .
1770 2426 1779 2435 .
1805 2397 1957 2437 tibin-m
1975 2397 2114 2448 idem.]
2144 2395 2242 2445 Quid
2262 2394 2336 2432 vult
2353 2394 2442 2433 illud

1414 2451 1535 2488 edem?
1562 2461 1687 2488 annon
1719 2448 1906 2488 suffecerat
1924 2448 1999 2495 ,tibi
2019 2457 2113 2486 non?
2138 2448 2230 2484 Puto
2247 2444 2441 2494 legendum

1416 2502 1480 2540 tibi
1500 2514 1566 2538 non
1583 2502 1666 2538 item
1692 2528 1703 2544 ,
1741 2509 1781 2538 ut
1808 2499 1894 2539 illud
1924 2501 2005 2538 item
2027 2510 2110 2545 cum
2129 2496 2286 2545 emphafi
2305 2494 2441 2533 dicatur

1417 2564 1482 2601 pro
1519 2553 1641 2590 etiam.
1673 2550 1694 2588 S
1710 2561 1834 2588 cuer
1853 2565 1872 2588 F
1889 2563 1908 2588 xz
1926 2565 1961 2588 n.
2014 2547 2214 2586 infeliciter.
2239 2544 2335 2595 quasi
2365 2558 2441 2584 non

1416 2604 1549 2642 centies
1573 2603 1665 2640 idem
1681 2603 1763 2651 post
1789 2601 1850 2639 hoe
1876 2603 1914 2638 &
1943 2599 2032 2651 quod
2051 2626 2062 2643 ,
2097 2605 2157 2634 aut
2176 2605 2290 2635 totam
2310 2600 2444 2636 oratio·

1415 2667 1501 2693 nem
1523 2654 1762 2702 subjungatur.
1786 2654 1907 2690 Notae
1927 2650 2005 2688 sunt
2036 2647 2222 2686 formulae.
2278 2646 2379 2685 Idem
2401 2649 2439 2685 ire

593 2720 718 2763 scitur,
743 2717 803 2756 sed
826 2716 887 2764 qui
904 2715 995 2763 regit
1014 2715 1101 2751 iram
1123 2739 1132 2753 ,
1162 2710 1266 2748 &js-a
1287 2721 1349 2747 co·
1414 2717 1465 2750 te;
1496 2705 1599 2744 Idem
1619 2704 1798 2741 Scaevolae
1816 2702 1958 2738 videtur
1979 2726 1989 2742 ‚
2022 2698 2059 2734 δε
2089 2697 2185 2745 plura
2201 2698 2281 2736 talia
2298 2697 2442 2737 sollem-

318 2778 438 2818 hibet,
464 2787 512 2813 ne
531 2771 617 2824 quid
641 2782 703 2820 per
723 2781 803 2808 eam
824 2765 963 2805 turbide
985 2767 1022 2803 &
1042 2764 1215 2802 indecore
1236 2761 1353 2798 faciat.
1415 2759 1485 2796 nia.
1514 2758 1638 2794 Immo
1659 2756 1697 2792 ὃς
1722 2761 1789 2790 Hoc
1819 2752 1910 2789 idem
1938 2748 2167 2797 conjungitur
2192 2776 2200 2791 ‚
2236 2758 2276 2787 ut
2306 2751 2437 2789 monui

321 2833 449 2865 Lentus
471 2826 519 2863 est
533 2853 543 2868 ,
571 2823 631 2872 qui
652 2820 790 2871 prorsus
810 2831 887 2856 non
905 2817 1083 2857 irascitum
1111 2811 1195 2852 illud
1218 2811 1353 2859 sapien-

319 2879 361 2914 tis
380 2879 451 2918 est,
476 2875 565 2913 istud
586 2873 713 2923 stupidi
734 2873 770 2910 &
791 2867 994 2909 ἀπισᾶνῖτε.
1017 2867 1117 2905 Hinc
1135 2863 1220 2902 illud
1241 2862 1354 2901 discri-
1386 2884 1390 2911 1

322 2938 411 2964 men
432 2927 524 2964 inter
546 2925 730 2965 ἀοργητιόιν
753 2923 790 2959 ὅ(
813 2923 1026 2961 oium-swina
1049 2948 1059 2964 ‚
1088 2918 1132 2956 de
1156 2926 1232 2965 quo
1252 2915 1357 2952 Tau-
1388 2913 1390 2948 i
1412 2924 1502 2947 rum.
1532 2910 1610 2956 ele„

316 2988 379 3014 ,rus
419 2976 650 3021 Philosophus
687 2973 782 3022 apud
818 2972 977 3009 Gellium
1021 2969 1102 3008 Lib.
1124 2968 1151 3005 Ι.
1189 2978 1266 3014 cap.
1293 2965 1356 3001 ult.

320 3028 495 3070 ἀηογητίκ
510 3053 519 3068 ,
548 3024 592 3062 de
616 3036 685 3071 qua
706 3023 888 3071 egregium
912 3023 1039 3060 librum
1075 3017 1278 3058 Plutarchus
1299 3017 1359 3103 qe-

1157 3068 1287 3106 Cicero
1331 3065 1356 3103 l.

315 3078 373 3124 tiit
393 3106 406 3125 ,
442 3077 568 3116 lenitas
590 3074 638 3112 est
662 3089 673 3118 ;
710 3075 910 3115 ama-serie.
940 3072 1129 3111 lentitudo.

1414 2808 1459 2847 ad
1488 2808 1568 2846 Lib.
1588 2806 1654 2845 ΙΙΙ.
1682 2803 1786 2853 Epist.
1809 2803 1892 2842 XX.
1916 2811 1951 2837 n.
1975 2810 2010 2834 2.
2040 2800 2108 2835 Res
2131 2799 2178 2836 est
2199 2800 2354 2849 vulgata.

1471 2870 1504 2906 7.
1533 2865 1662 2896 Iterum
1683 2851 1901 2903 impetrabo.]
1939 2849 2141 2897 Optimus:
2177 2850 2362 2900 impetrabo
2379 2851 2444 2889 ite-

1591 2915 1711 2943 aanter
1730 2905 1768 2941 δε
1791 2912 1886 2939 vere.
1921 2899 2018 2937 Nam
2049 2911 2125 2937 non
2157 2901 2274 2939 modo
2298 2901 2446 2940 Adver-

1388 2962 1391 3009 ζ
1410 2963 1465 2998 bia
1490 2960 1571 2998 scite
1594 2956 1851 3006 postponuntur
1874 2979 1885 2995 ,
1913 2950 1972 2988 sed
1996 2951 2033 2987 &
2055 2949 2129 2988 duo
2149 2952 2204 2989 illa
2219 2954 2324 2991 verba
2342 2965 2441 3002 roga-

1415 3011 1454 3047 bo
1466 3038 1474 3051 ‚
1504 3006 1688 3057 impetrabo
1707 3015 1792 3042 cum
1811 3001 1993 3039 venustate
2012 3002 2290 3051 conjunguntur.
2342 3003 2440 3042 Vide

1388 3113 1391 3119 Ι
1418 3060 1584 3101 Lib.V1.
1620 3055 1729 3104 Epist.
1749 3053 1904 3094 XXXII.
1939 3064 1975 3091 n.
1997 3064 2029 3091 1.
2065 3052 2194 3103 Paneg.
2230 3066 2306 3105 cap.
2336 3053 2444 3092 Xlll.

2343 3116 2380 3142 n.
2412 3116 2444 3152 ς..
