2616 3686
334 215 433 270 502·
573 202 634 252 C.
698 194 1091 250 PLt-1N11
1152 194 2260 257 v<3·AE·C11.11·S}3.sc:U·N·D‘1

316 271 712 335 >necessitatem
738 271 1009 345 quandam
1033 273 1225 330 nitoris
1251 272 1511 344 imponit,
1550 269 1713 327 debet
1738 270 2074 345 secundum?
2099 269 2483 331 conditionem

340 351 519 407 mariti
540 349 712 412 vesse,
751 347 1014 404 comitatu
1041 346 1265 419 (quibus
1291 362 1403 400 non
1433 344 1656 417 quidem
1679 357 1908 416 augetur
1935 343 2166 417 dignitas
2191 381 2208 408 ,
2268 349 2493 402 ornatur
2543 402 2546 403 γ

273 458 304 493 2
345 432 558 488 tamen)
585 420 788 477 instrui.
846 419 936 475 Te
958 436 1124 491 porro
1149 438 1169 458 ²
1191 420 1373 476 animo
1398 415 1754 474 beatiffimum
1780 456 1797 481 ‚
1835 417 2122 472 modicum
2151 415 2495 484 facultatibus

257 491 261 494 ’
346 497 475 553 scio.
553 498 736 565 ltaque
763 506 969 565 partem
995 495 1172 547 oneris
1197 492 1275 545 tui
1299 492 1431 546 mihi
1453 489 1673 546 vindico
1703 531 1719 556 ,
1767 490 1820 543 &
1846 504 2117 563 tamquam
2147 506 2336 561 parens
2357 493 2509 548 alten·

352 570 560 643 puellae
592 566 799 623 nostrae
835 564 1062 619 confero
1099 565 1490 634 quinquaginta
1531 565 1692 618 millia
1735 581 2049 619 nummum:
2091 561 2105 589 ³
2128 564 2246 635 plus
2273 563 2495 618 collatu·
2553 612 2580 628 j

352 660 470 706 ωε,
507 640 600 695 nifi
637 659 666 694 a
690 636 1026 693 verecundia
1061 649 1151 688 tua
1188 634 1296 687 sola
1321 635 1699 693 mediocritate
1728 636 2024 697 munusculi
2048 635 2514 708 impeti-ariposs‘e,

353 714 718 775 confiderem,
757 727 826 765 ne
853 707 1136 763 recusares,
1174 706 1324 761 Vale.
2156 738 2158 740 -

465 865 797 933 2XXX111.
860 863 941 921 C.
1017 864 1449 921 P.L1N1u=s
1511 862 1965 924 Romano
2043 865 2224 923 Suo
2300 868 2352 924 S.

363 1022 751 1096 Gloriatur‘fi’
797 1022 944 1096 egesffe
999 1020 1146 1092 apud
1188 1024 1555 1074 centumviros
1595 1031 1696 1091 pro
1749 1021 1916 1075 Accia
1967 1023 2188 1078 Variola
2239 1016 2398 1078 ¹{mrito
2450 1044 2502 1078 e-

426 1110 632 1161 ventu:
675 1098 1004 1153 Praemittit
1043 1094 1220 1168 igitur
1259 1094 1489 1148 Romano
1514 1092 1784 1168 quic-quid
1819 1096 1876 1148 in
1916 1097 2070 1166 caasa
2109 1098 2364 1152 acciderit
2388 1137 2404 1163 ‚
2447 1096 2501 1152 &5
2521 1146 2525 1149 ,

1592 1191 1603 1202 ·
2341 1183 2508 1224 artes

364 1322 468 1363 fuisse
501 1326 623 1363 virum
654 1324 840 1372 integrum
865 1348 875 1366 ,
906 1319 944 1359 &
970 1316 1166 1368 Hispaniae
1188 1316 1394 1358 Proconsu-
1461 1317 1685 1358 conditiones.
1741 1315 1796 1355 Ita
1825 1317 1976 1357 conditio
2007 1317 2145 1363 servilis
2178 1316 2277 1368 apud
2300 1315 2506 1366 IustinumJ

366 1375 454 1417 lem.
484 1376 516 1413 C
532 1389 552 1412 Α
570 1388 592 1413 τ
609 1388 628 1412 Α
645 1387 682 1412 N.
1466 1369 1613 1409 conditio
1648 1369 1811 1406 mortalis
1845 1372 1942 1417 apud
1972 1369 2161 1407 Venetum
2186 1397 2197 1414 ,
2231 1371 2269 1408 ὅ(
2289 1369 2388 1417 apud
2414 1370 2503 1408 Sue-

409 1439 425 1464 1
458 1426 683 1463 conditiones
705 1424 857 1469 mariti,
879 1419 980 1471 eya]
1013 1421 1166 1460 Secutus
1176 1421 1255 1459 sum
1270 1433 1398 1460 exem·
1467 1423 1615 1459 tonium
1638 1419 1738 1457 homo
1761 1421 1966 1457 conditionis
1990 1420 2144 1458 abiec‘t‘ae
2159 1448 2169 1465 ,
2195 1420 2405 1458 conditionis
2433 1425 2504 1457 La-

364 1478 439 1525 plat
460 1477 668 1515 Palatinum
684 1505 695 1520 ‚
714 1478 772 1514 cui
795 1477 833 1514 δε
853 1474 1113 1522 adstipulantur
1128 1473 1400 1511 membran-aea
1469 1474 1568 1510 tinae
1592 1499 1602 1514 ,
1628 1471 1778 1509 insertae
1802 1499 1812 1516 ,
1838 1473 2037 1521 peregrinae
2065 1500 2074 1516 ,
2106 1471 2286 1520 [demque
2308 1471 2405 1519 Aug.
2429 1482 2506 1522 cap.

366 1527 506 1566 Modio
530 1525 715 1577 expressae
741 1556 752 1572 ‚
780 1528 820 1565 &
841 1525 935 1565 Edd.
953 1525 1060 1564 ,Vett.
1090 1525 1243 1572 Nupere
1266 1524 1403 1572 vulgati
1473 1523 1556 1562 XL.
1580 1534 1659 1562 cum
1680 1532 1723 1561 Ψ
1745 1522 1785 1559 de
1809 1535 1951 1560 numero
1976 1551 1985 1568 ‚
2013 1532 2057 1561 ω’
2079 1522 2118 1560 de
2138 1522 2354 1561 conditione
2373 1535 2413 1559 ac
2436 1523 2507 1569 (ἰξί-
2564 1543 2571 1548 -

367 1579 544 1620 Aldinam
567 1581 674 1618 secuti
706 1578 925 1617 exhibebant
948 1590 957 1614 ι
986 1575 1077 1625 veste
1103 1604 1112 1620 ‚
1142 1576 1313 1613 comitata
1337 1588 1403 1612 αιι-
1464 1573 1622 1623 ferentia
1645 1584 1777 1611 eorum
1793 1601 1802 1618 ‚
1830 1574 1891 1622 qui
1912 1573 2280 1618 manumitterentur,
2310 1574 2439 1623 curiose
2449 1586 2507 1611 ca-

364 1630 462 1680 geri;
486 1631 615 1679 quibus
646 1643 716 1667 non
746 1629 889 1680 quidem
921 1638 1069 1675 augetur
1090 1627 1271 1675 dignitas,
1298 1639 1406 1664 orna·
1474 1625 1589 1674 viJJet.
1627 1623 1756 1662 Claud.
1778 1620 1867 1673 ²cap.
1903 1624 2026 1663 XXV.
2055 1624 2176 1662 Nihilo
2201 1624 2508 1667 deterioremrvir-

369 1692 433 1720 tur
457 1691 578 1719 tamen
600 1693 644 1720 ee·
663 1680 862 1724 instruitur.
890 1680 1083 1718 GRUTER.
1121 1678 1300 1723 Modium
1322 1677 1408 1716 vide
1477 1687 1589 1714 tutem
1603 1686 1668 1713 aut
1688 1674 1941 1714 conditionem
1958 1675 2065 1725 suam
2086 1676 2344 1724 praedicantes.
2374 1676 2508 1714 Gram-

371 1733 538 1771 Novant.
558 1732 669 1781 Epist.
689 1731 810 1768 XCII.
832 1742 995 1779 cumque
1018 1741 1065 1767 eo
1098 1738 1211 1778 atque
1245 1730 1408 1767 Grutero

373 1784 513 1822 faciunt
527 1795 638 1834 penes
652 1794 720 1821 nos
731 1780 833 1819 Voss
831 1810 837 1818 .
852 1779 1007 1819 Helmst.
1021 1782 1059 1819 ὃς
1073 1781 1187 1818 Arnz.
1211 1781 1263 1818 At
1274 1783 1409 1828 prima-

374 1836 447 1873 rius
476 1836 534 1874 ille
568 1833 760 1873 Mediceus
794 1832 971 1870 Aldinam
1008 1831 1266 1880 amplectitur„
1295 1842 1408 1881 quam

373 1886 495 1924 nescio
518 1914 531 1931 ,
569 1883 614 1923 an
647 1887 696 1923 ita
728 1884 831 1922 facile
863 1881 1054 1934 repudiare
1088 1882 1280 1921 debuerint
1313 1884 1412 1932 Gry-

372 1938 502 1986 phius‚
534 1937 685 1974 Modius
700 1964 710 1981 ,
734 1935 921 1974 Gruterus.
952 1933 1037 1981 Veste
1058 1962 1069 1978 ‚
1096 1935 1271 1972 comitatu
1286 1934 1413 1984 augeri

374 1997 451 2026 tam
484 1989 578 2027 bene
606 1987 738 2026 dicitur
761 2014 773 2030 ‚
817 1997 933 2036 quam
965 1985 1140 2033 dignitate
1161 2013 1172 2029 ,
1200 1984 1410 2031 honoribus,

377 2039 514 2078 divitiis
545 2039 677 2088 augeri.
727 2038 840 2087 Supra
876 2038 956 2077 Lib.
990 2037 1037 2075 V.
1072 2036 1181 2086 Epist.
1205 2038 1291 2075 XV.
1317 2050 1352 2076 n.
1379 2050 1410 2087 3.

377 2097 501 2140 Neque
520 2090 612 2127 enim
635 2090 758 2138 augeri
781 2088 955 2137 dignitate
968 2117 978 2132 ‚
1006 2100 1115 2137 quam
1135 2088 1388 2137 aequaribonis
1403 2118 1413 2135 ‚

374 2141 526 2192 gratius.
552 2141 653 2179 Vide
673 2140 720 2178 ad
743 2139 825 2177 Lib.
846 2139 913 2177 ΙΙΙ.
947 2138 1057 2187 Epist.
1090 2139 1200 2176 VIII.
1229 2151 1262 2175 n.
1290 2151 1323 2175 2.
1359 2141 1415 2179 A-

380 2193 522 2241 puleius
546 2191 709 2240 Apolog.
731 2200 812 2238 pag.
836 2201 917 2239 314.
945 2190 1198 2240 Qorumdam
1213 2189 1313 2239 filias
1328 2191 1416 2230 dote

380 2244 479 2283 auxi.
510 2242 672 2282 Ovidius
696 2242 763 2281 IV.
785 2240 876 2280 Fast.
899 2252 952 2281 vs.
975 2251 1055 2288 117.

436 2344 564 2396 Qid,
594 2346 687 2396 quod
707 2343 831 2397 ubique
846 2352 985 2396 potens,
1014 2343 1226 2396 templisque
1247 2346 1420 2397 frequen-

489 2395 585 2436 tibus
609 2397 726 2435 aneta.

381 2501 601 2551 Repetitum
624 2511 773 2550 augetur
795 2513 883 2540 cum
901 2501 1079 2540 Particula
1102 2500 1260 2550 negandi
1273 2500 1418 2549 elegan-

383 2554 456 2591 tiae
487 2554 609 2601 potius
644 2553 691 2590 est
715 2582 725 2599 ‚
766 2565 879 2602 quam
909 2562 948 2590 ut
980 2552 1066 2591 illud
1100 2553 1144 2590 ad
1168 2553 1416 2591 mutationem

384 2605 574 2654 impellere
596 2604 714 2653 possit.
744 2604 922 2642 Tandem
946 2606 984 2642 &
1005 2605 1071 2641 alia
1091 2617 1099 2640 ι
1131 2604 1290 2652 dignitas
1311 2617 1420 2640 orna-

382 2666 447 2693 tur
480 2665 524 2695 ω’
555 2654 742 2701 instruitur
775 2657 939 2703 legitime
969 2654 1110 2693 dicitur.
1146 2655 1204 2692 Sic
1225 2655 1342 2702 iungit
1365 2655 1420 2693 illa

386 2708 516 2745 Livius
541 2706 622 2745 Lib.
646 2706 790 2744 XXIV.
814 2718 892 2756 cap.
913 2706 1098 2744 XLVIII.
1151 2707 1216 2743 Sed
1248 2707 1422 2744 armandi

384 2757 606 2807 ornandique
629 2768 671 2796 εν
693 2757 890 2796 instruendi
910 2772 962 2796 eos
982 2768 1100 2795 artem
1124 2757 1295 2806 ignorare.
1324 2757 1423 2796 Vide

386 2809 478 2845 infra
512 2809 556 2846 ad
591 2808 674 2847 Lib.
710 2807 755 2845 X.
789 2808 900 2858 Epist.
932 2809 998 2847 IV.
1033 2820 1068 2845 n.
1102 2820 1134 2844 2.
1157 2809 1195 2846 &
1218 2809 1262 2846 ad
1287 2808 1422 2847 Sallust.

386 2859 469 2895 Cat.
508 2871 584 2907 cap.
619 2859 798 2897 XXXVI.
831 2872 865 2898 n.
891 2874 932 2898 .1.
982 2862 1091 2908 Quae
1124 2859 1149 2896 fi
1184 2859 1418 2905 consideras,

383 2907 481 2945 haud
512 2911 699 2948 immerito
735 2911 946 2954 Mediceam
975 2940 985 2955 ‚
1019 2910 1093 2948 five
1115 2909 1294 2949 Aldinam
1320 2910 1423 2950 lecti-

383 2968 499 2994 onem
534 2960 779 2997 revocandani
813 2961 882 3000 effe
916 2962 1084 3000 censebis.
1110 2963 1301 3000 Praeterea
1325 2962 1420 3002 aliud

386 3009 519 3045 vitium
551 3008 784 3046 tollendum..
807 3013 1043 3049 Seribendtnn
1079 3025 1216 3060 nempe
1241 3041 1251 3057 ‚
1288 3022 1328 3050 ut
1349 3023 1420 3060 ego

386 3057 487 3102 feci,
516 3069 559 3095 ex
582 3058 706 3094 iisdem
732 3063 935 3096 veterrssmis
969 3062 1194 3100 membranis
1230 3065 1269 3101 &
1305 3064 1418 3101 Arnz.

385 3109 584 3150 Secundum
615 3107 871 3148 conditionem
904 3111 1029 3149 mariti
1053 3138 1064 3156 ,
1093 3123 1172 3151 non
1195 3125 1282 3152 cum
1306 3112 1419 3162 vulgo

1480 1738 1567 1766 mat.
1602 1737 1679 1776 cap.
1708 1726 1810 1764 XXI.
1838 1726 2033 1776 permansit
2069 1737 2193 1765 tamen
2226 1727 2264 1764 in
2277 1725 2512 1776 statuservt'-

1480 1779 1566 1817 tutis
1591 1807 1601 1823 ,
1639 1778 1934 1828 praesentemque
1970 1777 2227 1817 conditionem
2251 1791 2358 1818 verae
2389 1778 2513 1828 origini

1479 1831 1686 1880 anteposuit.
1740 1829 1876 1880 Aeque
1909 1828 2121 1878 frequenter
2165 1833 2274 1869 etiam
2309 1828 2454 1868 Tullius
2475 1832 2515 1870 &

1480 1880 1785 1971 {abiusvzilliique
1812 1881 1947 1919 Unum
1977 1879 2076 1919 addo
2102 1880 2315 1920 Phaedrum
2332 1880 2426 1919 Lib.
2446 1880 2514 1933 111.

1514 1933 1571 1971 ab.
1682 1962 1689 1969 .
1719 1945 1769 1972 vs.
1800 1944 1833 1980 7.

1534 2035 1646 2073 Canis
1659 2033 1865 2085 fimpliciter
1890 2048 1897 2071 ;
1920 2037 2049 2075 >eadem
2070 2034 2113 2083 est
2135 2035 2303 2074 conditio
2328 2034 2415 2084 tibi,

1538 2086 1720 2135 Praestare
1743 2087 1884 2126 domino
1899 2086 1934 2138 fi
1949 2096 2017 2137 par
2039 2087 2190 2136 officium
2211 2096 2315 2137 potes.

1484 2186 1534 2226 Et
1557 2187 1602 2226 fic
1623 2197 1826 2240 perpetuo,
1854 2201 2064 2240 numquam
2084 2189 2307 2229 conditiones.
2350 2188 2516 2230 Concur-'

1485 2239 1540 2277 sus
1569 2241 1710 2291 aliquot
1740 2242 1944 2280 litterarum
1977 2256 2013 2279 m
2053 2253 2130 2279 non
2162 2243 2390 2288 morabitur,
2416 2240 2441 2279 fi
2461 2253 2517 2279 re-

1486 2290 1631 2339 spicias,
1661 2303 1755 2341 quae
1786 2292 2033 2331 indicavimus
2063 2293 2110 2331 ad
2138 2294 2220 2331 Lib.
2252 2293 2299 2331 11.
2332 2291 2439 2342 Epist.
2469 2292 2518 2330 V.

1488 2354 1524 2379 n.
1545 2357 1579 2389 o.
1608 2344 1753 2380 Vereor
1774 2352 1901 2382 tamen
1915 2373 1924 2390 ‚
1952 2356 1999 2382 ne
2023 2346 2102 2392 quis
2124 2345 2234 2382 nimis
2255 2352 2422 2392 argutus,
2451 2353 2518 2380 vo-

1491 2394 1661 2431 cabulum
1696 2396 1824 2432 mariti
1859 2403 2045 2445 expungat
2067 2423 2077 2440 ,
2115 2404 2156 2433 ut
2188 2394 2250 2433 sit:
2279 2394 2375 2433 debet
2396 2402 2517 2430 tamen

1483 2446 1680 2493 secundum
1720 2446 1977 2486 conditionem
2016 2444 2107 2492 veste
2129 2475 2139 2491 ,
2182 2445 2349 2482 comitatu
2385 2441 2515 2487 augeri.

1490 2497 1737 2534 Conditionem
1764 2499 1863 2536 enim
1887 2496 2042 2547 praecise
2066 2508 2133 2546 pro
2153 2496 2282 2533 marito
2309 2491 2375 2528 dici
2405 2490 2514 2536 pluri-

1488 2548 1554 2586 bus
1593 2548 1720 2586 docuit
1753 2549 1970 2588 Gronovius
2004 2548 2084 2585 Lib.
2120 2547 2147 2583 Ι.
2166 2543 2321 2581 Observ.
2343 2550 2418 2585 cap·
2445 2538 2514 2577 VI·

1491 2598 1536 2636 ad
1577 2600 1703 2638 Senec.
1741 2599 1822 2638 Lib.
1859 2601 1888 2638 I.
1921 2599 1968 2638 de
1992 2597 2126 2637 Benef.
2161 2604 2235 2640 CaP·
2266 2587 2330 2626 ῙΧ·
2366 2589 2405 2625 &
2443 2589 2511 2627 ³1¹¹·

1495 2651 1654 2690 Con-sn.
2395 2690 2400 2695 .
2503 2690 2509 2697 .

1541 2713 1561 2739 2
1593 2703 1727 2740 Animo
1751 2701 1992 2749 heatiffimum.
2016 2696 2032 2745 ]
2061 2694 2158 2747 Quia
2183 2690 2345 2728 summus
2366 2687 2511 2728 dicendi

1488 2753 1612 2792 rhetor
1649 2757 1688 2792 δε
1709 2753 1849 2791 artifex.
1893 2746 2075 2795 Juvenalis
2097 2742 2239 2796 fehceni
2264 2752 2351 2795 eum
2376 2749 2511 2785 vocat,

1489 2806 1528 2842 ὃς
1553 2805 1728 2844 divitem:
1758 2804 1816 2841 hic
1845 2811 1934 2839 vero
1965 2794 2094 2834 Noster
2116 2790 2307 2828 modicum
2335 2792 2513 2831 multati-

1489 2855 1579 2901 bus„
1607 2855 1769 2904 respecstu
1789 2852 1863 2895 sui,
1892 2849 1955 2896 qui
1976 2846 2042 2882 fuit
2066 2842 2287 2880 ditissimus:
2318 2851 2353 2878 at
2378 2843 2510 2888 Juven.

1488 2906 1652 2954 mspee'tu
1688 2905 1843 2941 aliorum
1869 2899 2056 2935 rhetorum
2086 2905 2313 2942 pauperum,
2345 2896 2382 2931 &
2410 2894 2512 2942 quod

1489 2967 1535 2993 ex
1566 2956 1668 2993 tenui
1699 2952 1867 2990 tacultate
1893 2946 1938 2983 ad
1968 2944 2134 2983 honestas
2170 2957 2258 2994 opes
2284 2945 2512 2994 proeesfiss'et.
2590 2975 2593 2978 ψ

1490 3007 1643 3042 Cum.

1537 3065 1554 3102 3
1588 3053 1674 3089 Plus
1696 3046 1929 3096 collaturus.]
1959 3048 2097 3094 Maiori
2122 3047 2261 3085 summa
2286 3047 2512 3096 tejuviffern.
2584 3081 2587 3085 .

1487 3105 1611 3153 Quam
1645 3109 1766 3152 gratus
1803 3101 1841 3139 in
1878 3108 2156 3149 praeceptorem
2190 3099 2411 3147 Secundus„
2449 3101 2512 3148 qui

2444 3161 2512 3190 nec
