2616 3686
473 188 824 250 ''L'ITBER
893 196 1036 247 VIII.
1101 194 1676 253 EPISTOLA
1743 204 1835 256 VI.
2161 234 2251 286 57¹

141 285 269 359 ciple
286 322 304 350 ,
329 289 487 338 ‘tanta
506 277 731 334 Senatus
755 315 772 343 ,
811 288 959 332 tanta
984 277 1232 333 Pallantis
1258 279 1415 351 ipfius
1440 320 1457 345 ,
1505 285 1562 352 (¹
1579 283 1711 355 quid
1743 284 1919 342 dicam
1939 287 2160 366 nescio)
2199 309 2258 351 ut

138 359 331 418 vellent
357 357 412 412 in
438 354 609 410 oeulis
633 354 877 410 omnium
904 351 996 424 figi
1020 350 1188 408 Pallas
1218 354 1558 411 insolentiam
1581 362 1724 414 luam
1741 395 1758 423 ‚
1784 361 2097 431 patientiam
2122 370 2256 423 Cae-

132 433 237 499 sar,
273 431 673 489 ‘humilitatem
693 430 935 484 Senatus,
1013 427 1130 482 Nec
1154 428 1343 500 puduit
1363 435 1383 465 '³
1414 434 1680 488 rationem
1715 436 2038 507 turpitudini
2062 439 2255 497 obten-

133 507 279 564 dere.
317 513 340 544 ⁴
376 505 663 581 Egregiarn
700 502 926 578 quidem
951 541 967 565 ‚
1005 502 1396 579 pulchramque
1423 509 1691 565 rationem
1719 547 1735 573 ,
1778 523 1836 564 ut
1860 514 2110 584 exemplo
2138 514 2255 571 Pal-

129 584 281 639 lantis
329 583 694 657 praemiorum
715 579 782 634 ad
796 577 1030 635 studium
1052 580 1423 637 aemulationis
1447 586 1614 638 ceteri
1637 601 2083 656 provocarentur.
2133 594 2146 622 ⁵
2172 589 2251 645 Ea

129 657 401 716 honorum
435 658 601 713 vilitas
625 667 738 711 erat
765 693 782 720 ,
811 654 1028 710 illorum
1054 656 1247 721 etiam,
1284 674 1424 731 quos
1454 657 1619 714 Pallas
1651 663 1674 734 'f
1702 678 1814 715 non
1840 660 1892 716 se
1917 662 2246 735 dignabatur.
2268 682 2324 724 ιτς

127 844 276 895 Polybio
305 842 462 883 Lib.111.
487 851 565 891 cap.
578 838 718 881 XXVI.
743 840 805 880 De
820 840 973 890 Legibus
996 843 1035 881 ὃς
1054 842 1155 883 SCtis

126 897 195 934 aeri
212 894 323 935 incisis
342 892 425 933 vide
448 891 562 932 Dion.
589 889 684 931 Cass‘.
704 892 783 930 Lib.
796 892 989 932 XXXVII.
1000 904 1079 943 pag.
1093 906 1155 945 33.

2095 739 2250 796 lnve-

1280 855 1313 894 3.
1340 844 1519 882 Rationem
1542 846 1750 896 turpitudini
1771 875 1780 886 .
1806 848 1902 899 eya]
1942 848 2048 889 Velle
2075 858 2177 902 turpe
2197 854 2254 892 fa-

1227 893 1326 933 ctum
1362 895 1502 932 ratione
1546 897 1722 936 excusare.
1777 901 2009 950 obtendere]
2048 903 2252 952 Opponere

122 945 270 985 Sueton.
302 945 368 992 Jul.
394 954 471 992 cap.
503 942 679 983 XXVIII.
733 945 842 993 Rycq
889 943 935 981 de
968 944 1150 994 Capitolio
1225 954 1397 997 tanquam
1419 944 1628 996 praestigias.
1658 949 1751 987 CA]
1776 961 1846 988 az..

123 1007 202 1046 cap.
229 995 348 1034 XXX.
384 994 534 1043 Rupert.
571 993 617 1032 ad
649 994 796 1033 ‘Reiness
840 993 949 1042 Epist.
982 995 1148 1034 XXVII.

122 1057 201 1097 pag.
220 1048 306 1095 672.
329 1047 370 1084 ὃ(
391 1072 404 1093 ,
439 1044 503 1094 qui
528 1046 737 1094 nuperrime
772 1044 838 1083 illis
866 1045 1008 1083 accessit
1029 1074 1040 1092 ,
1081 1047 1144 1085 CI.

119 1098 348 1148 Aegyptium
374 1095 419 1136 ad
438 1095 577 1136 SCtum
598 1097 644 1136 de
664 1095 936 1135 Bacchanalibus
960 1107 1041 1147 pag.
1057 1097 1101 1135 16
1106 1109 1141 1148 3.

123 1149 171 1190 3'6
196 1177 206 1188 .
228 1149 271 1188 16
301 1176 310 1186 .

170 1162 206 1238 ἓ.
229 1161 336 1253 an'd
355 1198 471 1237 dicam
491 1197 616 1248 nestio,
645 1198 741 1249 σα]
781 1198 927 1237 Totum
949 1200 1076 1255 locui-n
1097 1199 1150 1254 le·

120 1260 186 1300 ge,
210 1258 252 1288 ut
269 1257 409 1288 veteres
419 1249 606 1288 Editiones
621 1250 755 1288 habent
778 1263 787 1287 ε
819 1254 936 1286 Tanta
959 1255 1143 1298 Prtnctpts,

119 1305 224 1339 tanea
243 1305 387 1340 senatus
406 1328 417 1345 ‚
440 1309 550 1338 tanta
573 1299 751 1339 Pallantis
769 1300 866 1351 ipsius
885 1328 896 1345 ‚
924 1300 1010 1351 quid
1031 1301 1147 1338 dicam

117 1351 220 1440 aestio
241 1379 252 1397 ,
291 1361 332 1390 ut
356 1351 486 1390 vellent
508 1351 545 1390 in
566 1351 668 1390 oeulis
685 1352 839 1390 omnium
853 1352 939 1400 figi,
958 1357 1000 1389 P.
1020 1351 1145 1389 Locus

123 1404 132 1409 '
179 1402 461 1452 *elegantissimus
486 1430 498 1449 ‚
533 1414 647 1452 quern
676 1414 753 1440 non
770 1400 915 1440 affecuti
936 1402 1015 1440 sunt
1034 1430 1045 1446 ‚
1081 1403 1144 1452 qui

114 1452 218 1500 primi
251 1465 339 1492 eum
375 1452 626 1501 depravarunt.
675 1452 805 1490 Voluit
839 1453 970 1491 Plinius
1005 1451 1123 1492 dicere
1139 1481 1149 1498 ,

115 1502 242 1541 Tanta
262 1504 330 1542 fuit
346 1503 514 1551 Principis
538 1529 549 1546 ,
576 1502 724 1541 Senatus
743 1503 781 1540 &
800 1502 960 1540 Pallantis
977 1503 1146 1541 vecordia

116 1553 190 1590 five
214 1553 434 1600 οίβελτηρέσι,
459 1559 521 1590 aut
540 1552 688 1589 ἀπόνοια
711 1579 722 1595 ,
748 1560 788 1589 ut
812 1551 943 1589 vellent
963 1551 1032 1592 &c.
1068 1553 1140 1593 Sed

116 1603 199 1653 quia
221 1603 407 1642 verebatur
425 1630 437 1648 ,
471 1614 518 1642 ne
540 1601 575 1640 id
606 1601 753 1651 quidam
775 1601 894 1640 durius
913 1602 1141 1650 acciperent,

115 1653 254 1693 reticuit
298 1655 480 1702 eleganter
524 1652 678 1691 verbum
723 1652 884 1701 asperius.
923 1655 955 1691 C
970 1665 1087 1691 ASAU
1105 1667 1138 1695 B.

116 1703 241 1745 Recte
262 1705 518 1748 Cas-auberius,
544 1704 581 1741 ὃ(
604 1702 650 1741 sic
670 1702 778 1742 edidit
788 1701 1136 1747 Aldu8,adsentitur-

114 1766 187 1806 que
206 1756 420 1801 Mefficeus,
444 1752 508 1793 nisi
530 1755 631 1804 quod
654 1755 682 1793 is
701 1753 786 1792 duas
807 1765 936 1800 voces,
964 1763 1068 1792 tanta
1089 1762 1142 1794 Se-

116 1811 220 1845 natus
232 1835 243 1852 ,
273 1807 435 1845 familiari
454 1806 540 1843 vitio
559 1808 727 1850 omittat,
741 1805 778 1843 δε
800 1803 930 1844 deinde
939 1805 976 1855 Ji
994 1805 1139 1851 vellent,

115 1867 182 1904 pro
204 1864 245 1894 ut
265 1856 395 1895 vellent
408 1884 418 1900 ,
443 1855 579 1894 scribat.
605 1856 787 1904 Gryphius
808 1857 846 1894 δε
865 1855 921 1894 alii
943 1868 952 1893 :
980 1855 1062 1906 quid
1083 1857 1135 1894 di-

115 1918 193 1943 cam
214 1907 316 1956 nescio
334 1934 345 1950 ‚
384 1905 448 1951 niss
482 1905 596 1945 vellet.
626 1906 731 1945 Vellet
758 1912 946 1955 propterea
978 1905 1137 1946 maluisse

114 1956 305 2000 videntur.
333 1957 414 2005 quia
435 1955 590 2004 sequitur
617 1957 761 2002 Panas,
787 1956 939 2006 Caefi1r3
971 1955 1040 1995 Sed
1064 1958 1137 1996 vel-

115 2007 186 2044 lent
204 2008 358 2046 omnino
375 2007 567 2054 elegantius
589 2007 638 2046 est
659 2034 670 2052 ,
707 2008 745 2045 &
765 2008 877 2046 multa
897 2005 978 2045 tatia
997 2008 1137 2059 collegi-

113 2067 194 2095 mus
214 2057 258 2097 ad
282 2057 420 2096 Lucan.
447 2056 526 2095 Lib.
549 2055 616 2096 111.
642 2068 692 2095 vs.
713 2068 774 2105 27.

164 2135 227 2174 sed
247 2143 392 2175 teneant
411 2135 602 2187 Caesarque
621 2136 690 2175 dies
707 2137 846 2186 &Julia
867 2140 983 2177 nolles.

110 2210 171 2305 ξε
190 2213 315 2263 Figura
336 2213 404 2264 ipsa
422 2212 504 2252 vide
525 2213 714 2253 Aristidem
735 2217 762 2254 1.
776 2215 856 2255 Art.
877 2217 982 2256 Rhet.
994 2227 1068 2265 cap.
1081 2215 1131 2254 11.

144 2292 152 2301 .
177 2274 207 2300 2.
235 2277 267 2310 ς.

161 2324 197 2352 2.
224 2316 475 2354 Humilitatem
493 2313 674 2364 Senatus]
713 2314 904 2354 Humilitas
935 2317 1061 2356 vitium
1085 2316 1138 2355 su-

109 2362 249 2413 perbiae
263 2393 272 2410 ,
300 2365 357 2403 seu
377 2365 600 2413 arroganti-te
623 2364 832 2413 oppositum
846 2393 856 2410 ‚
883 2378 955 2416 qua
975 2368 1052 2418 quis
1072 2367 1136 2407 de-

112 2414 218 2455 mittit
239 2421 278 2458 &
301 2416 418 2466 abjicit
439 2416 473 2454 se
493 2416 581 2454 ultra
604 2425 714 2464 quam
751 2415 925 2464 dignitatis
947 2416 1142 2468 decorique

114 2466 204 2504 ratio
237 2468 382 2515 patitur.
437 2467 490 2504 lta
516 2466 642 2504 Caelar
679 2464 758 2504 Lib.
779 2465 807 2504 l.
843 2465 888 2504 de
915 2465 1015 2506 Bello
1034 2469 1141 2508 Civili

110 2525 183 2565 cap.
207 2516 402 2554 LXXXV.
430 2514 676 2554 Humilitatem
697 2523 921 2561 vocat,cum
948 2518 1137 2566 Afranius,

110 2567 171 2616 qui
191 2576 276 2607 ante
298 2579 318 2604 a
338 2578 427 2617 pace
447 2567 678 2604 abhorruerat
700 2595 711 2613 ,
748 2578 867 2616 neque
889 2566 1058 2618 colloquii
1076 2581 1140 2608 ne-

111 2626 181 2666 que
200 2618 423 2658 induciarum
446 2619 525 2667 jtira
547 2617 700 2656 servaret
724 2646 734 2662 ‚
762 2628 838 2655 orat
860 2630 899 2654 ac
917 2617 1063 2667 obsecrat
1078 2648 1089 2665 ,
1105 2620 1142 2669 ſs

110 2670 181 2718 quis
199 2668 286 2707 locus
306 2668 554 2716 misericordiae
577 2668 795 2718 relinquatur
808 2697 818 2714 ‚
847 2682 887 2706 ne
907 2669 957 2705 ad
975 2670 1139 2708 ultimum
1177 2690 1180 2735 ἡ

103 2719 305 2768 fiepplicinm
327 2719 484 2768 progredi
507 2718 622 2768 neceffe
648 2718 812 2759 habeant.
866 2719 988 2757 Livius
1010 2733 1018 2758 ε
1049 2727 1140 2760 Haec

114 2779 240 2807 natura
260 2770 503 2809 multitudinis
523 2769 567 2816 est
588 2797 599 2814 ‚
634 2780 696 2807 aut
718 2770 823 2817 servit
843 2760 1049 2814 hu1nititer;
1077 2783 1138 2858 aa?
1178 2769 1181 2822 ξ

105 2816 255 2866 superbe
285 2822 499 2860 dominatur.
553 2819 704 2858 Tacitus
740 2821 907 2870 Agricola
937 2832 1012 2869 cap.
1040 2822 1106 2860 XV

116 2868 293 2907 Trebellius
303 2873 395 2920 saga
427 2879 534 2921 atque
564 2871 705 2909 latebris
736 2871 856 2909 vitata
879 2872 1042 2909 exercitus
1066 2874 1140 2917 ira,
1179 2873 1182 2897 ³

113 2917 284 2957 indecorus
325 2932 429 2972 atque
472 2922 614 2960 humilis
634 2950 644 2967 ,
684 2923 834 2972 precario
869 2937 949 2961 mox
982 2925 1143 2971 praefuit.
1180 2965 1182 2972 y

113 2967 211 3007 But
226 2980 368 3010 lin-511.
406 2971 460 3010 Sic
481 2971 621 3010 humilis
644 2974 790 3022 Regulus
818 2973 898 3010 Lib.
914 2973 942 3011 I.
969 2972 1139 3021 EpistV'ss

115 3078 150 3108 n.
168 3077 203 3108 1.

1276 1010 1310 1044 4.
1338 997 1559 1049 egregiam]
1590 999 1729 1045 lronia,
1756 1002 1866 1050 qualis
1886 1001 1981 1050 apud
2000 1002 2124 1052 Virgil.
2152 1009 2254 1054 Fgre-

1216 1048 1313 1097 giam
1335 1048 1416 1086 vero
1437 1049 1587 1087 laudem,
1624 1049 1683 1087 Est
1703 1060 1825 1090 autern
1848 1053 1936 1090 ratio
1958 1064 2050 1102 quae
2070 1055 2250 1104 sequitur,

1221 1108 1260 1136 ut
1274 1099 1399 1138 scilicet
1410 1101 1520 1138 ceteri
1546 1111 1853 1149 provocarentur,
1882 1103 1919 1139 ἃ
1945 1103 2175 1142 incitarentur
2205 1107 2250 1145 ad

1219 1149 1375 1240 studilum
1396 1152 1643 1190 aemulationis
1662 1154 1833 1203 exemplo
1850 1154 2096 1203 praemiorum
2115 1155 2253 1208 Pallang

1219 1209 1271 1241 tis.
1334 1216 1355 1239 o
1372 1215 1390 1240 ε
1406 1214 1453 1241 Μ.

1276 1265 1309 1302 ς.
1347 1257 1401 1289 Ea
1432 1251 1600 1291 honorum
1628 1253 1757 1293 utilitas
1785 1254 1900 1306 erat.]
1939 1256 2024 1295 lmo
2053 1256 2249 1306 legendum

1219 1303 1344 1342 vilitas
1369 1315 1457 1342 erat.
1507 1302 1688 1353 Significat
1725 1307 1824 1345 enim
1855 1308 1951 1345 adeo
1969 1315 2048 1345 turn
2091 1307 2250 1349 eviluiffe

1218 1353 1402 1393 honorum
1436 1356 1594 1405 praemia
1616 1383 1627 1399 ,
1674 1363 1713 1394 ut
1735 1369 1828 1408 quae
1850 1369 1925 1396 non
1959 1358 2023 1397 nisi
2045 1359 2250 1400 nobilissiini

1219 1414 1302 1443 ante
1322 1406 1457 1455 sperare
1478 1408 1659 1455 potuerint
1680 1435 1690 1452 ,
1728 1420 1826 1446 nunc
1853 1408 1958 1447 servis
1985 1421 2095 1459 atque
2114 1412 2251 1450 manci·

1218 1456 1280 1504 piis
1303 1467 1552 1505 proponantur
1570 1485 1581 1501 ,
1617 1458 1733 1497 modo
1766 1459 1935 1498 aemulari
1965 1461 2160 1508 Pallantem
2186 1473 2250 1500 ve·

1217 1507 1302 1552 lint,
1326 1507 1530 1557 iisdemque
1550 1507 1688 1546 studere
1709 1510 1836 1548 artibus
1857 1538 1869 1555 ‚
1907 1510 2034 1560 quibus
2057 1511 2115 1550 ille
2132 1523 2251 1550 emer·

1221 1556 1284 1602 fit,
1313 1569 1407 1606 quae
1430 1559 1617 1596 neminem
1657 1560 1776 1598 minus
1796 1589 1806 1606 ‚
1841 1572 1950 1610 quam
1980 1562 2181 1611 ingenuum
2211 1564 2249 1601 δε

1220 1609 1304 1645 loco
1320 1608 1431 1646 libero
1454 1617 1577 1647 natum
1591 1610 1783 1649 hominem
1796 1611 1949 1650 deceant
1988 1612 2016 1650 B
2027 1627 2050 1651 υ
2065 1625 2086 1651 c
2099 1625 2123 1651 n
2138 1626 2161 1650 Ν
2178 1624 2197 1652 z
2211 1626 2252 1653 tt.

1221 1660 1367 1697 Merum
1392 1671 1583 1707 operarum
1606 1661 1734 1699 vitium
1756 1670 1829 1700 erat
1851 1661 1942 1700 istud
1962 1663 2098 1702 utilitas
2112 1692 2123 1709 ‚
2149 1663 2252 1713 quod

1217 1709 1341 1747 insulse
1362 1710 1550 1748 Hackiana
1570 1708 1734 1749 servavit.
1770 1713 1869 1751 Nam
1890 1713 2005 1751 Aldus
2019 1742 2029 1759 ,
2043 1715 2251 1765 Gryphius,

1219 1760 1394 1798 Gruterus
1426 1772 1631 1810 omnesque
1659 1762 1828 1802 meliores
1859 1763 1982 1803 vilitas
2008 1776 2094 1804 cum
2125 1771 2250 1805 Mem-

1217 1809 1344 1850 branis.
1370 1812 1470 1860 Lege
1489 1811 1616 1860 Nepot
1639 1813 1790 1852 Miltiad.
1817 1825 1894 1864 cap.
1916 1816 1983 1854 VI.

1269 1862 1304 1899 6.
1333 1866 1413 1899 Non
1435 1862 1685 1913 dignabatur.]
1716 1867 1822 1913 Quos
1844 1877 1920 1904 non
1939 1867 2154 1917 accipiebat,
2179 1870 2249 1908 im-

1219 1921 1285 1949 mo
1332 1911 1540 1952 fastidiebat.
1587 1915 1652 1952 CA
1667 1927 1690 1951 τ
1706 1928 1776 1954 ΑΝ.
1830 1922 1910 1954 Non
1945 1918 2247 1973 dedignabatur]

1220 1962 1371 2002 Veteres
1391 1962 1467 2003 libri
1488 1964 1620 2003 habent
1639 1978 1705 2002 non
1726 1966 1960 2017 dignabatur,
1973 1967 2045 2006 hoc
2065 1969 2135 2015 est,
2155 1981 2250 2020 quos

1218 2024 1296 2050 non
1317 2014 1464 2063 putabat
1486 2015 1612 2065 dignos
1633 2017 1667 2054 se
1690 2044 1702 2061 ‚
1738 2017 1811 2057 five
1843 2020 1906 2068 qui
1924 2030 1944 2056 a
1964 2018 1998 2056 se
2016 2029 2229 2068 gererentur
2236 2035 2249 2065 3

1218 2073 1408 2114 propterea
1436 2066 1537 2105 illum
1571 2068 1761 2117 appellavit
1790 2069 1909 2107 modo
1940 2069 2247 2111 fastidiofiffimam

1218 2117 1439 2165 mancipium
1461 2144 1472 2161 ,
1510 2118 1548 2155 δε
1578 2119 1652 2165 ejus
1679 2118 1924 2159 abstinentiam
1955 2120 2247 2171 superbissimam.

1219 2165 1278 2219 Ac
1298 2167 1442 2206 tortasse
1461 2167 1547 2207 illud
1567 2169 1824 2219 dedignabatur
1845 2180 1971 2210 natum
1996 2171 2044 2210 est
2064 2184 2109 2210 ex
2122 2174 2173 2223 ,se
2194 2175 2247 2213 di-

1212 2216 1402 2265 gn'abatttr.
1427 2218 1459 2255 C
1474 2232 1495 2255 A
1506 2233 1524 2257 s
1537 2231 1557 2258 A
1573 2234 1592 2256 u
1610 2232 1630 2257 ι
1645 2234 1667 2256 o
1683 2234 1719 2259 Ν.
1762 2224 1865 2276 Qos
1897 2222 2018 2259 Pallas
2035 2235 2101 2259 non
2121 2225 2248 2273 digna-

1215 2267 1359 2320 batur]
1390 2267 1478 2307 Hoc
1505 2270 1658 2318 explicat
1679 2298 1688 2314 ‚
1724 2280 1764 2308 ut
1785 2272 1903 2320 potuit
1931 2272 2142 2311 Catanaeus.
2192 2276 2245 2313 At

1217 2318 1448 2357 vetustissima
1479 2319 1600 2357 Editio
1628 2321 1736 2358 etiarn
1769 2332 1854 2359 cum
1893 2322 1987 2359 notis
2017 2323 2091 2371 ejus
2108 2323 2243 2363 servat:

1217 2381 1283 2405 non
1305 2368 1568 2418 dedignabatur.
1596 2370 1728 2419 Neque
1748 2370 1783 2409 id
1807 2379 1931 2409 contra
1948 2372 2158 2411 sententiim
2180 2386 2245 2413 au—

1218 2415 1323 2467 eloris
1343 2420 1391 2457 est
1407 2448 1417 2465 ‚
1448 2419 1505 2456 sed
1526 2421 1646 2468 potius
1665 2422 1700 2459 id
1720 2423 1868 2470 requirit
1887 2421 2041 2460 auctoris
2059 2423 2249 2469 sententia.

1218 2470 1397 2518 Intellige‚
1426 2481 1502 2507 non
1527 2470 1644 2507 modo
1664 2473 1926 2520 praetoriorum
1940 2483 2243 2516 ornamentorum

1216 2528 1277 2557 aut
1294 2521 1510 2558 annulorum
1530 2532 1721 2559 aureorum
1737 2551 1747 2567 ‚
1775 2534 1866 2572 quos
1882 2523 1938 2562 ille
1959 2523 2131 2563 fastidiose
2151 2528 2246 2566 acci·

1215 2570 1331 2619 piebat
1357 2599 1366 2615 ,
1404 2571 1460 2609 sed
1491 2569 1594 2618 ipsius
1628 2573 1733 2611 etiarn
1755 2583 1939 2623 praeturae
1961 2575 1997 2612 ὅ(
2021 2577 2244 2624 consulatus,

1217 2622 1278 2670 qui
1314 2621 1567 2671 adjiciebantur
1602 2623 1765 2672 indignis.
1817 2624 1852 2663 Si
1874 2625 2051 2676 <voluisset
2086 2627 2244 2676 Plinius,

1217 2672 1318 2721 quod
1337 2673 1384 2711 ilii
1405 2672 1574 2720 putabant
1596 2701 1606 2717 ,
1641 2673 1777 2713 dixisset
1803 2688 1811 2712 z
1848 2680 1903 2712 Ea
1935 2676 2100 2714 honorum
2122 2677 2247 2717 «tilitas

1177 2741 1181 2766 ;
1216 2735 1291 2762 erat
1306 2751 1314 2767 ,
1328 2734 1367 2760 ut
1391 2724 1495 2760 etiam
1510 2723 1631 2760 Pallas
1641 2723 1715 2762 illos
1729 2726 1807 2763 dedi
1830 2738 1983 2765 naretur.
2011 2727 2044 2764 G
2059 2740 2082 2765 R
2097 2738 2121 2764 ο
2134 2740 2158 2764 Ν
2173 2742 2194 2764 0
2209 2740 2247 2768 v.

1216 2773 1356 2811 Verum
1393 2774 1439 2811 est
1471 2773 1555 2811 iliud
1584 2772 1629 2811 de
1645 2775 1748 2814 Vett.
1764 2776 1792 2813 E
1823 2777 1853 2813 d.
1878 2777 1977 2814 Nam
2000 2777 2114 2816 Aldus
2135 2779 2245 2818 etiam

1218 2824 1254 2861 &
1277 2823 1460 2872 Gryphius
1481 2823 1674 2872 praestant:
1703 2835 1782 2877 quos
1807 2826 1929 2864 Pallas
1949 2841 2015 2866 non
2036 2829 2248 2877 dedignaba-

1220 2885 1302 2918 tur,
1329 2886 1420 2924 quae
1443 2884 1564 2912 tamen
1584 2875 1714 2922 Ιςὲἶίο,
1743 2882 1827 2925 pace
1852 2881 1971 2925 magni
1994 2879 2176 2918 Gronovii
2196 2880 2250 2918 di·

1220 2926 1299 2963 cere
1318 2926 1419 2963 liceat
1439 2954 1451 2969 ,
1487 2936 1571 2963 cum
1595 2935 1718 2965 mente
1739 2927 1891 2967 aufforis
1911 2939 2057 2978 pugnat.
2084 2930 2247 2969 Multum

1222 2976 1318 3014 enirn
1339 2976 1504 3014 tribueret
1528 2979 1708 3026 mancipio
1729 2978 1857 3017 Plinius
1878 3007 1889 3023 ‚
1925 2978 1949 3017 fi
1973 2991 2034 3018 eos
2064 2980 2248 3026 honores,

27 3048 36 3062 ,
115 3028 151 3057 n.
173 3027 206 3055 ι.
232 3017 290 3058 De
301 3019 463 3069 patientta
475 3022 611 3063 dietum
622 3023 668 3064 ad
681 3023 1139 3075 Sallustqugaeapffixxi.
1181 3040 1183 3046 ·
1224 3039 1315 3074 quos
1334 3027 1442 3064 Pallas
1467 3037 1540 3063 non
1567 3027 1774 3077 dedignatus
1797 3029 1843 3068 est
1863 3058 1873 3074 ‚
1900 3041 1966 3079 pro
1984 3032 2188 3069 melioribus
2205 3033 2245 3069 &

1181 3059 1187 3128 i,
1218 3077 1466 3117 florentissimis
1500 3077 1680 3118 habuisset.
1707 3078 1741 3117 id
1777 3082 2051 3121 tamen'cxilla
2067 3082 2232 3133 scriptura

1654 3131 1821 3170 Ccccz
1862 3148 1865 3150 ·
2153 3143 2240 3168 con·
