2616 3686
314 192 410 256 sne.
504 191 564 242 C.
630 192 1020 251 PL1N11
1077 194 1593 251 CAECILII
1662 197 2176 263 S‘ECUNDI

319 270 577 328 Admonet
615 274 843 331 Avitum
864 313 880 339 ‚
929 286 991 332 ut
1010 278 1173 344 stmul
1193 280 1265 350 fu
1296 283 1379 339 iat
1414 282 1468 341 δέ
1507 280 1722 338 nimiam
1762 279 2032 346 lautitiam
2080 282 2137 343 Εἰ
2174 275 2411 356 sordem}

395 349 821 405 commemorando
850 365 1059 406 coenam
1081 352 1250 425 cujus
1265 372 1379 417 am,
1414 356 1506 429 qui
1528 353 1639 410 alia
1663 350 1792 406 aliis
1805 353 2094 426 pofiaerat.⁴

440 483 662 556 Ongum
692 485 767 539 est
788 486 940 539 altius
965 501 1211 557 repetere
1230 526 1244 551 ‚
1286 507 1388 545 nec
1411 490 1576 546 refert
1615 488 2082 560 quemadmodum
2107 494 2399 562 ‚accidet-it,

320 485 498 622 Lut
528 558 694 610 horno
719 571 731 592 ¹
757 559 976 611 minime
997 557 1264 615 familiaris
1289 579 1576 617 coenarem
1600 563 1742 634 apud
1778 560 2055 634 quendam
2096 576 2155 618 ut
2193 562 2286 620 fibi
2324 571 2402 623 vi-

322 630 580 692 debatur,
624 629 866 682 lautum²
892 628 945 680 &
971 628 1316 702 diligentem:
1359 648 1418 688 ut
1440 634 1604 698 mihi,
1641 633 1917 689 sordidum
1963 633 2108 688 simul
2165 640 2213 688 ὅ(
2261 636 2404 693 sum.

239 716 269 753 ι
321 701 585 774 ptuosum.
612 718 732 755 nam
760 700 849 754 sibi
878 699 935 753 δε
960 705 1137 772 paucis
1159 707 1367 774 optima·
1389 706 1682 777 quaedam,
1719 707 1935 761 caeteris
1961 706 2147 761 vilia&
2167 711 2398 781 3minuta

319 773 569 846 ponebat.
647 772 854 829 Vinum
874 773 1039 834 etiam
1063 779 1297 848 parvulis
1322 778 1613 850 lagunculis
1636 779 1692 833 in
1717 778 1818 833 tria
1843 795 2040 850 genera
2062 788 2079 813 ⁴
2113 779 2401 853 descripse-

2286 868 2396 920 rat,

313 985 421 1025 litatis
443 985 620 1025 candidati
642 985 784 1024 obitum
809 987 889 1026 Lib.
912 985 1017 1025 VIII.
1042 990 1333 1030 amariffimede-
1425 988 1527 1017 ·--’·
1577 1007 1649 1020 ·-
1702 988 1845 1026 Multas
1866 987 2087 1040 volucresque
2104 993 2273 1042 ferasque

315 1037 381 1075 fiet
405 1065 415 1081 ,
454 1045 494 1075 ut
527 1037 627 1084 Julii
658 1037 734 1074 Lib.
767 1038 814 1075 V.
846 1039 906 1077 ubi
939 1038 988 1076 sui
1022 1042 1333 1087 amantissimum,
1429 1040 1580 1088 Aegypti
1603 1038 1759 1089 posuere
1781 1041 1868 1078 cleos.

312 1087 460 1126 summa
486 1086 586 1127 fuiffe
609 1088 887 1127 consecuturum
910 1087 1027 1128 afferit
1049 1118 1061 1134 ,
1088 1090 1115 1128 fi
1146 1094 1336 1130 maturuis-

316 1137 393 1176 sent
417 1139 493 1188 ejus
517 1141 676 1177 virtutes.
728 1138 810 1177 Fuit
832 1142 870 1178 δε
891 1140 952 1178 sub
974 1141 1128 1180 Nerone
1140 1143 1266 1187 Julius
1282 1149 1334 1179 A·
1373 1141 1430 1178 ubi
1465 1139 1548 1179 dixi.
1576 1140 1759 1178 Iuvenalis
1793 1140 1945 1178 eosdem
1971 1168 1981 1185 ,
2031 1151 2124 1190 quos
2143 1141 2204 1180 hic
2234 1143 2395 1192 Plinius,

316 1190 418 1226 vitus
452 1191 678 1228 Germanicis
711 1191 822 1238 copiis
857 1191 1059 1240 praefeetus
1084 1220 1094 1236 ‚
1123 1203 1347 1244 quanquam*
1375 1203 1496 1229 mores
1529 1191 1764 1241 quorundam
1796 1191 1982 1240 hospitum
2003 1191 2208 1238 graviffime
2230 1194 2394 1242 perstrin-

315 1240 413 1288 apud
437 1239 612 1278 Tacitum
636 1251 763 1289 parum
798 1240 986 1290 diligentes
1011 1242 1142 1291 ‚legant
1179 1245 1337 1282 Dubium
1373 1243 1423 1290 git
1447 1243 1572 1290 Satyra
1595 1242 1643 1278 V.
1667 1253 1748 1280 eam
1771 1242 1878 1289 legas.
1900 1241 2000 1291 plura
2023 1240 2159 1279 dabunt
2181 1244 2393 1293 interpretes

316 1291 490 1327 Avitum.
520 1292 672 1329 CATAN.
1372 1293 1533 1332 Petronii
1555 1292 1601 1330 ad
1625 1293 1738 1341 Satyr.
1761 1304 1835 1340 cap.
1860 1293 1998 1330 XXXI.
2035 1292 2162 1330 Paullo
2194 1294 2275 1343 post
2311 1296 2394 1345 Me,-

371 1354 385 1378 1
420 1343 571 1379 Minime
589 1339 830 1389 familiaris.]
860 1342 952 1379 Non
976 1343 1096 1383 solitus
1131 1345 1216 1384 foris
1249 1358 1335 1385 coe-
1371 1343 1514 1382 diceus:
1537 1342 1700 1393 parvolis
1721 1342 1926 1391 lagunculis.

317 1403 427 1430 nare:
459 1392 515 1429 vel
564 1393 610 1431 illi
647 1394 769 1430 amico
806 1404 884 1429 non
924 1393 1150 1434 domesticus.
1190 1396 1333 1435 lui—:ivi
1422 1407 1446 1442 4
1468 1392 1744 1443 Descripseran]
1783 1393 1965 1431 Diviserat
1988 1421 1998 1438 ‚
2048 1393 2296 1434 denotaverat.
2337 1398 2392 1437 M.

313 1441 374 1479 Sic
396 1442 488 1481 infra
514 1443 593 1481 Lib.
624 1444 690 1480 IV.
713 1443 820 1493 Epist.
844 1443 965 1480 XVII.
1019 1446 1167 1483 Amicus
1196 1449 1310 1497 potius
1326 1478 1335 1493 ,
1375 1445 1426 1482 T.
1458 1457 1526 1494 pro
1561 1445 1705 1482 Milone
1728 1457 1737 1481 ι
1776 1448 1869 1481 Cum
1891 1457 1944 1481 me
1967 1443 2143 1482 latronem
2165 1458 2204 1481 ac
2220 1446 2392 1495 ficarium

313 1494 651 1541 quamfamiliaris.
679 1495 829 1532 BARTH.
860 1494 987 1531 Oxou.
1012 1496 1051 1533 &
1082 1496 1183 1535 Voff.
1213 1510 1232 1535 a
1266 1501 1336 1548 pri-
1373 1496 1496 1544 abjecti
1531 1495 1684 1532 homines
1722 1494 1968 1543 describebant.
2022 1495 2074 1531 At
2110 1495 2223 1541 Julius
2263 1498 2392 1537 Caesar

315 1553 377 1580 ma
410 1556 522 1582 manu
548 1559 556 1583 ε
594 1556 635 1583 ut
667 1546 812 1584 homini
835 1545 980 1583 minime
992 1547 1207 1592 familiaris.
1237 1549 1343 1586 Aru-⁷
1374 1548 1428 1585 vir
1460 1554 1580 1584 tantus
1612 1545 1783 1594 pistorem
1817 1545 1928 1582 alium
1960 1555 2094 1592 panem
2119 1573 2129 1590 ‚
2169 1558 2280 1596 quarn
2305 1547 2391 1594 fibi,

315 1604 396 1632 zen.
419 1597 600 1644 originem
623 1598 700 1636 vitii
722 1595 867 1645 prodit,
896 1597 932 1633 in
956 1608 1033 1646 quo
1058 1597 1124 1636 fuit
1148 1600 1237 1639 olim
1271 1599 1332 1638 ho·
1374 1598 1541 1635 convivis
1576 1595 1827 1644 subjicientem
1862 1592 2099 1650 compedibus
2132 1597 2275 1634 vinxit:
2305 1598 2391 1637 faci-

316 1645 436 1690 moni,
475 1655 515 1684 ut
536 1646 623 1685 illud
645 1649 682 1684 ni
703 1658 747 1684 ex
770 1648 886 1695 prima
908 1647 1037 1696 syllaba
1058 1650 1159 1689 vocis
1182 1651 1334 1701 sequen-
1372 1660 1438 1687 nus
1458 1647 1555 1686 haud
1578 1644 1750 1702 dissimile
1764 1645 1868 1684 rebus
1884 1646 1990 1702 ⁴vitae
2013 1648 2093 1683 luae
2115 1645 2226 1693 gestis.
2278 1647 2392 1687 Erant

314 1696 358 1733 tis
380 1696 587 1736 adsumtum
613 1696 683 1736 effe
705 1697 881 1736 videatur.
1371 1700 1481 1737 etiam
1505 1698 1655 1748 quidam
1679 1694 1807 1734 divites
1830 1694 1893 1734 sibi
1917 1725 1926 1742 ‚
1955 1706 2131 1744 pauperes
2155 1699 2277 1736 amicis
2302 1727 2311 1742 ‚
2351 1712 2388 1738 a-

365 1758 386 1785 2
418 1747 670 1798 Diligentem.]
699 1749 865 1786 Parcum.
894 1748 994 1785 Nini
1027 1748 1213 1798 diligentia
1238 1779 1248 1796 ,
1270 1753 1331 1802 ju-
1367 1751 1515 1787 trociter
1550 1749 1623 1786 hoc
1643 1747 1821 1793 juvenale
1844 1746 2050 1786 insectante.
2103 1746 2150 1784 Et
2172 1748 2306 1786 Plinius
2339 1750 2395 1788 se-

314 1795 411 1835 dicio
436 1798 488 1835 M.
513 1799 598 1837 Tul.
624 1811 668 1836 ex
694 1798 773 1837 Lib.
796 1799 845 1835 11.
867 1798 912 1836 de
944 1799 1103 1838 Oratore
1128 1829 1138 1845 ,
1176 1801 1331 1842 virtutes

314 1847 468 1897 reliquae
488 1851 723 1888 continentur.
762 1850 794 1887 C
809 1863 830 1886 A
845 1863 868 1887 τ
885 1862 906 1886 Α
921 1861 958 1885 Ν.
987 1850 1103 1888 Recte
1128 1852 1331 1893 Catanaeus

311 1897 515 1946 diligentem
538 1903 690 1951 exponit
705 1909 856 1950 parcum
872 1930 882 1946 ,
910 1907 994 1945 aut,
1023 1901 1124 1951 quod
1159 1903 1330 1951 mallem,

1368 1801 1448 1837 nior
1474 1799 1716 1848 frugalitatem
1741 1797 1894 1837 Catonis
1919 1796 2101 1836 redeuntis
2137 1798 2182 1835 ab
2216 1799 2390 1849 Hispania
2412 1801 2414 1803 ’

1367 1862 1452 1888 cum
1486 1849 1674 1898 triumpho
1707 1847 1855 1886 laudans
1877 1877 1887 1894 ,
1928 1854 2011 1886 Non
2037 1846 2139 1884 alind
2161 1849 2305 1898 inquit,
2328 1853 2390 1888 vi-

1368 1914 1454 1938 num
1484 1900 1573 1938 bibit
1597 1929 1607 1946 ‚
1645 1911 1752 1949 quam
1785 1901 1927 1948 remiges
1949 1917 1959 1936 :
1990 1900 2028 1937 in
2051 1909 2197 1935 tantum
2219 1901 2389 1948 diffi'milis

314 1947 518 1998 frugalem,
547 1954 585 1990 ὃ(
609 1961 763 2002 nugatur
785 1951 868 1997 ille,
895 1952 958 2000 qui
990 1952 1048 1990 hic
1083 1951 1128 1991 de
1161 1953 1331 2003 seligente
1367 1952 1462 1998 istis,
1489 1952 1550 2002 qus·
1579 1951 1688 1989 etiam
1721 1950 1882 1987 convivis
1911 1950 1986 1987 alia
2016 1961 2125 1998 quam
2138 1949 2282 2006 sibimet
2310 1952 2389 2002 ipsis

314 2008 377 2037 aut
411 2001 591 2050 deligente
627 2003 809 2052 cogitavit.
864 2000 1024 2050 Diligens
1069 2005 1106 2041 &
1146 2003 1331 2054 diligentia
1368 2003 1597 2050 ministrant,
1625 2012 1690 2038 aut
1709 2001 1908 2050 procedente
1940 2011 2041 2037 coena
2058 1999 2261 2056 [abiiciunt.
2303 2004 2389 2043 CA-

313 2049 513 2100 saepissime
537 2055 573 2091 in
594 2054 742 2093 laudem
768 2061 908 2102 patrum
935 2052 1083 2091 familias
1106 2083 1116 2098 ,
1151 2057 1212 2104 qui
1253 2056 1332 2095 sunt
1373 2068 1394 2092 T
1412 2067 1431 2092 Α
1447 2067 1484 2092 u.
1532 2053 1724 2091 Mediceus
1758 2050 2010 2108 discripserunt.
2037 2050 2138 2088 Niliii
2162 2052 2199 2089 in
2221 2052 2278 2091 ista
2312 2054 2392 2092 scri-

315 2099 363 2137 ad
385 2113 463 2141 rem
486 2106 612 2142 attenti
638 2106 676 2141 &
695 2115 816 2142 reruni
852 2103 995 2140 suarum
1029 2105 1250 2152 satagentes,
1280 2090 1350 2146 di-l
1371 2114 1473 2154 ptura
1495 2116 1564 2153 pro
1588 2103 1751 2155 singulari
1784 2100 1993 2158 significatu
2016 2113 2166 2150 quaeras
2191 2116 2198 2139 :
2229 2116 2314 2141 nam
2342 2106 2389 2143 ita

315 2161 471 2199 cuntur,
499 2155 602 2204 quod
623 2154 703 2204 post
725 2156 812 2192 alios
836 2155 1038 2192 observavit
1064 2156 1118 2191 Cl.
1142 2146 1351 2205 Duckerusg'
1370 2156 1520 2195 eaedem
1546 2156 1781 2192 membranae
1803 2152 1903 2201 supra
1929 2151 2108 2208 Ep1st3V.
2133 2164 2166 2189 n.
2204 2167 2232 2201 ς.
2293 2162 2390 2193 Nam

316 2201 362 2240 ad
396 2203 493 2243 Flori
528 2205 608 2243 Lib.
642 2207 668 2243 I.
701 2217 776 2256 cap.
808 2204 876 2243 VI.
901 2212 988 2242 extr.
1045 2210 1099 2242 Ac
1118 2206 1350 2267 simaximaJ
1373 2207 1641 2255 discriptionem
1688 2204 1837 2240 Iocorum
1872 2213 1939 2241 cet.
1972 2205 2010 2241 &
2042 2202 2135 2241 infra
2170 2213 2224 2242 ter
2256 2207 2293 2243 in
2316 2218 2388 2244 una

314 2253 447 2293 civitas
493 2258 664 2294 minimae
701 2257 834 2295 domus
873 2255 1053 2304 diligentia
1091 2256 1528 2307 contineretur.1Epistoia
1563 2256 1627 2293 VI.
1665 2255 1823 2310 Lib-V.
1858 2267 1892 2292 n.
1924 2266 1982 2311 43..
2020 2255 2058 2291 &
2082 2267 2134 2311 443
2189 2261 2312 2293 Arma
2335 2257 2388 2294 di-

318 2305 376 2342 Sic
398 2306 499 2357 supra
522 2307 628 2358 Epist.
653 2308 718 2346 IV.
755 2321 789 2347 n.
825 2319 856 2343 2.
912 2306 1157 2356 Diligentiores
1189 2311 1335 2347 credito-
1362 2308 1500 2358 scribat
1518 2337 1527 2351 ,
1550 2307 1641 2344 villa
1663 2305 1886 2361 dils'cribiticr,
1915 2319 1972 2355 qui
1994 2304 2161 2362 discribi-t.
2197 2306 2386 2363 Hierony-

316 2368 370 2392 res
418 2358 572 2397 notione
612 2371 688 2397 non
727 2360 887 2398 multum
926 2358 1060 2397 diversa
1098 2358 1351 2408 adpellantur„
1373 2371 1453 2397 mus
1477 2358 1585 2408 Epist.
1608 2358 1651 2394 ad
1679 2356 1922 2405 Augustinum
1948 2356 2013 2393 IV.
2066 2358 2140 2413 βέῃ
2163 2368 2261 2394 vitas
2291 2368 2385 2413 nire-

318 2405 392 2444 Hic
415 2420 505 2447 vero
530 2410 691 2458 diligenti
715 2411 881 2449 obiicitur
895 2409 1126 2457 sumtuosus,
1156 2411 1258 2460 quod
1273 2424 1335 2450 ve·
1372 2424 1452 2447 rum
1498 2408 1698 2454 inlustrium
1737 2407 2011 2456 discripserunt:
2041 2404 2088 2443 sic
2118 2419 2160 2464 .¹¹.³
2189 2415 2384 2463 veterrimis

318 2467 395 2494 ram
444 2462 781 2509 interpretationem
831 2460 964 2498 docere
1003 2459 1182 2509 potuisset.
1239 2447 1352 2500 infr-al
1372 2461 1593 2499 membranis
1621 2459 1789 2508 scriptum
1817 2459 1983 2509 legimus.
2019 2457 2191 2496 Manilius
2218 2457 2295 2494 Lib.
2318 2454 2383 2492 IV.

320 2506 428 2547 MSS.
472 2514 689 2550 recentiores
724 2524 809 2550 cuni
843 2511 983 2560 aliquot
1016 2513 1189 2560 imprcss'zs
1215 2515 1335 2554 opima
1377 2525 1425 2551 vs.
1457 2524 1537 2560 740.

319 2561 519 2611 quaedam;
550 2562 607 2600 sed
633 2564 762 2612 optimi
787 2572 935 2599 tuentur
957 2572 1098 2612 optima.
1140 2565 1246 2601 Cori
1266 2579 1287 2602 T
1303 2579 1334 2603 E.

373 2622 390 2659 3
425 2611 616 2663 Minuta]
669 2615 835 2651 Minima.
876 2613 935 2649 An
972 2613 1087 2650 forsan
1111 2614 1263 2664 respexit
1291 2617 1335 2654 ad

319 2663 528 2711 pisciculos:
558 2666 661 2712 quod
682 2665 846 2712 Juvenal.
872 2663 1017 2700 damnat
1044 2676 1120 2702 non
1156 2667 1266 2704 secius
1300 2669 1335 2704 in
2005 2712 2011 2717 ι

318 2713 499 2752 Varrone.
530 2714 683 2752 Cum.
713 2723 839 2753 Ponere
861 2714 908 2753 est
931 2716 1116 2767 adponere
1139 2745 1150 2763 ‚
1180 2726 1218 2755 ut
1243 2719 1354 2770 apud!
1378 2727 1417 2756 ut
1449 2719 1579 2768 legitur
1602 2718 1637 2754 in
1661 2715 1880 2754 membranis
1893 2711 2092 2770 ,Paullmss
2114 2704 2261 2762 nostrae.
2313 2706 2382 2764 Ea-

324 2764 487 2804 Iuvenal.
511 2765 581 2803 Sat.
604 2766 668 2803 xi.
692 2778 741 2804 rs.
766 2766 823 2812 84.
1377 2770 1462 2806 deni
1498 2770 1647 2806 varietas
1681 2768 1869 2814 scripturae
1890 2774 1927 2800 in
1949 2759 2050 2798 simili
2073 2754 2267 2812 significatu
2292 2758 2383 2813 diri-

1379 2820 1488 2858 dendi
1520 2827 1582 2856 aut
1614 2813 1837 2855 distribuendi
1871 2811 1918 2849 est
1949 2807 2044 2865 {pud
2069 2807 2144 2863 QG-
2168 2806 2250 2843 ΧῙῙ-
2275 2807 2382 2856 hpist.

1379 2872 1403 2908 Ι,
1431 2885 1462 2908 ῃ,
1490 2884 1518 2918 ς,
1574 2868 1726 2904 Tabulae
1749 2865 1926 2909 figuntur,
1952 2869 2191 2915 inmunitates
2223 2859 2386 2914 ciamus,

1377 2935 1400 2971 p
1425 2923 1551 2959 cuniae
1588 2918 1768 2954 maximae
1800 2911 2040 2948 dest-ribnntur
2065 2923 2072 2945 :
2102 2910 2159 2945 ubi
2201 2908 2281 2945 vide
2320 2913 2386 2955 iis,

1380 2983 1473 3021 quae
1506 2969 1722 3004 notavimus.
1776 2963 1827 2999 Ita
1861 2961 1974 2998 verbo
2005 2959 2186 3009 describere
2209 2959 2253 2996 de
2277 2959 2387 2997 distri-

323 3023 519 3062 Bitiam.
559 3023 729 3062 Lucanus
762 3025 842 3063 Lib.
875 3025 919 3062 X.
954 3038 1003 3063 vs.
1030 3029 1109 3071 158.
1143 3029 1188 3066 de
1221 3035 1355 3066 coena⁴
1378 3022 1528 3058 butione
1560 3027 1733 3064 aqu-sum
1770 3013 1880 3049 ”fluv
1913 3010 2107 3069 Fspmmus
2140 3011 2186 3067 dc
2222 3010 2387 3066 Aquffi'd·

325 3074 562 3114 Cleopatrae:
1056 3070 1062 3075 '
1351 3059 1456 3112 lA1t.
1481 3065 1712 3107 LXXXVII.
1736 3076 1814 3116 pag.
1840 3077 1915 3113 155.
1939 3062 2154 3102 LdPoiem.
2186 3061 2389 3149 Rellitgcn-

420 3115 432 3123 ⁶
2323 3123 2384 3150 um

1429 2621 1476 2652 Et
1497 2614 1599 2653 -certis
1622 2614 1782 2664 discripta
1806 2614 1927 2652 nitent
1943 2608 2132 2660 regionibus
2150 2604 2244 2652 astra
2260 2633 2270 2649 ,

370 2897 420 2930 Et
444 2893 653 2930 natalitium
677 2896 830 2944 cognatis
854 2906 994 2944 ponere
1017 2895 1158 2934 lardum
