2616 3686
583 188 930 242 LIBER
998 186 1066 233 X.
1133 183 1707 232 EPISTOLA

1775 186 1870 234 111.
2210 212 2304 266 713

185 292 274 336 tur
288 293 409 338 me,
442 283 502 326 ut
527 272 752 324 audeam
776 271 790 294 ¹
820 264 916 318 tibi
938 265 1096 316 etiam
1122 277 1224 332 pro
1248 261 1429 312 amicis
1452 260 1678 330 obligari
1713 284 1727 323 ;
1779 264 1917 316 inter
1944 282 2079 336 quos
2108 269 2199 326 sibi
2222 277 2302 330 vel

183 355 528 427 praecipuum
554 345 739 398 locum
769 339 1008 392 vindicat
1043 335 1323 406 Voconius
1346 334 1736 396 Romanus,ab
1751 337 1970 392 ineunte
1991 357 2160 397 aetate
2176 364 2308 401 con-

183 425 467 494 discipulus
496 420 549 472 <Sc
579 414 977 473 contubernalis
1016 427 1182 464 meus,

1261 407 1473 481 Quibus
1512 426 1579 462 ex
1617 408 1781 463 causis
1820 410 1874 463 &
1912 429 1942 463 a
1971 414 2115 469 Divo
2154 435 2339 488 patrea

179 516 276 556 tuo
307 499 565 570 petieram
585 532 602 555 ,
662 489 898 545 utillum
931 494 949 516 ²
986 487 1040 539 in
1080 481 1452 556 amplissimum
1483 483 1734 537 ordinem
1768 501 2118 555 promoveret
2145 525 2160 550 ,
2209 494 2303 548 sed

178 575 288 630 hoc
306 588 495 626 votum
526 584 707 622 meum
736 564 964 618 [inuitati
1003 577 1123 615 tuae
1155 560 1485 615 reservatum
1521 558 1595 612 est
1618 600 1630 619 ‚
1684 561 1807 630 quia
1852 573 2023 614 mater
2066 554 2303 621 Romani

176 656 191 685 ³
215 649 588 705 liberalitatem
618 641 834 697 sestertii
853 637 1324 711 quadringenti-eS,
1363 633 1517 706 quod
1540 631 1793 688 conferre
1817 634 1870 688 se
1899 634 2012 690 filio
2041 639 2303 693 codicillis

177 839 309 878 militer
332 835 423 875 infra
445 833 555 883 Epist.
572 833 658 871 XII.
696 837 789 870 Cum
819 840 895 867 tam
913 828 1057 877 plenam
1084 825 1203 864 indul·
1229 860 1232 903 9
1268 835 1338 911 {iem
1349 874 1508 924 sestertiis
1527 873 1653 913 dicat?
1683 875 1889 913 Liberalitas
1902 875 2045 926 sestam
2064 880 2301 927 quadringm-

177 891 336 939 gentiam
355 900 430 923 cum
443 896 517 923 tota
527 886 623 922 domo
635 896 711 921 mea
724 883 894 932 experiar.
906 884 944 917 ὅ(
958 878 1067 927 Epist.
1079 878 1199 915 XCV.

176 941 273 986 cujus
293 940 329 976 in
349 936 504 975 omnibus
528 935 695 985 desideriis
717 936 797 972 meis
829 931 1065 980 plenissimam
1083 929 1199 967 indul·

175 990 332 1038 gentiam
351 988 511 1038 experior.
562 987 608 1023 Et
629 987 707 1023 alibi
726 985 891 1023 similiter.
934 977 1117 1029 significat
1137 991 1197 1016 aur

173 1049 250 1079 tem
274 1039 365 1077 hisce
386 1049 441 1076 tot
458 1039 543 1076 locis
570 1038 700 1075 Plinius
721 1065 731 1081 ,
768 1035 900 1073 nullam
931 1041 1092 1079 unquam
1119 1041 1198 1068 rem

175 1099 313 1130 tantam
333 1090 458 1133 tuille,
483 1100 542 1126 aut
566 1096 639 1125 tam
659 1086 806 1125 arduam
827 1113 837 1129 ‚
866 1096 958 1133 quae
980 1082 1041 1120 fibi
1064 1084 1200 1129 petenti

176 1142 283 1180 fuerit
309 1152 329 1177 a
351 1141 388 1178 T
392 1151 515 1187 rajano
547 1139 722 1185 denegata
744 1165 755 1181 ‚
792 1145 981 1184 nunquam
1004 1135 1037 1170 se
1058 1132 1101 1168 ab
1124 1133 1200 1181 ejus

177 1191 373 1240 conspectu
389 1190 522 1228 tristem
542 1188 723 1227 dimiss‘um
747 1184 829 1225 effe.
883 1187 938 1223 Sic
958 1184 1029 1221 aliis
1049 1194 1199 1231 quoque

176 1245 300 1281 multis
318 1243 491 1289 exemplis
512 1239 726 1288 Imperatori
751 1236 908 1275 adscribit
927 1235 1180 1283 indulgentiam
1192 1261 1202 1278 ,

174 1293 372 1342 significans
390 1293 463 1329 hoc
494 1292 604 1328 verbo
633 1289 739 1338 ipfius
771 1285 1057 1325 munificentiam
1079 1312 1089 1329 ,
1127 1283 1201 1322 five

173 1344 417 1383 liberalitatem
439 1343 477 1380 &
500 1341 705 1379 facilitatem
733 1337 916 1376 annuendi
937 1335 1199 1384 desideriissup-

176 1395 399 1444 plicantium.
454 1394 506 1430 lta
540 1395 577 1429 &
600 1392 725 1429 Paulus
749 1391 890 1437 usurpat
911 1389 946 1425 in
969 1389 1048 1435 Leg
1083 1386 1148 1423 Xl.
1174 1388 1201 1424 is

176 1447 253 1485 cui.
279 1445 328 1482 D.
355 1445 400 1482 de
418 1444 513 1481 alim.
538 1444 575 1480 ὃς
597 1443 701 1480 cibar.
721 1441 788 1489 leg.
810 1439 1029 1488 indulgentia
1049 1442 1200 1485 Impera-

176 1498 258 1534 toris
279 1496 463 1546 restitutus.
502 1493 546 1530 Et
578 1493 772 1537 Javolenus
800 1492 836 1528 in
865 1491 944 1538 Leg
976 1491 1030 1526 iii
1078 1488 1124 1524 D.
1154 1488 1198 1525 de

175 1546 290 1585 const.
305 1547 452 1593 Princip.
476 1542 676 1589 Beneficium
699 1542 930 1588 Imperatoris,
956 1540 1045 1588 quod
1065 1551 1087 1573 a
1110 1539 1188 1575 divi

178 1610 227 1634 na
237 1597 362 1647 scilicet
380 1596 449 1642 ejus
472 1593 689 1640 indulgentia
706 1591 925 1641 proficiscitur
939 1617 947 1633 ‚
966 1601 1072 1639 quam
1080 1588 1127 1637 pls
1145 1589 1197 1638 iis

168 1648 300 1698 fimum
320 1645 538 1693 interpretari
556 1643 712 1680 debemus
752 1642 807 1678 Sic
827 1641 976 1678 Tacitus
1003 1639 1069 1688 (an
1084 1639 1205 1686 Quin—

175 1699 370 1746 fflianusi’)
402 1697 560 1743 Dialogo
580 1694 623 1730 de
648 1693 850 1730 Orationib.
872 1691 1117 1727 Laudavimus
1139 1703 1203 1726 nu-

174 1758 253 1798 per,
285 1758 324 1785 ut
342 1748 470 1785 miram
493 1757 535 1785 (7¹
554 1744 716 1782 eximiam
742 1741 926 1791 Vespafiani
944 1741 1205 1784 liberalitatem,

176 1801 272 1850 quod
295 1798 547 1849 quinquaginta
561 1794 712 1845 sestertia
734 1794 826 1842 BaJJc'i
846 1791 996 1841 donasset
1036 1793 1203 1828 Pulcrum

179 1851 221 1888 id
239 1850 377 1900 quidem
399 1877 409 1893 ,
446 1846 706 1895 indulgentiam
732 1843 887 1893 1¹rincipis
907 1842 1035 1890 ingenio
1056 1843 1200 1885 mereri,

182 1910 252 1940 wc.
286 1900 347 1936 Est
373 1907 496 1937 autem
533 1895 750 1945 indulgentia
769 1895 988 1932 vocabulum
1011 1892 1198 1936 medium,

180 1958 221 1987 ut
244 1957 376 1987 vocant
405 1948 652 1986 Gramma-tici.
676 1944 868 1995 aliquando
897 1945 995 1981 enim
1028 1943 1136 1980 etiam
1163 1943 1201 1980 in

182 2001 316 2038 malam
338 2008 474 2048 partem
495 2000 663 2036 sumitur:
692 2006 728 2034 ut
744 2025 752 2037 .
773 1996 912 2032 Blanda
929 2003 1074 2044 patrum
1087 1994 1202 2042 segnes

169 2051 265 2098 facit
284 2050 498 2098 indulgentia
519 2060 627 2086 natos.
654 2045 760 2085 Gloss
785 2054 846 2084 vet
880 2046 1060 2092 Indulgens
1077 2071 1086 2087 ‚
1102 2048 1203 2091 φιλο-

179 2117 316 2150 ςορψος.
342 2102 543 2149 indulgetur
554 2129 563 2142 ‚
574 2097 822 2144 Sadasalverm.
852 2097 883 2133 R
897 2110 909 2133 i
924 2108 950 2132 Τ
963 2108 989 2132 Τ
1004 2109 1017 2130 i,
1032 2107 1055 2132 R
1073 2107 1086 2130 s
1101 2107 1122 2130 H
1133 2108 1158 2131 u
1172 2109 1201 2133 s.

240 2164 271 2190 t.
298 2151 368 2189 :ribi
385 2151 486 2189 etiam
500 2163 556 2199 pro
573 2149 692 2187 amicis
709 2147 848 2196 obligari
867 2147 882 2197 ‘l
922 2143 1129 2192 Metalepi‘is
1150 2146 1199 2183 est

181 2201 454 2252 consequentis.
482 2201 506 2238 h
529 2213 562 2239 e.
588 2212 653 2248 pro
674 2201 795 2237 amicis
820 2197 991 2236 beneficia
1014 2204 1137 2245 petere
1162 2198 1199 2233 ὃ(

178 2254 228 2291 ita
247 2265 376 2290 eorum
397 2253 546 2289 nomine
563 2252 623 2289 tibi
642 2249 796 2296 obligari.
832 2249 935 2286 Infra
958 2246 1064 2292 Epist.
1084 2245 1205 2283 XXII.

182 2314 208 2341 n
242 2316 276 2342 2.
308 2310 359 2341 De
379 2316 447 2352 qua
468 2301 662 2349 ignorantia
682 2313 756 2335 mea
778 2311 843 2335 non
865 2312 1003 2349 queror,
1027 2306 1085 2346 per
1095 2310 1201 2346 quam

171 2355 291 2402 stetit,
319 2366 357 2391 ut
377 2355 437 2390 nbi
455 2363 520 2400 pro
538 2352 649 2388 eodem
672 2351 802 2386 homine
814 2349 947 2398 saepius
971 2349 1141 2396 obligarer

233 2417 267 2441 2.
295 2410 338 2441 In
368 2403 609 2452 ampliffimum
625 2399 817 2448 ordinem]
849 2398 1081 2446 Ampliffimus
1098 2399 1177 2435 ordo
1193 2426 1202 2440 ,

185 2456 224 2493 &
245 2455 301 2493 hic
318 2482 329 2499 ,
359 2457 394 2490 &
420 2454 496 2491 alibi
526 2452 658 2488 Nostro
682 2478 693 2494 ‚
721 2450 923 2486 senatorius
942 2449 989 2485 est
1013 2476 1022 2488 ,
1058 2448 1102 2485 de
1126 2459 1202 2496 quo

183 2506 221 2543 δε
244 2506 342 2553 supra
365 2505 442 2541 alibi
474 2504 697 2540 monuimus.
751 2500 800 2536 Ita
825 2500 862 2536 ὃ(
888 2499 1078 2536 Suetonius
1097 2507 1203 2536 vocat

183 2556 338 2593 Othone
361 2567 435 2602 cap.
458 2553 559 2589 VIII,
590 2555 626 2589 ὅ(
648 2549 864 2598 Vespasiano
886 2549 1018 2597 capit.
1046 2548 1204 2586 Pruden-

182 2605 233 2643 tio
252 2606 475 2644 Excellentior
492 2604 570 2640 ordo
594 2603 719 2640 dicitur
742 2603 856 2649 priore
878 2600 913 2637 in
940 2599 1201 2646 Symmachum

184 2654 233 2694 V.
260 2655 452 2695 DLXXII.
489 2653 647 2702 reipeecu
675 2652 840 2700 equestris
865 2651 902 2686 δε
936 2649 1070 2697 plebeji.
1106 2650 1202 2686 Ade-

187 2710 348 2746 nantium
372 2705 578 2744 notavimus
596 2706 667 2752 jam
693 2703 778 2739 olim
796 2703 854 2742 ,ὃς
874 2700 1028 2736 absolute
1050 2700 1203 2736 ordinem

189 2755 233 2794 de
254 2758 384 2796 Senatu
404 2769 422 2794 a
448 2756 597 2793 l’ublitio
628 2754 827 2802 optatiano
858 2750 938 2788 dici.
988 2750 1203 2793 Cuiusmodi

2238 714 2307 769 ad

1296 823 1459 862 uentium
1480 822 1655 861 attendas.
1706 823 1805 861 Nam
1824 823 1921 863 salva
1943 837 1986 864 ea
2007 826 2085 876 quis
2107 826 2304 866 liberalita-

1268 927 1350 969 ties‚
1380 926 1504 963 dicitur
1529 953 1540 969 ,
1579 936 1674 974 quae
1698 933 1795 962 tanta
1826 927 1966 964 sumina
1988 935 2136 966 conitat.
2191 929 2244 968 Ut
2270 930 2297 968 si

1267 986 1334 1023 pro
1350 976 1412 1013 illis
1437 975 1548 1032 serbis
1569 987 1607 1012 in
1632 977 1754 1014 Attico
1775 977 1923 1025 Nepos,
1951 979 2124 1030 universos
2136 981 2305 1026 frumen-

1267 1036 1300 1081 to
1323 1027 1494 1071 donavit,
1514 1036 1565 1064 ita
1584 1037 1623 1063 ut
1636 1026 1782 1076 singulis
1790 1029 1853 1077 sex
1873 1029 1978 1066 modii
1988 1030 2095 1067 tritici
2104 1030 2299 1078 darentur,

1266 1084 1312 1113 ita
1336 1075 1512 1126 scripsisset
1530 1092 1541 1120 ;
1573 1088 1614 1114 ut
1626 1077 1776 1127 singulos
1787 1079 1851 1127 sex
1876 1079 2066 1116 modiorum
2090 1081 2197 1118 tritici
2217 1082 2300 1121 libe-

1266 1127 1412 1183 ralitate
1426 1133 1691 1178 prosequentum
1741 1128 1839 1167 Nam
1870 1137 2009 1167 veteres
2044 1134 2103 1167 hoc
2125 1133 2300 1181 qitadrt'n-

1262 1189 1390 1234 genties
1409 1207 1420 1223 ,
1451 1178 1554 1225 hujus
1572 1179 1851 1229 quadringenties
1871 1181 1909 1217 &
1929 1179 1976 1217 sic
2007 1180 2175 1230 deinceps
2197 1211 2207 1228 ,
2235 1185 2295 1223 sub

1265 1231 1378 1286 ligura
1403 1231 1562 1267 nominis
1587 1258 1597 1274 ‚
1637 1239 1674 1267 ut
1693 1231 1758 1267 alia
1780 1231 1887 1280 hujus
1923 1232 2063 1278 generis
2096 1231 2263 1272 adverbia
2285 1249 2296 1274 ι

1264 1288 1354 1336 item
1368 1280 1558 1328 sestertius,
1587 1281 1827 1330 &sestertium
1842 1310 1851 1325 ,
1872 1280 2050 1330 adjecsstive
2063 1309 2073 1326 ,
2100 1290 2140 1320 ut
2160 1285 2300 1324 techni-

1267 1341 1298 1388 ci
1321 1332 1522 1380 loquuntur
1544 1359 1553 1375 ‚
1581 1331 1744 1370 dicebant
1764 1346 1775 1376 ;
1816 1332 1861 1370 de
1883 1344 1958 1382 quo
1981 1333 2100 1370 multis
2121 1334 2299 1383 Josephus

1269 1381 1419 1437 §.caliget
1439 1381 1673 1419 eruditiffimo
1694 1383 1738 1420 de
1768 1394 1805 1420 re
1830 1385 2035 1421 nummaria
2055 1383 2301 1424 Commenta-

1267 1441 1321 1468 rio
1342 1432 1462 1470 docet.
1514 1432 1704 1478 Sestertium
1721 1433 2022 1483 quadringenties,
2047 1433 2190 1472 summa
2212 1436 2300 1476 dic-i-

1268 1489 1325 1518 tur
1347 1510 1365 1539 ,q
1395 1494 1487 1532 quae
1509 1484 1798 1533 quadiingenties
1827 1493 1977 1522 centum
2007 1485 2103 1523 mille
2123 1485 2300 1527 sestertios

1269 1536 1500 1589 continebat,
1528 1536 1590 1583 qui
1618 1546 1803 1572 ioooooo.
1832 1535 2040 1573 Coronatos
2070 1535 2216 1576 faciunt.
2245 1539 2298 1578 Ita

1269 1594 1368 1621 enirn
1392 1594 1532 1623 veteres
1554 1584 1722 1622 adverbia
1741 1585 1993 1633 amplificativa
2019 1614 2030 1631 ,
2061 1597 2155 1635 quae
2185 1600 2298 1627 voca-

1268 1634 1377 1680 bant,
1407 1644 1445 1673 ut
1463 1635 1542 1673 sunt
1559 1636 1681 1679 decies,
1709 1636 1846 1680 centies,
1873 1636 1995 1674 millies
2018 1665 2028 1682 ,
2058 1648 2128 1676 eac.
2155 1638 2298 1688 usurpa-

1270 1683 1364 1740 bant.
1418 1686 1487 1724 Sed
1507 1687 1562 1724 illa
1583 1687 1725 1724 summa
1745 1697 1830 1722 cum
1852 1685 1891 1723 fit
1918 1689 2114 1726 immanior
2133 1715 2143 1731 ,
2182 1701 2294 1739 quam

1268 1735 1460 1774 liberalitati
1496 1736 1676 1785 Equestris
1704 1736 1837 1773 ordinis
1868 1737 2055 1774 foeminae
2084 1749 2178 1786 quae
2205 1752 2296 1779 con-

1268 1795 1391 1832 gruat;
1420 1787 1523 1835 plane
1544 1785 2013 1834 persuadeor,mendosum
2034 1786 2104 1826 efle
2125 1790 2223 1827 hunc
2239 1792 2298 1829 lo-

1267 1846 1352 1874 cum
1368 1866 1378 1881 ,
1406 1846 1444 1874 ut
1463 1837 1578 1884 plures
1599 1838 1685 1874 alios
1705 1836 1799 1885 apud
1818 1837 1982 1875 auctores
2004 1865 2015 1882 ,
2052 1839 2111 1877 ubi
2133 1842 2302 1881 summae-

1266 1887 1477 1936 hujusmodi
1497 1887 1754 1936 exprimendae
1773 1896 1882 1926 erant.
1937 1890 2029 1926 Rem
2050 1889 2221 1938 cogitanti
2244 1902 2299 1931 at-

1266 1940 1420 1993 tentius,
1447 1939 1605 1986 suspicari
1625 1939 1711 1976 subit
1728 1938 1812 1975 illud
1824 1939 1984 1988 sestertiis
2005 1962 2021 1982 ,ν
2044 1941 2143 1987 quod
2165 1943 2230 1979 suis
2252 1944 2291 1981 in

1262 1988 1352 2027 libris
1376 1992 1574 2026 catanaeus
1592 1990 1781 2026 invenerat
1805 2017 1815 2032 ,
1855 2000 1982 2027 verum
2012 1988 2287 2042 fincerumque;

1263 2038 1418 2077 alterum
1442 2051 1553 2083 vero,
1581 2039 1856 2089 quadringenties
1875 2067 1884 2083 ,
1922 2049 2133 2088 corruptum
2165 2054 2207 2080 ac
2235 2045 2294 2082 in-

1264 2091 1481 2139 terpolatum
1503 2088 1573 2128 effe
1598 2103 1643 2128 ex
1665 2090 1923 2140 quadringentis
1937 2091 2080 2140 ,itaque
2101 2092 2289 2132 restituen-

1265 2139 1352 2177 dum
1371 2142 1468 2179 hunc
1486 2141 1610 2178 locum
1634 2154 1643 2178 ι
1680 2149 1804 2178 tamen
1827 2168 1835 2182 ‚
1872 2149 1911 2178 ut
1943 2142 2160 2189 praepositio
2188 2146 2223 2181 in
2242 2148 2291 2182 τώ·

1259 2190 1420 2240 sestertiis
1440 2219 1450 2236 ,
1480 2202 1746 2241 praeponatur,
1783 2202 1877 2240 quae
1907 2191 2080 2230 haetenus
2100 2194 2135 2230 in
2159 2185 2288 2233 ultimo

1267 2243 1456 2280 elemento
1494 2241 1741 2291 praecedentis
1775 2241 1940 2279 dictionis
1964 2271 1973 2285 ‚
2009 2242 2253 2283 liberalitatem
2277 2274 2290 2291 ‚

1269 2293 1367 2331 latuit
1388 2293 1559 2342 absorpta.
1613 2294 1739 2339 Quare
1757 2299 1877 2328 totum
1902 2292 2023 2329 locuni
2046 2294 2091 2329 ita
2112 2294 2292 2333 refluen-

1266 2342 1354 2380 dum
1374 2344 1543 2381 arbitror:
1573 2344 1654 2392 quia
1679 2352 1789 2378 mater
1810 2342 1961 2379 Romani
1978 2342 2223 2382 liberalitatem
2251 2346 2288 2384 in

1258 2393 1416 2441 fi’fl'ertiis
1436 2393 1699 2441 quadringentis
1719 2405 1761 2431 εἴ
1783 2393 1937 2428 nondum
1958 2393 2042 2438 satis
2060 2394 2205 2441 legitime
2216 2406 2290 2435 tier-

1266 2454 1388 2492 egerat.
1443 2444 1646 2481 Liberalitas
1676 2442 1889 2491 inseslertiis
1907 2442 2074 2490 sexcentis
2095 2471 2105 2486 ,
2140 2445 2188 2483 est
2210 2447 2288 2484 sex.

1265 2502 1455 2531 centorum
1476 2494 1719 2531 Iestertiorum.
1776 2494 1826 2530 Ut
1851 2505 1890 2530 ea
1927 2504 2016 2530 voce
2043 2505 2118 2530 non
2148 2496 2289 2536 sestertii

1264 2546 1407 2582 nummi
1428 2544 1579 2582 totidem
1605 2543 1686 2588 ,sed
1700 2542 1854 2581 totidem
1872 2542 2020 2582 sestertia
2041 2545 2291 2594 intelligantur.

1265 2596 1404 2633 Dicitur
1424 2596 1520 2632 enim
1533 2595 1722 2643 ftsterttum
1744 2594 1878 2632 Latinis
1898 2594 2059 2638 summa,
2087 2587 2291 2644 quaemme'

1264 2647 1425 2684 nummis
1455 2645 1614 2683 sestertiis
1644 2644 1900 2682 aestimabatur.
1964 2645 2086 2693 ltaque
2116 2646 2287 2693 quadrin-

1261 2706 1368 2745 genta
1406 2696 1556 2733 sestertia
1579 2723 1589 2738 ‚
1626 2695 1779 2733 totidem
1811 2695 1917 2732 millia
1946 2707 2139 2732 nummum
2163 2724 2171 2736 .
2212 2696 2288 2735 sive

1267 2759 1391 2785 10000
1429 2747 1637 2783 Coronatos
1657 2745 1825 2783 efficiunt.
1862 2745 1973 2781 Simili
1992 2746 2128 2782 ratione
2151 2746 2290 2785 Eume·

193 2811 349 2856 exempla
371 2812 407 2845 ἃ
429 2808 464 2844 in
491 2806 665 2843 veteribus
692 2801 974 2850 insiriptionibus
997 2811 1070 2836 non
1094 2811 1204 2847 pauca
1262 2798 1340 2835 nius
1366 2796 1503 2833 Rhetor
1519 2797 1739 2844 Panegyrico
1756 2795 1800 2833 de
1817 2794 2068 2832 restauratione
2081 2796 2300 2836 scholarum

196 2856 474 2901 observavimus,
486 2856 544 2894 sed
563 2858 601 2895 in
623 2854 794 2906 praesenti
810 2851 1019 2890 omittenda.
1047 2850 1072 2886 Β
1087 2863 1109 2886 υ
1126 2861 1149 2886 c
1165 2862 1198 2886 H·

197 2915 223 2942 Ν
237 2917 254 2942 F
269 2919 305 2945 a.

1281 2853 1546 2884 xlaenianarum
1573 2845 1835 2894 praepositione
1853 2845 1890 2881 in
1912 2844 1990 2881 usus
2009 2845 2119 2883 scribit
2140 2859 2148 2884 :
2187 2849 2288 2884 sala-

1269 2898 1359 2934 rium
1381 2910 1433 2933 me
1450 2895 1665 2941 liberalissimi
1687 2896 1854 2934 Principes
1873 2907 1913 2931 ex
1933 2895 2035 2943 hujus
2058 2898 2141 2945 Reip.
2151 2898 2287 2936 viribus

248 2966 282 3004 3.
309 2957 559 2997 Liberalitatem
572 2956 712 3006 sestertii
723 2952 996 3005 quadringenties
1019 2951 1036 3000 ]
1056 2950 1156 2988 Bene
1168 2950 1214 2986 ita
1269 2949 1304 2984 in
1334 2947 1505 2984 sexcentis
1530 2946 1679 2983 millibus
1709 2956 1906 2983 nummum
1939 2946 2081 2994 accipere
2102 2947 2287 2996 jufferuma

198 3007 243 3046 ab
260 3010 404 3055 optimo.
417 3009 574 3045 Gerutero
595 3007 730 3045 editum
748 3018 768 3048 ;v
802 3005 919 3041 minus
948 3004 1040 3039 bene
1068 3014 1088 3038 a
1108 3002 1214 3038 Cata·

200 3067 294 3097 11an
316 3085 328 3103 ‚
361 3056 510 3104 sestertiis
531 3086 542 3104 ,
575 3057 601 3096 fi
630 3054 929 3096 rationem‘reiste
950 3054 987 3092 ὅ(
1010 3053 1141 3090 Latine
1163 3052 1217 3089 lo·

1271 2997 1445 3035 Salarium
1465 2997 1502 3033 in
1513 2996 1680 3046 sexcentis
1697 2996 1847 3033 millibus
1861 3023 1870 3037 ‚
1882 3006 1949 3041 pto
1961 2996 2299 3045 sexcentorummil-·

1272 3049 1357 3087 lium
1378 3059 1560 3087 nummum
1581 3074 1593 3093 ,
1628 3047 1753 3137 utjlgic.
1769 3046 1960 3084 liberalitas
1978 3047 2182 3098 inftstertiis
2201 3062 2293 3138 gua-

1725 3108 1747 3134 x
1759 3108 1782 3135 x
1793 3108 1815 3134 X
1843 3107 1864 3134 2
2226 3104 2301 3138 rmu'
