2616 3686
520 166 859 238 Ltn'ER
926 178 1030 229 IV.
1095 179 1662 235 EPISTOLA
1731 191 1904 242 xvii.

2153 213 2244 262 293

147 281 331 330 eontra
363 267 431 324 C.
471 265 486 287 ¹
520 263 815 320 Caecilium
843 298 860 323 ,
903 257 1174 313 consulem
1209 258 1555 329 designatum.
1592 261 1767 335 ‘Quod
1795 268 2050 322 admones
2077 305 2092 330 ,
2131 289 2245 339 gra-

146 347 242 400 tias
286 356 428 412 ago:
476 335 626 411 quod
676 351 868 404 rogas,
918 347 1136 400 queror.
1191 331 1468 386 admoneri
1527 337 1666 389 enirn
1707 336 1885 390 debeo
1914 376 1925 396 .
1966 355 2018 391 ut
2060 343 2245 407 sciam,

143 423 163 443 ι
182 416 353 485 rogari
381 429 489 465 non
520 409 726 469 debe0,
749 419 806 459 ut
836 402 1024 457 faciam
1043 440 1060 464 ,
1089 404 1238 471 quod
1275 404 1401 458 mihi
1429 421 1535 459 nori
1562 405 1738 460 facere
1773 408 2127 478 turpiffimum
2155 417 2244 469 est,

138 488 227 540 An
265 503 371 557 ego
415 482 551 537 tueri
593 479 795 533 Corelli
832 475 990 530 filiam
1032 475 1274 531 dubitem
1309 477 1326 529 ?
1378 475 1468 530 Est
1503 479 1724 547 quidem
1767 481 1891 533 milii
1934 498 2056 533 cum
2118 486 2242 550 isso,

140 575 323 612 contra
355 573 516 626 quem
543 568 628 605 me
655 549 672 576 ³
692 550 951 608 advocaS,
984 545 1003 570 ⁴
1028 563 1136 600 non
1163 548 1315 617 plane
1343 548 1604 604 familiaris
1623 589 1635 612 ,
1663 550 1751 604 sed
1785 568 1962 605 tamen
1997 554 2240 612 amicitia⁴

140 630 367 684 Accedit
411 629 512 680 huc
553 622 776 690 dignitas
814 619 1043 674 hominis
1067 659 1083 681 ‚
1133 625 1145 651 ⁵
1189 633 1351 688 atque
1388 620 1472 674 liic
1511 623 1618 691 ipse
1645 661 1660 684 ‚
1699 625 1785 677 cui
1829 624 2112 678 destinatus
2138 628 2246 691 est,

140 702 343 755 honor:
379 695 522 767 cujus
549 693 699 747 nobis
723 693 825 745 hoc
851 695 870 718 ⁶
896 690 1060 760 major
1090 691 1336 746 habenda
1365 695 1661 747 reverentia
1686 695 1760 748 est
1788 734 1804 758 ,
1855 696 2005 767 quod
2025 696 2130 766 jam
2156 701 2246 754 1110

140 773 303 828 funeli
329 772 514 824 sumuS.
553 771 570 797 ⁷
607 764 856 818 Naturale
887 762 960 815 est
985 764 1126 816 enim
1145 801 1161 826 ‚
1200 779 1254 817 ut
1281 783 1368 826 ea,
1406 760 1423 785 ⁸
1450 783 1584 834 quae
1613 768 1730 835 quis
1757 769 1974 836 adeptus
2004 769 2075 821 est
2102 769 2242 840 ipse,

137 860 293 970 guam
320 838 625 909 amplissima
650 845 669 869 ⁹
695 835 978 889 existimari
1005 837 1145 889 velit.

189 913 330 967 orelli
369 912 502 965 filiae
530 949 545 973 ,
596 908 774 962 omnia
813 907 903 961 ista
942 919 976 940 ¹0
1008 906 1201 977 frigida
1243 909 1297 961 &
1353 910 1523 962 inania
1575 909 1842 965 videntur.

1223 836 1328 889 Sed
1358 835 1484 890 mihi
1511 840 1765 906 cogitanti
1810 839 2121 893 adfuturum
2160 862 2245 898 me

1917 911 2246 972 Obversatur

138 985 298 1040 oculis
329 985 416 1038 ille
454 985 533 1038 vir
559 1018 576 1045 ‚
624 996 736 1053 quo
776 979 1050 1036 nerninem
1091 994 1229 1034 aetas
1261 980 1489 1035 noilra¹¹
1519 984 1851 1053 graviorem,
1896 985 2242 1062 sanctiorem,

179 1211 196 1239 1
226 1203 268 1237 C.
286 1194 516 1245 Caecilium]
544 1195 688 1234 Multos
710 1195 877 1234 Caecilios
898 1206 964 1245 per
984 1195 1040 1234 illa
1052 1203 1148 1234 tem·

127 1261 216 1299 pora
227 1248 328 1288 fuiffe
339 1250 420 1297 lego
438 1277 448 1293 ,
476 1257 515 1286 ut
535 1247 662 1285 Caecil.
690 1249 861 1285 Secundus
877 1275 887 1291 ,
900 1247 944 1284 de
957 1258 1034 1296 quo
1048 1248 1149 1284 Mar-

124 1300 222 1338 tialis.
269 1300 462 1337 Caecilium
497 1299 686 1347 simplicem
721 1307 882 1336 creatum
917 1297 1103 1335 consulem
1127 1309 1146 1334 a

122 1349 285 1390 Vitellio.
336 1349 532 1387 Caecilium
556 1349 709 1386 Celerem
725 1377 735 1392 ‚
762 1350 864 1396 cujus
885 1347 989 1395 supra
1011 1350 1148 1386 Secun-

122 1398 188 1439 dus
211 1402 441 1439 mentionem
474 1399 567 1436 fecit.
620 1399 720 1437 Nam
744 1398 936 1436 Caecilium
960 1397 1145 1445 Clafficum

120 1449 180 1488 hic
204 1447 413 1489 intellexisse
437 1451 593 1485 omnino
616 1452 840 1496 negaverim.
867 1447 1064 1485 Caecilium
1076 1455 1147 1485 Ru-

116 1499 235 1548 finum
266 1500 392 1538 senatu
421 1499 540 1535 movit
571 1499 806 1535 Domitianus
837 1497 962 1533 censor
987 1524 997 1539 ,
1044 1499 1146 1546 quod

122 1549 281 1588 saltasset.
309 1549 456 1585 Caecilio
480 1547 625 1584 Proculo
641 1544 845 1593 rescripsisse
872 1547 1014 1582 Divum
1037 1548 1145 1584 Pium

122 1600 271 1639 testatur
302 1600 489 1647 Ulpianus.
543 1596 685 1634 Caecilii
717 1596 870 1633 rhetoris
902 1596 1070 1634 meminit
1093 1598 1145 1634 A-

121 1652 299 1689 thenaeus
314 1678 324 1694 ,
355 1651 393 1687 ὃ(
415 1648 557 1696 plurimi
583 1647 700 1683 adhuc
724 1655 845 1684 extant
870 1646 906 1682 in
919 1656 1145 1684 monumen-

121 1703 166 1739 tis
188 1701 400 1739 Insubrium.
431 1699 464 1735 C
479 1711 498 1733 Α
515 1710 536 1734 ·r
554 1710 573 1733 A
590 1709 626 1732 N.
655 1697 780 1733 Oxon.
795 1698 832 1734 &
847 1694 946 1732 Voff.
967 1707 1089 1733 contra
1102 1704 1142 1735 C.

124 1752 293 1791 Caelium
317 1764 368 1786 cos
389 1749 445 1785 des
467 1776 476 1792 ,
531 1747 607 1784 uod
631 1747 814 1796 Gryphius
834 1747 873 1783 in
894 1747 1055 1794 margine
1080 1760 1142 1785 ex-

121 1800 219 1840 hibet
232 1830 242 1845 ,
273 1805 366 1839 &ex
390 1800 463 1836 aliis
483 1799 513 1835 Ῑν
533 1800 610 1835 inos
631 1799 786 1836 notavit.

173 1863 193 1886 2
222 1852 348 1899 Rogari
373 1862 442 1885 non
466 1848 562 1886 debeo
588 1877 596 1891 ‚
624 1859 663 1884 ut
677 1845 852 1895 faciam]
894 1847 949 1886 Sic
969 1847 1138 1888 meliores

122 1897 225 1943 libri,
255 1903 292 1937 ὃς
323 1901 431 1936 habet
463 1899 524 1936 ista
554 1898 665 1935 Verbi
689 1899 827 1936 iteratio
851 1896 950 1934 suam
972 1899 1139 1937 venusta·

121 1957 198 1985 tem
214 1978 223 1993 ,
251 1960 289 1986 ut
315 1949 469 1986 indicavi
500 1949 544 1986 ad
575 1948 654 1985 Lib.
679 1947 744 1986 111.
768 1947 874 1996 Epist.
897 1946 1001 1984 XVI.
1025 1961 1059 1986 n.
1085 1963 1138 1989 11.

120 1998 269 2036 Potestis
291 1999 380 2035 enim
396 1998 516 2046 efficere
529 2028 544 2044 ,.
560 2009 601 2035 ut
619 2000 711 2036 male
733 1999 862 2036 moriar
876 2026 886 2043 ‚
913 2009 952 2035 ut
977 2012 1045 2036 non
1067 2012 1139 2037 mo-

120 2048 194 2083 riar
218 2078 226 2093 ‚
256 2061 331 2086 non
360 2049 513 2097 potestis.
553 2050 744 2097 Perpetam
779 2051 902 2098 itaque
938 2048 1136 2090 Helmstad.

120 2097 232 2135 Arnz.
259 2102 295 2137 8(
316 2100 379 2137 Ed.
403 2100 488 2137 Vet.
505 2099 618 2148 rogari
643 2112 734 2144 non,
763 2113 802 2138 ut
819 2101 970 2147 faciam.

169 2160 188 2195 3
221 2151 400 2186 Advocas.
422 2148 434 2197 Ἰ,
464 2150 762 2188 Advocationem
783 2162 906 2188 meam
930 2161 996 2199 pro
1017 2151 1135 2190 Core-

117 2197 162 2236 lia
192 2201 290 2247 petis.
318 2199 554 2237 Advocainur
584 2201 682 2237 enim
717 2201 831 2238 daturi
865 2201 1136 2249 patrocinium,

117 2249 284 2296 Agrestio
307 2249 480 2288 tradente.
511 2251 611 2288 Car
629 2263 702 2287 au.
739 2250 950 2299 Advocas.]
993 2252 1049 2290 Sic
1071 2254 1135 2289 Se-

115 2309 206 2336 neca
232 2300 308 2336 Lib.
334 2300 361 2336 1.
381 2300 425 2338 de
450 2301 656 2339 Clementia
677 2311 755 2350 cap.
782 2301 844 2339 [X.
885 2307 1022 2338 Contra
1046 2308 1135 2339 Cae-

110 2348 229 2397 sarem
255 2351 440 2388 advocare.
473 2350 575 2400 quod
609 2352 760 2400 explicat
793 2350 962 2400 Lipsius,
990 2350 1132 2396 adesse,

117 2401 257 2437 caulam
280 2412 396 2449 agere.
424 2402 483 2439 De
507 2413 577 2450 qua
599 2400 717 2438 Phrasi
755 2401 839 2439 vide
875 2400 1010 2439 Clariss.
1035 2401 1133 2438 Gro-

118 2453 272 2489 noviuin
297 2452 385 2488 Not.
409 2453 454 2489 ad
476 2453 544 2489 loc.
567 2453 628 2489 cit.
652 2452 810 2490 VEENH.
837 2451 979 2490 Eadem
994 2453 1134 2489 ratione

118 2498 196 2539 aiibi
226 2499 333 2548 adeffie
365 2514 488 2538 contra
518 2515 619 2550 quem
654 2499 767 2547 dixit,
795 2513 909 2551 quam
932 2500 1135 2539 dictionem

120 2548 164 2586 ad
184 2551 264 2588 Lib.
289 2551 315 2587 l.
339 2551 596 2590 illustravimus.

168 2613 191 2647 4
218 2607 294 2637 Non
314 2601 417 2648 plane
442 2601 657 2640 familiaritas
672 2632 682 2647 ,
706 2603 766 2648 sed
783 2614 906 2640 tamen
928 2601 1131 2651 amicitia]

125 2646 225 2687 l-iaec
247 2659 319 2688 erat
340 2652 491 2701 vulgaris
516 2653 692 2702 scriptura.
722 2653 802 2690 Nos
826 2664 914 2689 vero
938 2664 983 2689 ex
1004 2654 1134 2701 proba-

126 2697 254 2738 tiffimis
278 2701 397 2739 Codd.
421 2702 593 2741 Mediceo
617 2705 655 2740 ὅ(
681 2703 842 2740 Riccard.
864 2704 973 2750 longe
1004 2704 1134 2751 proba-

128 2744 283 2787 biliorem
303 2752 540 2799 produximus
565 2766 573 2789 :
613 2767 681 2789 non
698 2754 801 2802 plane
828 2752 1006 2790 familiaris
1030 2781 1040 2797 ,
1070 2755 1135 2802 sed

133 2803 247 2834 nmen
265 2802 426 2840 amicitia.
453 2803 506 2841 Ita
527 2804 645 2841 Plinio
670 2804 881 2841 familiarem
916 2804 1133 2851 elegantiam

135 2843 307 2900 reddimus
328 2878 339 2894 ,
374 2852 417 2890 de
449 2865 520 2903 qua
552 2853 598 2891 ad
621 2854 700 2891 Lib.
726 2853 752 2890 I.
776 2853 884 2901 Epist.
909 2853 991 2889 XX.
1018 2866 1052 2890 n.
1077 2868 1134 2904 ις.

137 2892 265 2948 δίῠίτιῴ.
285 2897 348 2936 Ill.
370 2901 472 2950 Epist.
496 2904 562 2941 IV.
585 2916 617 2941 n.
641 2917 673 2953 5.
723 2904 921 2940 familiaris
942 2913 1066 2941 autem
1095 2919 1136 2942 a-

136 2952 262 2997 micula
283 2945 401 2986 dicitur
415 2980 425 2996 ,
450 2962 488 2991 ut
502 2954 698 2999 familiaris
719 2967 851 2991 amtcus
865 2953 959 3002 apud
975 2955 1134 2993 Gellium

136 2991 216 3029 le·
241 2992 319 3031 XV·
341 3008 413 3046 cap.
434 3002 612 3041 XXVIII.
645 3007 755 3054 princ.
809 3005 991 3042 Cornelius
1026 3012 1134 3054 Nepos

137 3051 182 3090 9*
214 3053 330 3082 ”rum
366 3054 537 3105 msmm'ae
572 3067 642 3094 non
675 3054 856 3107 indiligens
883 3066 926 3106 w
955 3059 1011 3108 M.
1039 3058 1136 3097 cice-

2126 1058 2248 1114 sub..

1213 1195 1333 1240 ronis,
1360 1206 1402 1234 ut
1431 1195 1491 1246 qui
1517 1196 1700 1243 maxime,
1729 1199 1868 1236 amicus
1895 1196 2076 1235 familiaris
2095 1196 2186 1244 fuir.

1270 1260 1286 1295 ς
1318 1247 1445 1296 Atque
1477 1249 1537 1285 hic
1569 1249 1634 1297 ipse
1659 1265 1669 1284 .·
1711 1249 1935 1287 Mediceus:
1973 1248 2019 1285 ad
2052 1248 2125 1285 hoc
2158 1248 2249 1296 ipse,

1218 1297 1321 1344 quod
1353 1299 1416 1336 vix
1450 1309 1517 1346 pro
1548 1298 1680 1336 librarii
1710 1309 1862 1348 peccato
1892 1299 2110 1342 habuerim,
2140 1311 2181 1336 ac
2202 1311 2253 1339 ne

1219 1347 1282 1382 vix
1305 1348 1470 1397 quidem.
1497 1349 1626 1389 Minos
1649 1351 1759 1387 etiam
1781 1351 1817 1387 in
1841 1351 2005 1398 margine
2028 1348 2185 1387 exhibet.

1267 1398 1291 1433 6
1320 1399 1439 1436 Maior
1467 1399 1607 1446 agenda
1639 1399 1838 1436 reverentia
1869 1399 1923 1447 est.
1946 1401 1960 1449 j
1991 1399 2184 1438 Mediceus
2211 1402 2254 1440 ὅ(

1223 1447 1420 1486 Lindenbr.
1452 1449 1617 1486 habenda
1655 1451 1854 1486 reverentia
1877 1449 1947 1495 est,
1975 1449 2181 1494 veriffime,
2209 1459 2251 1490 ut

1220 1497 1277 1534 alii
1325 1498 1491 1536 adhibere
1518 1501 1557 1536 δε
1592 1498 1754 1536 exhibere
1790 1501 2028 1536 reverentiam
2068 1499 2261 1540 dixerunt..

1220 1547 1276 1584 Sic
1308 1547 1477 1585 habemus
1501 1547 1659 1595 studium
1685 1577 1696 1594 ‚
1723 1562 1845 1586 curam
1870 1577 1880 1593 ,
1908 1548 2071 1586 honorem
2088 1577 2098 1594 ‚
2115 1550 2252 1599 fillici-

1219 1598 1502 1685 {udinemffnnlec
1525 1600 1685 1638 inultum
1706 1599 1891 1639 diversum
1908 1599 1960 1638 est
1981 1600 2068 1638 illud
2090 1600 2246 1641 Ausonii·

1252 1658 1344 1696 Plgf·
1467 1677 1477 1686 ·

1266 1753 1465 1785 Fortunam
1489 1757 1698 1802 reverenter
1715 1748 1810 1787 habe
1835 1777 1844 1794 ,
1872 1750 2078 1803 quicumque
2107 1763 2244 1805 repente

1318 1800 1432 1837 Dives
1455 1798 1500 1836 ab
1523 1798 1604 1837 exiti
1621 1800 1836 1850 progrediere
1858 1800 1937 1839 loco.

1214 1899 1372 1939 Come.

1265 1962 1282 1997 7
1317 1951 1498 1990 Naturale
1518 1951 1564 1999 est
1582 1953 1676 1990 em'm
1693 1981 1703 1997 ‚
1724 1951 1802 2001 uin]
1833 1953 1890 1992 Sic
1910 1953 1989 1992 libri
2013 1966 2144 1995 omnes
2167 1970 2253 1996 me-

1210 1999 1330 2091 lfioreg.
1378 2003 1617 2042 Recentiores
1640 2003 1790 2053 quidam
1821 2005 1979 2042 inserunt
2013 2008 2145 2057 cuique.
2168 2009 2248 2048 satis

1230 2063 1253 2088 ri
1282 2066 1289 2090 i
1320 2066 1354 2091 e.

1257 2062 1280 2140 g8
1309 2106 1411 2152 Qae
1443 2104 1519 2153 quis
1553 2105 1697 2154 adeptus
1731 2103 1775 2151 est
1811 2105 1908 2155 ipse,
1947 2120 2066 2156 quam.
2092 2106 2108 2157 ]
2138 2108 2244 2148 Haec

1210 2152 1326 2191 nostra
1361 2155 1573 2192 emendatio
1606 2158 1643 2194 ὅ(
1673 2155 1853 2194 distinctio
1887 2156 1936 2193 est
1979 2169 1999 2194 a
2043 2159 2249 2205 Mediceo,

1210 2203 1373 2241 Riccard.
1401 2204 1597 2243 Lindenbr.
1619 2206 1748 2242 Oxon.
1771 2209 1809 2244 &
1824 2206 2086 2254 Bongarsiano.
2115 2209 2242 2256 Vulgo

1210 2264 1340 2292 omnes
1372 2255 1593 2292 obiiciebant
1617 2268 1626 2292 ι
1664 2266 1706 2291 ea
1732 2283 1742 2298 ,
1783 2268 1871 2304 quae
1911 2257 1988 2302 quis
2010 2258 2154 2304 adeptus
2174 2258 2247 2304 est,

1209 2303 1280 2350 ipsa
1299 2317 1408 2353 quam
1431 2311 1498 2340 cet.
1529 2304 1653 2342 Etiam
1674 2303 1791 2342 Aldus
1812 2333 1822 2348 ‚
1850 2305 1912 2352 qui
1945 2305 2007 2354 ipse
2040 2306 2246 2355 repraesen-

1210 2360 1282 2396 tat,
1311 2354 1499 2400 vulgarem
1522 2363 1648 2391 tamen
1671 2353 1888 2391 incisionem
1910 2354 2049 2393 secutus
2073 2356 2132 2394 est.

1259 2415 1282 2449 9
1310 2403 1513 2440 Existimari
1560 2402 1699 2451 velit.)
1739 2404 1828 2440 Non
1878 2405 1979 2442 aliter
2025 2406 2242 2453 Mediceiis,

1212 2450 1379 2500 Bongars.
1416 2451 1571 2490 Helinst.
1605 2454 1765 2491 Arnzen.
1804 2454 2012 2494 Catanaeus
2035 2485 2046 2502 ,
2092 2457 2245 2503 Minos,

1210 2502 1386 2540 Gruterus
1411 2530 1421 2545 ‚
1463 2503 1532 2540 alii.
1567 2515 1635 2540 nec
1666 2506 1739 2542 abit
1770 2504 1834 2542 Ed.
1867 2506 1954 2543 Vet.
1988 2509 2026 2544 in
2065 2519 2136 2556 qua
2160 2509 2244 2556 lego

1209 2552 1399 2597 exstimari.
1453 2553 1505 2590 At
1539 2554 1704 2591 Riccard.
1737 2553 1840 2592 Voss.
1877 2555 2005 2594 Oxon.
2041 2557 2244 2596 Lindenbr.

1211 2603 1400 2651 G-rypliius
1431 2602 1609 2649 aestimari
1631 2633 1648 2649 ,
1671 2604 1717 2642 de
1741 2616 1814 2654 qua
1839 2605 2058 2645 confusione
2081 2608 2241 2646 diximus

1210 2654 1319 2701 supra.

1268 2716 1313 2742 io
1343 2703 1522 2752 Frigida]
1555 2703 1778 2748 inefficacia,
1802 2705 2247 2757 imbecillia.Namsrigu5

1212 2756 1386 2792 orationis
1412 2754 1566 2792 dicimus
1587 2766 1669 2792 cum
1694 2757 1826 2794 inutilis
1845 2757 1895 2794 est
1928 2759 2058 2794 oratio.
2098 2763 2141 2794 Et
2165 2760 2245 2805 sri-

1209 2805 1332 2852 gidum
1363 2816 1402 2842 ac
1437 2807 1543 2843 inane
1577 2804 1722 2843 dicendi
1757 2817 1874 2854 genus
1894 2806 2024 2845 Fabius
2047 2807 2092 2844 X.
2115 2811 2242 2857 carpit.

1216 2856 1385 2892 Donatus
1408 2855 1586 2903 frigidum
1620 2867 1695 2892 non
1729 2856 1929 2895 adhaerens
1962 2860 2243 2907 interpretatur,

1214 2905 1421 2943 transsatum
1453 2904 1606 2943 affe-rens
1636 2917 1657 2941 a
1689 2908 1872 2954 picatione
1907 2906 2074 2944 vasorum
2101 2936 2111 2951 ‚
2147 2921 2244 2958 quae

1219 2956 1385 3003 frigidam
1408 2957 1525 3005 picem
1551 2967 1631 2994 non
1651 2965 1789 2994 tenent.
1818 2957 1998 3006 Frigidum
2025 2962 2244 3009 pierumque

1216 3017 1370 3044 nocens.
1402 3008 1434 3044 C
1450 3019 1468 3042 Α
1485 3019 1508 3043 τ
1524 3020 1543 3042 Α
1559 3017 1597 3042 i«.

1271 3069 1309 3097 11
1342 3057 1581 3146 Ενιινίονὸιη,
1595 3056 1808 3106 sanfh'orem
1825 3086 1834 3104 ‚
1838 3056 2056 3109 subtiliorem
2070 3059 2149 3100 dem·
2173 3056 2243 3144 ule]

1495 3154 1503 3158 .
1548 3118 1572 3146 O
1600 3119 1628 3158 3
2155 3125 2169 3145 A
2202 3118 2251 3157 eff-
