2616 3686
292 228 386 280 170
555 209 2219 273 GPLINHCAECILIISECUNDI'

292 291 564 350 solebam:
615 294 970 364 atque-etiam
1007 297 1260 365 experior
1296 310 1556 368 quantum
1594 295 1736 369 apud
1769 297 1889 354 illos
1914 300 2240 358 auetoritatis
2282 317 2294 337 ¹
2333 319 2413 358 ex

226 397 255 430 2
301 366 484 424 studiis
507 365 746 420 habeam.
827 367 973 421 Nam
996 371 1242 439 proxime
1268 389 1285 408 ²*
1308 370 1577 439 frequenti
1602 368 1876 424 auditorio
1920 372 2061 426 inter
2088 375 2176 438 se,
2212 392 2410 430 coram-

305 440 484 494 muitis
523 445 537 472 ³
582 437 785 491 ordinis
822 437 983 492 nostri
1018 478 1036 502 ,
1095 442 1239 495 clare
1274 441 1649 512 loquebantur.
1698 443 1891 496 intravi
1929 479 1946 504 ,
2002 447 2401 502 conticuerunt.

304 515 321 539 ⁴
357 509 526 580 Quod
549 526 659 563 non
685 510 939 564 referrem
957 547 973 572 ‚
1009 509 1104 566 nisi
1127 512 1194 565 ad
1222 515 1432 567 iliorum
1459 514 1629 584 magis
1651 513 1862 567 laudem
1888 522 1909 576 ·,
1944 531 2106 585 quam
2134 517 2202 569 ad>
2228 533 2406 573 meam

306 584 597 650 pertineret
625 619 641 644 ,
690 599 750 635 ac
778 581 867 634 nisi
890 580 1094 649 sperare
1122 599 1177 637 te
1205 585 1397 638 vellem
1424 622 1438 647 ‚
1491 585 1637 655 poffe
1658 585 1834 640 fratris
1858 587 1935 639 tui
1963 587 2097 641 iiiios
2124 587 2293 658 probe
2320 590 2404 643 di·-

236 661 256 710 3
306 654 473 709 scere.
517 653 686 723 Quod
714 652 972 720 superest»,
1010 671 1135 708 cum
1164 671 1379 717 omneS,
1412 658 1503 726 qui
1521 657 1875 726 profitentur,
1910 657 2136 712 audiero
2161 698 2175 721 ‚
2217 657 2243 684 ⁵*
2267 661 2409 729 quida

309 726 379 780 de
411 741 631 797 quoque
672 724 886 777 sentiam
910 763 928 786 ‚
967 725 1187 781 scribam
1214 746 1225 776 ε
1266 724 1611 800 efficiamque
1634 767 1652 791 ,
1686 742 1949 801 quantum
1977 743 2156 784 tamen
2184 731 2415 801 epistola-2

230 818 263 864 4
309 799 563 866 coniequi
598 811 790 866 potero
815 834 830 858 ,
878 809 937 850 ut
972 797 1079 867 ipse
1114 816 1304 853 omnes
1345 799 1543 853 audifle
1571 799 1812 856 vide-arie.
1887 801 2082 857 Debeo
2104 804 2249 857 enim
2279 803 2404 866 tibi,

310 867 487 922 debeo
521 862 538 884 ⁶
574 870 866 922 memoriae
901 869 1075 924 fratris
1112 872 1188 925 tui
1229 871 1364 925 hanc
1402 869 1565 924 fidem
1592 908 1610 933 ,
1661 871 1767 925 hoc
1792 871 2055 936 studium,
2094 876 2409 942 praesertim·

309 940 463 1008 super
487 951 629 994 tanta
666 956 739 994 re.
780 941 917 994 Nam
942 941 1072 1008 quid
1099 944 1262 1012 magis
1288 943 1504 996 interest
1526 964 1545 991 τ
1567 940 1762 1003 vestra,
1799 960 1960 1013 quam
1986 959 2044 998 ut
2069 945 2248 1010 liberi,
2286 947 2403 1015 (di-

308 1028 488 1067 cerem
515 1013 622 1078 tui‚
658 1011 752 1067 nisi
777 1029 920 1066 nunc
948 1012 1065 1068 illos
1089 1015 1512 1085 magis-amares)
1538 1027 1556 1053 2
1582 1013 1735 1086 digni
1759 1014 1849 1069 ilio
1885 1029 2074 1085 patre,
2124 1031 2178 1070 te
2200 1031 2404 1088 ‘patruo

2257 1105 2413 1161 repe-

305 1223 442 1262 Seneca
461 1220 618 1260 Praefat.
641 1221 822 1259 Controv.
850 1221 929 1269 Est,
948 1222 1094 1269 fateor,
1121 1223 1315 1261 iucundum
1432 1236 1451 1271 ς
1480 1222 1580 1270 Qid
1612 1222 1652 1259 (le
1682 1235 1814 1273 quoque
1838 1223 2035 1274 sentiam]
2077 1225 2136 1263 Sic
2164 1223 2235 1262 Pal.
2259 1223 2298 1261 &
2319 1224 2406 1264 Vct.

307 1271 396 1310 mihi
425 1272 540 1310 redire
560 1273 600 1310 in
622 1273 770 1322 antiqua
792 1271 904 1311 studia
924 1272 1141 1322 melioresque
1173 1274 1222 1311 aa
1252 1286 1321 1310 an·
1382 1273 1439 1312 ed.
1462 1272 1743 1312 Recentiffimae
1767 1302 1778 1319 ,
1806 1277 1892 1324 quid
1914 1277 1954 1313 de
1977 1276 2047 1312 illis
2079 1287 2210 1324 quoque
2225 1273 2382 1323 sentiam
2397 1303 2426 1320 ‚.

309 1335 369 1362 nos
392 1324 555 1372 respicere.
1384 1323 1487 1374 quod
1518 1335 1566 1372 ne
1595 1323 1745 1373 quidem
1776 1326 1813 1362 in
1847 1325 1980 1362 Aldina
2003 1325 2061 1363 est.
2089 1325 2278 1362 GRUTER.
2308 1324 2424 1362 Cum>

363 1386 379 1412 1
410 1378 467 1410 Ex
489 1371 656 1421 studiis.]
697 1374 894 1420 Quantum
916 1374 1007 1412 mihi
1036 1372 1206 1412 deferant
1237 1384 1325 1422 pro-
1384 1375 1550 1412 Palatino
1569 1374 1745 1413 incedunt
1766 1375 1934 1424 Bongars.
1959 1377 2087 1413 Oxon.
2119 1373 2222 1412 V-off.
2254 1374 2410 1414 Heimst.

309 1432 390 1473 pter
409 1424 642 1472 eloquentiae
662 1422 785 1460 studia.
816 1424 1011 1461 CATAN.
1320 1427 1322 1429 '
1389 1425 1574 1474 Gryphius
1606 1426 1645 1462 ὃς
1684 1426 1751 1463 alii.
1805 1426 1858 1463 At
1902 1428 2033 1464 vitium
2080 1424 2167 1462 illud
2223 1435 2303 1462 non
2361 1425 2410 1463 est

359 1486 379 1510 2
409 1474 595 1524 Frequenti
627 1472 842 1522 auditorio]
883 1474 925 1511 In
949 1484 1080 1522 magna
1114 1473 1326 1512 auditorum
1388 1475 1711 1515 recentiffirnarum
1745 1475 1836 1515 Edd.
1873 1475 1984 1514 Forte
2013 1487 2058 1514 ex
2086 1474 2261 1513 Mediceo
2281 1473 2429 1522 fluxit,.

309 1525 428 1574 copia.
469 1525 582 1564 Nam
606 1521 816 1573 frequenter
837 1524 1059 1563 auditorium
1085 1536 1152 1573 pro
1185 1526 1330 1563 audito·
1391 1527 1429 1563 in
1448 1537 1527 1575 quo
1549 1524 1631 1562 falsa
1653 1525 1871 1574 repetitione
1893 1527 2090 1575 partie-uiae
2111 1525 2272 1563 librarius
2283 1523 2406 1564 dedit:

311 1576 404 1613 ribus
434 1574 588 1625 usurpat.
625 1572 828 1624 Tranquill.
864 1580 956 1614 Cum
977 1576 1131 1620 primum
1145 1577 1330 1625 frequenti
1391 1575 1477 1626 quid
1498 1576 1543 1614 de
1562 1583 1601 1613 te
1623 1589 1756 1627 quoque
1767 1575 1949 1624 sentiam;
1978 1575 2140 1615 Riccard.
2159 1575 2245 1625 quid
2269 1575 2318 1613 de
2329 1576 2407 1615 isde

309 1626 481 1664 auditorio
503 1623 714 1675 commififfet
735 1653 745 1669 ‚
773 1625 811 1664 id
834 1625 882 1664 est
906 1654 917 1671 ,
955 1627 1076 1664 multis
1099 1626 1331 1666 auditoribus.
1393 1638 1523 1677 quoque
1535 1627 1706 1676 sentiam.
2446 1663 2452 1666 .

310 1675 367 1714 In
383 1689 403 1714 r.
418 1691 457 1715 M.
1442 1679 1466 1714 6
1496 1676 1724 1727 Memoriae]
1755 1677 1854 1725 Quia
1874 1685 1962 1716 tunc
1984 1675 2179 1714 defunctus
2212 1683 2297 1714 erat.
2353 1676 2413 1714 Sic

362 1739 381 1777 3
414 1726 558 1765 Ordinis
580 1723 722 1774 nostri.]
750 1727 902 1766 Patricii.
932 1727 1048 1766 IDEM.
1085 1726 1218 1766 Multis
1239 1728 1332 1766 ordi·
1392 1729 1491 1766 enim
1524 1727 1570 1766 de
1602 1730 1756 1766 mortuis
1788 1727 1948 1766 solebant
1979 1728 2054 1765 fari.
2083 1725 2282 1775 Apulejus:
2312 1731 2406 1763 Cum

312 1777 367 1815 nis
390 1777 494 1825 nostri
519 1805 529 1822 ‚
567 1776 659 1815 clare
673 1777 927 1828 jocabantur.]
969 1780 1025 1817 Sic
1049 1778 1291 1817 Membranae
1310 1791 1329 1817 a
1383 1778 1506 1824 fratre
1528 1778 1676 1827 optimae
1700 1779 1888 1816 memoriae
1909 1780 1987 1816 viro
2009 1776 2111 1816 dixit.
2152 1775 2212 1813 Est
2223 1776 2342 1814 adhuc
2354 1778 2427 1814 xvi--

313 1828 450 1866 Modio
473 1827 633 1867 excusae.
660 1828 760 1866 Prius
783 1829 890 1867 eliti:
913 1829 1021 1867 multi
1053 1828 1156 1876 nostri
1187 1830 1329 1868 ordinis.
1393 1827 1478 1866 dere
1489 1829 1527 1865 in
1540 1829 1726 1878 epitaphiis
1737 1830 1973 1879 antiquorum
1991 1857 2002 1874 ‚
2029 1833 2067 1864 Β.
2081 1832 2134 1864 M.
2155 1827 2192 1865 id
2214 1826 2262 1863 est
2287 1826 2410 1864 beatae

314 1879 405 1918 inud
421 1879 661 1928 jocabantur,
688 1879 799 1917 exstat
819 1888 1006 1929 praeterea
1026 1881 1066 1918 in
1085 1879 1159 1917 Pal.
1179 1881 1221 1917 ,ὃς
1244 1881 1328 1927 Ver.
1392 1878 1602 1916 memoriae:
1631 1890 1746 1928 quem
1761 1879 1904 1918 dicendi
1915 1879 2075 1918 modum
2086 1878 2220 1927 pariter
2238 1876 2284 1914 de
2310 1887 2424 1915 mor-

313 1929 398 1968 edit.
420 1941 506 1968 nam
529 1930 736 1968 neotericae
752 1931 910 1976 habent,
935 1930 1180 1980 loquebantur.
1221 1930 1333 1968 Gizu-
1390 1930 1461 1967 tuis
1470 1929 1583 1977 vissgo
1594 1930 1815 1979 usurpamus.
1841 1932 1995 1968 CATAN.
2259 1966 2264 1971 ,

317 1994 408 2019 urz.
435 1984 566 2018 Coram
589 1980 712 2018 multis
732 1981 805 2018 iam
829 1982 1015 2030 Gryphius
1049 1981 1160 2019 edidit
1183 2009 1194 2025 ‚
1221 1980 1332 2032 idque
1442 1991 1460 2026 7
1492 1980 1617 2025 Vestra.
1640 1979 1656 2029 ]
1697 1981 1934 2018 Recentiores
1966 1981 2082 2029 scripti
2113 1976 2229 2024 nostra
2256 2005 2267 2022 ‚
2316 1979 2411 2028 quos

315 2030 466 2081 praestat
487 2030 688 2068 Mediceus.
742 2032 894 2070 Modius
918 2032 1217 2070 emendationem
1233 2032 1331 2070 suam
1393 2029 1579 2079 Gryphius
1599 2042 1790 2080 perperam
1812 2030 1952 2068 secutus
1965 2030 2023 2068 est.
2055 2028 2200 2068 Deinde
2214 2027 2413 2066 Lindenbr.

314 2081 464 2131 protulit
481 2081 568 2119 loco
588 2080 723 2129 saepius
746 2081 854 2119 dieto.
910 2083 962 2119 At
985 2082 1135 2119 easdem
1169 2083 1333 2130 optimae
1393 2080 1521 2118 Oxon.
1543 2081 1707 2129 Bongars.
1731 2083 1768 2119 ὅ(
1791 2081 1903 2118 Arnz.
1926 2081 2118 2119 dicerentur
2130 2079 2204 2123 tui,
2232 2087 2435 2127 corrupte..

317 2132 555 2169 membranae
578 2140 618 2170 ut
641 2133 680 2169 &
703 2132 831 2168 Oxon.
847 2132 878 2169 lo
905 2131 1082 2169 urebantur
1105 2131 1332 2179 defendunt,
1445 2130 1466 2167 8
1494 2131 1603 2180 Digni
1624 2132 1684 2170 illo
1699 2131 1840 2182 patre.]
1871 2131 2071 2170 Lindenbr.
2095 2132 2225 2168 Oxon.
2256 2128 2431 2167 Helmst.-

314 2193 547 2232 quamquam
577 2183 615 2219 in
648 2182 792 2231 renquis
824 2185 885 2220 noi
906 2185 949 2219 rjs
971 2182 1182 2219 iocabantur
1205 2194 1334 2221 occur-
1394 2181 1432 2217 δε
1456 2180 1568 2219 Arnz.
1590 2183 1752 2221 audias:
1775 2184 1813 2221 δε
1834 2191 1875 2220 ut
1897 2182 1993 2232 digni
2015 2183 2038 2219 i.
2051 2191 2084 2232 p.
2105 2177 2211 2218 Voss.
2232 2190 2274 2218 ey
2289 2179 2409 2228 digni;

318 2240 406 2277 rat,
470 2244 512 2270 ro
545 2244 622 2282 quo
658 2233 820 2271 Riccard.
857 2233 1077 2271 iocubantur.
1133 2234 1227 2271 Mihi
1256 2245 1334 2272 non
1392 2230 1558 2280 Bongars.
1572 2245 1612 2271 ut
1626 2233 1853 2282 digni‚quem
1865 2233 1982 2271 solum
1994 2229 2203 2282 sequerer‚fi
2215 2229 2410 2268 Mediceus

319 2294 411 2320 vero
461 2292 473 2321 t
493 2282 632 2328 simile,
657 2284 809 2321 iuvenes
829 2284 911 2322 istos
934 2295 1058 2321 coram
1081 2285 1202 2322 muitis
1234 2283 1335 2321 sena-
1392 2282 1428 2318 in
1441 2283 1695 2329 partibuseffet.
1720 2284 1845 2322 Solent
1857 2285 1956 2321 enim
1970 2282 2047 2332 post
2059 2279 2291 2320 Parenthefin
2300 2280 2410 2318 Parti-

320 2335 407 2372 torii
427 2334 562 2373 ordinis
589 2335 691 2371 iocos
710 2333 818 2382 egiffe
831 2364 842 2380 ‚
868 2337 908 2373 δε
927 2335 1207 2373 vener-ationem
1230 2335 1334 2373 Plinii
1394 2332 1489 2369 cultis
1503 2333 1688 2379 iterarem
1700 2334 1875 2384 Apuleius
1887 2334 2049 2383 Apolog.
2062 2344 2139 2382 pag.
2154 2326 2390 2381 548.Persuafi
2396 2353 2409 2370 2

319 2385 450 2422 melius
471 2384 695 2423 declar-arunt
716 2386 826 2423 claros
842 2385 1149 2435 firmocinatio-nes
1175 2413 1186 2429 ‚
1222 2396 1333 2436 quam
1394 2390 1433 2419 ut
1452 2381 1542 2430 filiis
1557 2386 1737 2434 pecuniam
1758 2385 1862 2432 fuam
1881 2384 2149 2435 reposcentibus,
2164 2383 2216 2422 ‚do
2227 2378 2407 2431 quasulm‘

320 2437 425 2474 iocos
449 2435 726 2474 intermittendo
751 2450 758 2474 ε
796 2435 956 2487 denique
977 2435 1004 2473 fi
1031 2435 1241 2474 iocabantur
1276 2437 1336 2474 Se·
1395 2434 1468 2470 iam
1496 2435 1574 2472 dixi
1597 2464 1608 2480 ‚
1645 2445 1687 2474 ut
1717 2448 1796 2473 eam
1811 2438 1996 2485 pecuniam
2022 2433 2098 2485 fine
2115 2444 2217 2472 mora
2237 2426 2404 2466 rodim?-

323 2485 461 2524 cundus
483 2486 631 2525 dedisset
654 2515 664 2531 ‚
702 2499 765 2524 cur
785 2487 875 2525 clare
894 2487 1056 2525 adiicitur
1081 2485 1096 2522 ?
1146 2487 1338 2525 Revocavi
1396 2485 1457 2522 De
1480 2486 1553 2524 aliis
1573 2487 1757 2526 Particuiis
1775 2487 1850 2525 hoc
1870 2487 1988 2525 modo
2010 2484 2172 2523 adhibitis
2192 2483 2307 2525 agunt«
2331 2471 2404 2510 5²¹·

324 2538 449 2587 itaque
472 2538 741 2576 vetustissimam
764 2538 976 2576 iedtonem.
1397 2534 1481 2573 mas.
1514 2539 1553 2575 &
1584 2538 1747 2576 Ducker.
1766 2537 1812 2575 ad
1834 2537 1931 2576 Flori
1953 2536 2033 2574 Lib.
2054 2534 2103 2571 ΙΙ.
2123 2541 2199 2577 αρ·
2222 2524 2331 2561 V1·1¹·
2347 2531 2404 2568 ¹9-

373 2601 397 2634 4
423 2589 528 2635 Qod
557 2602 624 2626 non
657 2588 868 2637 referrem]
909 2590 1114 2638 Optimus:
1142 2590 1249 2637 {Qood
1270 2602 1339 2626 non
1398 2586 1433 2623 Si
1466 2587 1581 2636 (quod
1619 2595 1771 2627 Poenum
1801 2587 1905 2626 illum
1935 2583 2051 2634 dixtffo
2081 2571 2320 2618 Adherbalem
2342 2575 2403 2625 Bo-

326 2639 487 2684 reseram.
515 2638 668 2678 Didium
690 2641 763 2678 hoc
785 2637 870 2678 cffet
885 2668 894 2685 ‚
921 2648 963 2678 ut
984 2639 1071 2679 illud
1091 2638 1258 2677 Maronis
1270 2640 1339 2678 Vl.
1397 2637 1547 2675 milcaris
1559 2639 1689 2686 ferunt
1713 2669 1723 2685 ,
1758 2638 1783 2676 fi
1805 2635 1991 2674 Hannibal
2020 2621 2312 2681 qum-admodum
2337 2624 2405 2668 [⁶¹-

2604 1112 2606 1126 ι

2604 1130 2606 1143 ι

2604 1170 2605 1187 i

2602 1259 2605 1283 i

2602 1286 2605 1331 i

2601 1335 2604 1403 ἔ

332 2690 428 2728 Aen.
454 2699 506 2727 vs.
528 2702 610 2740 292.
1398 2699 1450 2725 ret
1480 2689 1617 2728 vincere
1639 2718 1650 2735 ,
1680 2689 1730 2740 fic
1763 2691 1817 2728 uti
1840 2684 1986 2724 vinaria
2001 2677 2122 2738 [offe.
2172 2671 2270 2710 Vide
2293 2671 2404 2738 etiam

1399 2739 1515 2776 nostra
1547 2740 1594 2778 ad
1625 2740 1701 2779 Cic.
1732 2739 1816 2778 XV.
1837 2736 1936 2773 Fam.
1958 2731 1990 2769 E
2084 2725 2128 2763 X·
2146 2735 2183 2761 n·
2206 2735 2237 2761 1·
2288 2722 2345 2760 312
2366 2724 2406 2758 &

380 2793 450 2834 Et,
479 2793 516 2829 ni
534 2793 634 2830 doda
656 2805 762 2831 comes
784 2803 899 2830 tenues
911 2792 985 2842 fine
1002 2792 1254 2842 corpore-vitas
1400 2790 1597 2829 Terentius
1623 2791 1739 2829 Andr.
1763 2788 1810 2827 A.
1833 2786 1883 2825 V.
1905 2783 1959 2820 Sc.
1999 2807 2008 2816 .
2032 2788 2082 2814 vs.
2107 2786 2163 2813 11.

382 2842 590 2879 Admoneat
611 2844 762 2881 volitare
785 2855 879 2879 cava
895 2843 962 2892 sub
983 2844 1313 2891 imagi-nesormae,

384 2888 521 2934 Imm,
549 2902 591 2931 &¹
605 2893 744 2938 frustra
757 2895 856 2941 ferro
880 2894 1083 2932 diverberet
1104 2907 1226 2932 auras.
1448 2886 1519 2899 ·“““
1565 2861 1713 2914 ‘rpulisti
1733 2873 1811 2902 'm’
1837 2863 1877 2895 Ἦ
1897 2853 2031 2892 ''mm''
2047 2850 2304 2901 adulescentuh
2319 2878 2329 2895 ‘

1450 2923 1495 2955 In
1514 2929 1535 2952 a
1551 2916 1581 2952 io
1601 2920 1756 2960 occupato
1775 2917 1914 2948 amore,
1939 2901 2146 2940 abhorrenti
2158 2903 2202 2939 ab
2213 2916 2248 2939 re
2262 2899 2409 2946 uxoriaj

1450 2964 1581 3004 filiam
1601 2968 1642 2998 ut
1662 2960 1783 2996 darem
1806 2955 1844 2991 in
1862 2952 2063 3010 [editionem
2087 2981 2098 2997 ‚
2120 2963 2226 3005 atque
2241 2990 2243 2992 ,
2257 2953 2409 2990 incertas

335 2989 436 3027 Nam
463 2987 594 3024 diversa
628 2989 681 3023 iiia
713 2998 878 3037 tempora
909 2994 1025 3039 iungit
1056 2996 1164 3031 etiam
1200 2996 1341 3044 Crispus
1801 3012 1954 3053 napum,

337 3039 416 3076 Cat.
439 3049 513 3089 cap.
535 3038 713 3093 XXXIV.
732 3051 765 3076 n.
785 3051 817 3077 ς,
871 3042 905 3078 Si
926 3043 1010 3089 quid
1031 3043 1215 3092 absonam
1232 3056 1342 3095 petere
1657 3083 1661 3087 .
1708 3081 1714 3087 .
1833 3089 1838 3095 ,
1867 3079 1878 3088 .
1985 3078 1990 3083 ·
2406 3073 2413 3079 -

336 3090 471 3146 vellent
496 3117 507 3134 ,
539 3090 584 3126 ab
617 3102 717 3148 utrm:
760 3089 940 3130 discedant
965 3119 978 3138 ,
1003 3097 1154 3132 Romam
1177 3096 1342 3146 supplices
1397 3088 1454 3128 Sic
1480 3095 1611 3126 omnes
1640 3081 1719 3121 hbss
1750 3076 1878 3118 Faelm
1896 3106 1911 3127 ‚
1948 3077 2180 3130 aliorumque
2205 3077 2243 3114 ὃ(
2267 3073 2411 3161 nostes?

330 3140 609 3190 proficiscantur.
642 3141 723 3178 eon
736 3152 795 3179 τε.
2397 3133 2429 3171 0.-
