2616 3686
612 187 959 239 LIBER
1026 186 1738 242 V.EPISTOLA
1807 196 1915 245 VI.
2212 216 2296 271 351

161 289 326 345 aqua,
362 267 507 323 velut
532 259 770 334 expressa
804 259 1117 313 cubantium
1147 260 1392 330 pondere
1419 301 1435 326 ‚
1474 263 1486 282 ¹
1513 268 1833 336 fiphunculis
1861 270 2030 327 effluit
2060 308 2076 334 ,
2115 289 2298 333 cavato

162 344 335 416 lapide
372 338 645 410 suscipitur
675 374 690 399 ,
741 348 758 370 ²
795 332 975 403 gracili
1015 349 1282 386 marmore
1323 338 1637 393 continetur
1665 379 1681 403 ‚
1732 356 1893 412 atque
1932 342 1946 366 ³
1982 345 2052 396 ita
2079 349 2295 403 occulte

166 426 489 485 temperatur
518 448 532 473 ,
594 423 652 464 ut
687 406 900 476 impleat
926 443 943 468 ‚
1002 421 1102 459 nec
1143 405 1433 464 redundet.
1512 412 1532 437 ⁴
1565 411 1936 467 Gustatorium
1973 418 2291 490 graviorque
2337 432 2393 489 37

160 486 409 540 coenatio
449 480 672 555 margini
707 478 1002 549 imponitur
1026 515 1042 540 ,
1095 483 1107 509 ⁵
1135 478 1306 532 levior
1333 483 1694 538 navicularum
1722 486 1778 539 <Sc
1804 486 1981 539 avium
2006 486 2185 555 figuris
2213 493 2293 544 in-

159 573 342 613 natans
377 558 622 611 circumit
657 570 669 604 :
720 564 907 605 contra
947 549 1067 604 fons
1104 553 1275 620 egerit
1316 570 1507 623 aquam
1537 557 1588 608 &
1618 559 1828 628 recipit.
1851 574 1972 611 nam
1998 560 2209 628 expulsa
2233 563 2289 617 in

158 631 322 684 altum
349 631 401 684 in
425 632 474 683 se
500 627 670 685 cadit,
707 620 1051 692 “junctisque
1076 622 1304 678 hiatibus
1334 625 1389 679 &
1413 626 1726 684 absorbetur
1752 629 1808 683 δε
1835 630 2053 684 tollitur.
2133 629 2178 685 E
2203 650 2287 687 re-

157 705 321 773 gione
357 701 552 755 stibadii
591 698 870 752 adversum
909 695 1219 750 cubiculum
1259 712 1466 753 tantum
1509 702 1732 757 stibadio
1767 701 1949 757 reddit
1991 710 2010 738 ⁷
2036 719 2286 770 ornatuS,

157 789 413 848 quantum
472 773 663 841 accipit
724 769 789 822 ab
850 768 958 824 illo,
1019 764 1037 792 ⁸
1096 768 1379 826 Marmore
1439 773 1716 844 splendet,
1754 776 1915 830 valvis
1977 776 2032 830 in
2091 776 2282 835 viridia
2332 775 2392 839 38,

2166 867 2287 922 pro·

152 973 370 1013 Ptolomaeo
391 970 583 1010 credimus.
611 970 674 1009 Ad
695 969 886 1019 Carystum
908 980 1001 1008 vero
1011 971 1098 1020 lapis
1110 984 1173 1010 na·
1250 982 1318 1010 nos
1338 971 1440 1023 supra
1463 976 1509 1014 ad
1534 975 1615 1013 Lib.
1639 975 1708 1013 III.
1730 975 1841 1026 Epist.
1861 977 1910 1014 V.
1934 988 1968 1014 n.
1994 989 2050 1015 11.
2084 977 2181 1014 Mox
2195 979 2283 1018 Me·=

148 1024 274 1069 scitur,
316 1036 401 1062 uem
424 1022 599 1072 pectunt,
625 1030 735 1067 nent,
763 1029 916 1059 texunt:
941 1021 1027 1060 inde
1041 1024 1175 1061 manti·
1253 1021 1375 1061 diceus
1396 1036 1589 1075 corrupte:
1615 1029 1831 1076 graviorque
1853 1040 1993 1065 coenam
2021 1057 2032 1073 ,
2063 1030 2101 1066 ὃς
2124 1027 2279 1069 deinde:

148 1073 194 1114 lia
216 1086 286 1112 con
315 1076 458 1112 ciuntur
479 1076 623 1122 egregie
646 1081 831 1110 contexta.
885 1073 939 1109 Ea
963 1073 1020 1111 ubi
1055 1073 1176 1112 sorde·
1250 1075 1491 1113 naucularum
1513 1088 1558 1116 cy
1576 1090 1639 1114 αν.
1654 1078 1716 1128 fig.

147 1124 269 1168 scunt,
298 1127 335 1163 in
362 1125 525 1163 rlainmas
549 1123 713 1173 projesta
737 1135 815 1161 non
837 1123 936 1160 secus
969 1123 1175 1162 emundan-
1304 1136 1321 1171 ς
1353 1127 1481 1163 Levior
1501 1128 1782 1173 navicularum,
1805 1128 1908 1178 eya]
1939 1127 2134 1166 Teffellata
2149 1130 2281 1167 &verss

148 1182 204 1213 tur
225 1206 234 1222 ,
273 1188 384 1225 quiin
424 1174 449 1211 fi
479 1180 636 1213 maculas
660 1175 798 1212 elueris.
853 1173 962 1213 Haec
984 1175 1112 1212 Strabo
1136 1178 1174 1215 ὃς
1248 1175 1688 1227 miculatopavimento,
1716 1181 1754 1218 in
1776 1191 1853 1229 quo
1879 1180 1999 1217 variae
2021 1188 2122 1216 erant
2143 1176 2280 1226 figurae

148 1237 233 1264 eum
255 1226 393 1265 secutus
416 1227 616 1275 Stephanus
631 1254 640 1270 ‚
665 1227 728 1275 qui
750 1234 876 1262 tamen
899 1225 936 1262 in
957 1225 1031 1262 hoc
1044 1224 1174 1264 diffen-
1205 1240 1211 1302 Ι
1249 1227 1503 1266 navicularum
1536 1231 1574 1268 ὃ(
1605 1232 1742 1269 avium.
1799 1232 1897 1269 Sicut
1918 1229 2030 1267 hodie
2051 1229 2280 1269 diversorum

142 1277 186 1315 n't
208 1305 220 1321 ,
256 1277 444 1326 Carystum
481 1277 608 1316 scilicet
632 1278 758 1314 urbem
781 1276 933 1314 scribens
955 1275 1017 1312 sub
1041 1286 1172 1316 monte
1207 1305 1210 1316 .
1247 1275 1399 1323 piscium
1421 1281 1569 1318 Romae
1591 1282 1628 1319 in
1647 1281 1795 1320 aedibus
1809 1282 1978 1319 saxorum
1993 1282 2176 1319 cernimus
2190 1309 2201 1325 ,
2229 1283 2278 1320 ita

145 1327 255 1366 Ocho
295 1328 468 1368 Euboeae
493 1358 502 1373 ,
554 1331 591 1367 δε
624 1326 813 1376 Carystum
850 1326 978 1363 locum
1017 1326 1172 1376 Aegyos
1206 1321 1210 1367 l
1248 1334 1290 1363 ut
1310 1328 1479 1379 imposita
1501 1343 1617 1382 aquae
1640 1333 1803 1370 innatare
1827 1332 2029 1370 videantur.
2060 1332 2218 1369 CATAN.

141 1378 248 1428 juxta
271 1379 466 1417 Arcadiam
485 1401 496 1423 ‚-
523 1390 543 1415 a
565 1392 641 1430 quo
659 1377 863 1426 carystium
884 1377 1013 1414 vinum
1030 1406 1039 1421 ,
1068 1380 1170 1427 cujus
1206 1400 1209 1421 :
1298 1379 1322 1413 6
1354 1383 1550 1431 Iunflisque
1579 1383 1736 1421 hiatibus
1765 1394 1810 1421 ω·
1838 1383 1912 1431 abs.
1941 1393 1985 1421 ω’
2017 1393 2045 1419 t.
2067 1381 2082 1429 ]
2118 1383 2216 1420 Puto
2241 1385 2281 1425 &

140 1431 274 1477 gentile
297 1429 492 1477 Carystius.
520 1429 567 1467 Et
590 1432 625 1468 in
649 1440 696 1467 eo
719 1428 922 1476 lapidicinas
935 1427 1169 1476 carystiarum
1206 1428 1209 1458 l
1244 1426 1487 1482 hunclocum
1511 1434 1608 1471 inale
1631 1432 1808 1481 distingui.
1831 1442 1928 1471 certe
1945 1431 2116 1479 stibadii,
2126 1431 2280 1480 stibadio

137 1480 407 1516 columnarum.
461 1479 605 1516 Verum
642 1480 769 1517 Strabo
793 1479 944 1526 protulit
965 1479 1167 1525 carystium
1245 1489 1281 1514 in
1307 1481 1442 1519 eodem
1468 1492 1658 1521 commate
1671 1485 1891 1532 repetitum,
1921 1481 2093 1521 indecens
2107 1482 2166 1520 est.
2194 1485 2277 1524 Nec

140 1533 251 1567 etiam
277 1532 312 1566 in
340 1531 524 1566 Laconica
551 1527 672 1572 fuisse,
701 1528 799 1564 uncle
822 1528 951 1562 vinum
965 1529 1167 1575 Carystium
1238 1527 1417 1569 sententia
1441 1533 1662 1582 praecedens
1682 1534 1759 1572 satis
1785 1536 1903 1585 plena.
1932 1533 2056 1570 Scribo
2082 1547 2090 1571 :
2128 1533 2292 1573 iunctis«

142 1581 186 1615 ab
208 1580 388 1617 Alcmane
412 1591 452 1616 ce
468 1580 645 1616 ebratum.
675 1577 842 1615 Straboni
863 1577 1031 1615 libentius
1054 1581 1169 1619 credi-
1240 1591 1305 1663 Zue
1327 1579 1484 1620 hiatibus
1503 1594 1546 1622 εν
1569 1584 1774 1634 absorbetur
1796 1595 1840 1624 <y
1864 1584 2004 1622 tollitur
2025 1598 2042 1621 e
2063 1584 2195 1631 regione
2208 1585 2276 1632 sti-

140 1628 267 1668 derim.
326 1630 469 1667 Addam
512 1629 667 1666 Plinium
694 1625 863 1674 caryston
885 1628 1006 1666 locare
1028 1630 1066 1666 in
1089 1629 1167 1670 sinu
1202 1670 1204 1675 ‚
1265 1631 1339 1667 adii
1357 1634 1552 1683 adversum
1574 1635 1780 1673 cubiculum.
1812 1641 1969 1672 Tantum
1985 1633 2135 1678 stibadio
2160 1663 2171 1678 ,
2200 1637 2273 1676 &a

143 1680 301 1728 Aegeo.
332 1682 369 1718 ὃς
392 1682 576 1718 civitatem
603 1691 645 1716 ex
670 1678 818 1716 adverso
832 1677 1019 1716 Euboeae.
1044 1681 1138 1720 Eam
1154 1713 1164 1728 ,
1241 1679 1459 1720 SCHEFFER.
1488 1684 1559 1721 Sed
1591 1686 1666 1723 talis
1696 1685 1877 1724 distinctio
1911 1685 2051 1723 sensum
2076 1689 2272 1736 pervertit,

141 1729 167 1767 si
196 1730 364 1768 Diodoro
386 1730 496 1768 fidem
522 1731 736 1779 praeit-ainus
759 1757 769 1773 ,
808 1728 979 1777 Dryopes
1001 1729 1090 1778 pulfi
1120 1734 1165 1771 ad
1240 1731 1279 1767 δί
1309 1731 1511 1772 lectionem
1545 1737 1667 1773 minus
1690 1737 1881 1774 venustam
1903 1736 2052 1774 inducit.
2076 1748 2188 1785 quare
2209 1750 2276 1777 au-

144 1779 337 1819 Euboeam
365 1781 570 1819 condidere.
600 1781 632 1818 C
647 1793 668 1817 A
684 1794 705 1818 r
723 1791 793 1816 ΑΝ.
833 1779 893 1817 De
916 1791 1103 1820 marmore
1126 1788 1165 1823 &
1240 1778 1331 1820 &ori
1353 1783 1417 1821 suo
1441 1796 1521 1823 eam
1546 1787 1805 1836 relinquamus.
1835 1788 1945 1826 Latet
1967 1796 2094 1824 tamen
2128 1787 2273 1829 fortafl'e

142 1831 322 1870 columnis
343 1832 510 1880 Cirystiis
534 1831 617 1869 vide
643 1828 833 1869 Brockhus.
854 1829 899 1869 ad
921 1830 1055 1869 Tibull.
1081 1834 1163 1874 Lib,
1238 1830 1333 1870 aliud
1355 1835 1465 1873 ulcus.
1508 1836 1608 1875 Nam
1632 1840 1667 1875 in
1693 1837 1871 1877 Mediceo
1895 1839 1989 1876 clare
2011 1838 2164 1885 legitur:
2190 1841 2275 1877 iun-

146 1879 216 1920 111.
241 1882 340 1929 Eleg.
366 1883 432 1919 111.
451 1895 500 1919 vs.
530 1895 582 1929 14.
1235 1882 1366 1933 &isque
1392 1887 1549 1935 partibus
1583 1899 1626 1928 (9·
1658 1889 1864 1938 absorbetur
1892 1901 1936 1928 O·
1976 1888 2140 1934 tollitur,
2168 1892 2272 1939 quod

198 1942 211 1966 1
247 1932 448 1978 sipuncufis.
473 1932 484 1979 ]
526 1933 737 1971 Canaliculis
761 1961 772 1976 ,
810 1931 938 1970 fistulis.
965 1933 1033 1971 CA
1049 1949 1164 1977 τΑΝ.
1236 1935 1343 1981 piane
1373 1939 1578 1984 genuinum
1612 1938 1684 1977 effe
1717 1940 1848 1978 censeo
1874 1969 1883 1985 ,
1924 1941 1963 1978 &
1993 1951 2012 1975 a
2037 1939 2244 1989 Battologia
2262 1969 2277 1988 ‚

141 1979 210 2016 Sed
243 1991 305 2016 cur
339 1993 415 2018 non
449 1982 667 2030 Siphunculis
698 1983 878 2021 scribimus
901 2012 912 2028 ,
939 1993 979 2021 ut
1002 1985 1103 2034 supra
1126 2001 1160 2026 n.
1195 1980 1201 2026 l
1235 1995 1330 2030 quae
1353 1988 1389 2024 in
1413 1990 1557 2038 vulgata
1582 1993 1762 2036 occurrit,
1789 1992 1948 2029 Plinium
1961 1989 2122 2028 absoluit.
2145 1997 2272 2031 Partes

138 2027 210 2075 24?
239 2029 340 2066 Voss.
365 2033 402 2070 δε
427 2032 576 2070 Helmst.
595 2033 783 2083 fiponculis.
807 2034 936 2071 Oxon.
956 2034 1063 2085 fipre
1083 2051 1161 2075 ocu-
1234 2033 1315 2074 sunt
1338 2039 1437 2076 vices
1461 2042 1499 2078 ὃς
1523 2041 1800 2086 viciffitudines‚
1828 2041 1988 2090 utsupra
2003 2041 2084 2078 Lib.
2100 2041 2146 2079 11.
2161 2042 2272 2091 Epist.

133 2078 198 2122 lis,
227 2084 288 2129 qui
313 2083 421 2121 etiam
446 2086 582 2122 omittit
604 2086 681 2124 illa:
706 2084 831 2133 gracili
871 2098 1050 2125 marmore
1081 2101 1160 2127 con-
1236 2083 1323 2125 ΧΗ.
1354 2101 1389 2126 n.
1424 2103 1456 2137 7.
1481 2092 1518 2128 &
1541 2092 1632 2129 alibi.
1662 2093 1740 2130 Iam
1765 2103 1885 2142 partes
1907 2093 2053 2142 semper
2072 2092 2205 2131 divisae
2229 2095 2269 2131 δε

140 2129 285 2168 tinctur.
1192 2140 1198 2170 l
1236 2146 1396 2178 alternae
1420 2140 1490 2179 effe
1514 2141 1655 2185 solent;
1687 2143 1820 2181 Noster
1841 2151 1968 2181 autem
1995 2170 2005 2187 ‚
2033 2155 2119 2179 cuin
2146 2155 2198 2181 res
2220 2146 2269 2182 ita

184 2192 203 2216 2
234 2183 363 2221 Gracili
391 2198 574 2224 marmore.
601 2185 617 2234 ]
658 2185 746 2224 Alio
767 2184 896 2223 labello
918 2187 1088 2227 subtiliter
1110 2204 1155 2229 ex
1235 2186 1345 2227 ferret
1370 2219 1380 2235 ,
1411 2191 1697 2241 frequentissima
1723 2193 1835 2241 figura
1851 2222 1862 2238 ‚
1888 2204 1999 2242 quam
2025 2194 2258 2240 Oxymoron

136 2239 323 2271 marmore
345 2236 553 2281 elaborato,
581 2236 640 2274 sed
660 2237 805 2275 latente.
834 2237 934 2275 Nam
956 2239 1032 2276 duo
1055 2252 1156 2280 erant
1235 2236 1360 2278 dicunt
1385 2270 1395 2287 ,
1423 2243 1550 2280 iunctis
1568 2244 1732 2290 partibus
1756 2245 1868 2288 dixit,
1908 2244 1944 2280 id
1979 2242 2028 2279 est
2052 2270 2062 2285 ,
2092 2245 2268 2280 continua

132 2281 212 2318 vasa
228 2311 237 2326 ‚
266 2285 417 2323 alterum
440 2285 500 2324 sub
519 2286 666 2324 stibadio
681 2317 691 2332 ,
712 2286 810 2325 uncle
831 2298 925 2337 aqua
949 2288 1155 2338 defluebat,
1234 2290 1394 2336 quadam
1427 2294 1678 2332 vicissitudine.
1708 2305 1802 2343 quae
1825 2294 2001 2341 elegantia
2024 2294 2175 2340 ingenio
2201 2295 2283 2331 Se-·
2356 2344 2361 2347 .

132 2330 285 2370 alterum
312 2337 346 2372 in
370 2348 446 2386 quo
470 2336 686 2375 confluebat.
715 2339 869 2376 CATAN.
1233 2340 1343 2377 cundi
1366 2341 1415 2378 est
1435 2341 1648 2390 digniffiina.

183 2394 201 2431 3
235 2389 292 2420 Ita
339 2387 469 2424 occulte
516 2386 769 2438 temperatim]
800 2388 854 2425 Sc.
901 2400 1005 2438 aqua.
1053 2392 1154 2430 Male
1283 2401 1301 2433 7
1333 2392 1544 2440 Ornatus.]
1576 2393 1706 2432 Tanto
1730 2400 1953 2430 ornamento
1976 2393 2185 2431 cubiculum
2211 2393 2261 2432 est

130 2431 283 2471 Helmst.
306 2436 359 2472 ita
381 2437 506 2475 occulte
532 2439 769 2476 verberatum.
798 2438 1006 2488 Gryphius:
1034 2441 1087 2476 ita
1101 2455 1153 2478 oc-
1228 2437 1404 2484 stibadio,
1427 2452 1566 2490 quanto
1596 2443 1786 2482 stibadium
1820 2444 1999 2481 cubiculo.
2045 2443 2144 2482 Nam
2168 2446 2265 2493 invif

130 2484 218 2521 culte
236 2487 411 2533 perforato
436 2517 446 2532 ‚
484 2491 631 2528 notabili
657 2491 827 2527 varietate
850 2517 861 2533 ‚
901 2489 960 2527 sed
981 2501 1094 2538 quam
1117 2494 1155 2529 in

132 2535 233 2573 nullis
254 2536 348 2574 libris
371 2537 690 2585 deprehendimus.

181 2598 205 2633 4
230 2586 483 2632 Gustatorium.
509 2589 523 2638 ]
564 2591 689 2629 Mensa
713 2589 882 2628 contestu
904 2593 1152 2638 putaminibus

1230 2500 1310 2526 cem
1338 2491 1370 2528 se
1395 2502 1588 2530 exornant.
1620 2495 1652 2532 C
1668 2509 1688 2531 A
1704 2509 1726 2532 ἰ’
1743 2507 1763 2530 Α
1780 2506 1817 2530 Ν.

1279 2541 1300 2578 8
1329 2541 1365 2578 A
1388 2555 1564 2580 marmore
1578 2544 1776 2595 splendet]
1806 2546 1923 2583 Proba
1954 2545 2095 2584 locutio
2116 2559 2139 2583 a
2163 2547 2281 2583 mar-‘-

1229 2603 1322 2628 more
1335 2592 1514 2639 splendet,
1544 2604 1583 2631 ut
1604 2610 1625 2631 a
1647 2595 1758 2642 bestiis
1779 2596 1958 2634 intereunt
1984 2626 1994 2641 ,
2022 2610 2043 2632 a
2057 2597 2191 2645 frigore
2205 2598 2259 2634 ni·

136 2633 350 2675 testudissum
366 2667 376 2682 ,
396 2650 509 2688 quani
533 2644 669 2688 primus
693 2642 868 2679 Carbilius
890 2642 1008 2679 Pollio
1031 2644 1153 2692 prodi-
1230 2640 1279 2677 hil
1305 2643 1417 2691 gignit
1443 2673 1452 2688 ‚
1493 2646 1531 2682 ὃς
1566 2645 1691 2684 similia
1714 2663 1723 2690 ;
1765 2647 1835 2685 Sed
1860 2649 1920 2685 vix
1946 2647 2154 2685 verosimile
2176 2648 2226 2684 est
2244 2671 2273 2692 ,ι

140 2684 174 2728 gi
193 2696 232 2724 ac
250 2687 378 2735 sagacis
400 2691 536 2736 ingenii
558 2692 602 2728 al
617 2692 1024 2731 instruinentaluxuriae
1037 2693 1151 2732 fertur
1227 2691 1385 2730 Plinium
1410 2696 1456 2732 ita
1479 2695 1643 2735 voluiffe.
1671 2698 1780 2735 Certe
1794 2699 2125 2736 Priniariushabet:
2155 2711 2274 2734 mar-v

144 2736 358 2784 excogitasse.
386 2741 512 2788 Quare
533 2744 850 2789 epigraininaticus
862 2752 970 2792 poeta
983 2743 1153 2793 deinceps
1187 2730 1190 2778 l
1228 2757 1320 2780 more
1345 2744 1506 2793 splendet
1531 2775 1541 2791 ‚
1580 2746 1654 2786 sine
1675 2746 1974 2796 Praepositione,
2003 2759 2114 2797 quam
2142 2750 2256 2787 etiarn

144 2782 220 2865 &st
250 2786 433 2828 stibadium
470 2792 509 2828 iri
551 2792 700 2830 distichis
737 2794 968 2842 gustatorium
1006 2795 1151 2834 locavit.
1189 2796 1190 2799 ’
1228 2794 1339 2831 Arm.
1375 2799 1521 2834 omittit.
1559 2798 1700 2836 Eadem
1736 2801 1886 2836 varietas
1908 2799 2031 2837 aderat
2051 2798 2151 2847 supra
2177 2799 2258 2836 Lib,

187 2832 324 2889 todorus
356 2841 394 2878 &
423 2841 557 2880 Plinius
594 2843 748 2881 scribunt
776 2847 810 2881 in
836 2846 926 2882 mari
947 2846 1077 2883 Indico
1099 2855 1152 2884 te-
1190 2882 1191 2886 ,
1230 2844 1276 2882 11.
1308 2846 1415 2894 Epist,
1447 2849 1495 2884 V.
1530 2860 1563 2885 n.
1603 2849 1634 2886 8.
1692 2856 1761 2887 Nec
1783 2850 1953 2886 adimunt
1974 2851 2135 2898 gratiam
2159 2849 2275 2894 illis,⁴

204 2879 295 2923 dines
314 2888 463 2930 inveniri
486 2901 607 2932 tantae
631 2895 888 2942 magnitudinis
912 2923 922 2939 ‚
963 2905 1000 2934 ut
1034 2895 1151 2945 fingu-
1190 2908 1193 2930 1
1230 2897 1359 2945 quibus
1383 2901 1519 2946 capitur
1545 2927 1554 2943 ,
1582 2900 1641 2938 ubi
1664 2900 1822 2950 impreffi
1844 2901 2011 2939 nonnulli
2036 2915 2044 2939 ε
2073 2913 2093 2936 a
2115 2899 2273 2950 quibus.-

1192 2947 1193 2982 l
1232 2948 1402 2986 Lucanus
1427 2949 1509 3007 ιφ.
1531 2949 1577 2987 X.
1600 2962 1651 2989 vs.
1673 2963 1750 2998 114

151 2927 263 2967 larum
303 2935 478 2985 superficie
523 2945 728 2983 habitabiles
765 2946 861 2983 casae
901 2956 1153 2996 contegantur.

155 2976 510 3041 Cmusconf.c1.
534 2995 674 3032 Saimas.
697 2998 733 3033 in
757 2995 850 3033 Fiav.
874 2998 1022 3045 Vopi'sc.
1046 3011 1079 3046 p.
1104 3011 1153 3038 m.

151 3039 232 3072 419·
255 3030 435 3088 &ditionis
459 3042 580 3082 Paris..
598 3046 636 3082 V
650 3059 671 3083 ε
685 3060 705 3085 ε
721 3059 744 3084 Ν
759 3059 813 3084 ii.-
838 3047 909 3084 Adi
943 3051 1152 3096 interpretes
1280 3056 1351 3086 Nec
1363 3050 1514 3099 summis
1534 3050 1692 3100 crustata
1714 3053 1839 3094 domus
1852 3082 1864 3101 ‚
1884 3049 2212 3105 sectisquenitebat

153 3077 324 3161 Maniai?
353 3083 1034 3146 Lib.X1v‚Epigr.LXXXV111.&
1058 3113 1151 3150 quae
1194 3097 1204 3167 l
1282 3101 1561 3155 Marmoribusae·
2192 3152 2256 3189 ste
