2616 3686
235 188 298 228 60

223 249 243 303 ²·
277 261 452 326 bulbi,
491 263 587 317 alia
613 263 756 316 rnille
779 278 890 316 non
916 261 1090 316 minus
1128 259 1284 314 lauta.

447 178 970 231 C.1³L1N11
1049 174 1566 230 CAECILI'I
1634 175 2155 229 SECUNDI

1364 254 1609 311 Audisses
1644 257 1660 276 ²
1701 257 1998 313 comoedos
2043 299 2060 325 ,
2110 260 2194 317 vel
2246 262 2331 319 le·-‘

224 334 470 400 florem,
522 335 604 389 vel
645 350 658 377 ³
697 335 910 405 lyristen
937 373 953 396 ,
1005 333 1129 394 vel,
1176 347 1314 402 quae
1341 345 1458 382 mea
1484 328 1808 390 liberalitas,
1840 345 2038 386 omnes.
2102 335 2177 388 At
2222 349 2280 391 tu
2321 378 2339 404 ‚

226 407 402 479 apud,
439 407 650 471 nesci-0,
692 423 889 477 quem,
927 408 943 431 ⁴
980 403 1186 465 ostrea,
1231 402 1479 462 ³·vulva5,
1511 398 1529 421 ⁶
1552 399 1805 462 echium,
1842 398 1857 423 ⁷
1887 397 2179 459 Gaditanas
2211 426 2325 464 maz.

224 479 379 536 luisti.

227 765 332 815 quod
356 765 542 816 Grvphius
563 763 698 808 habet,
724 760 882 800 olivulae
901 761 1062 799 baeticae.
1091 759 1277 799 Riccards

228 818 269 853 ὅ(
293 809 492 855 Linde‘nbr.
514 816 604 853 olivo
631 815 767 852 Lebeta.
823 812 894 851 Sed
916 811 1096 862 quidquid
1118 811 1171 849 isti
1183 819 1260 848 tur-

226 865 342 911 bent,
370 878 494 904 reram
516 866 729 914 scripturam
752 863 907 902 servavit
938 863 1042 900 nobis
1077 861 1260 912 praestan-

227 917 380 954 tissimus
405 916 619 954 Mediceus:
648 914 787 957 olivae,
816 912 950 951 betacei.
1007 914 1157 962 Repcrit
1169 912 1263 950 hanc

228 967 268 1006 in
292 968 364 1004 aliis
387 967 458 1016 ipse
484 968 687 1004 Catanaeus
713 979 722 1003 2
762 967 892 1014 reperit
916 965 1027 1002 etiam
1051 966 1086 1001 in
1109 964 1264 1011 antiquo

231 1019 271 1055 &
295 1015 420 1062 fideli,
445 1025 486 1063 ut
511 1017 582 1067 ipse
607 1018 761 1060 fatetur,
789 1015 916 1054 codice
952 1014 1103 1052 Iacobus
1137 1014 1265 1051 Bono-

228 1066 386 1113 niensis,
424 1067 484 1106 sed
506 1080 574 1106 nec
596 1068 653 1106 il'e
679 1067 770 1104 ferre
795 1067 926 1115 potuit.
959 1065 1055 1102 adeo
1102 1063 1158 1102 illa
1196 1065 1266 1102 Hi-

229 1117 373 1166 spaniae
387 1120 575 1168 provincia
599 1118 771 1167 placebat.
796 1116 881 1154 vide
907 1127 994 1154 eum
1018 1115 1161 1153 Adnot.
1176 1116 1266 1165 Cap.

232 1168 359 1207 XVII.
417 1169 542 1206 Iustius
578 1169 703 1207 Celeb.
738 1166 910 1206 Heinsius
936 1196 946 1212 ,
985 1169 1047 1217 qui
1082 1166 1128 1204 ad
1151 1167 1266 1205 Grae-

232 1220 341 1258 vium
363 1219 473 1268 Epist.
497 1220 674 1257 CCLIX.
726 1219 846 1257 Plinio
869 1217 1022 1256 betaceos
1041 1247 1053 1263 ‚
1092 1216 1167 1256 sine
1200 1216 1267 1255 du-

231 1268 295 1307 bio
330 1282 375 1308 ex
409 1270 475 1308 isto
510 1270 690 1308 Mediceo
715 1298 725 1314 ‚
776 1269 811 1307 se
845 1267 1029 1308 restituisse
1070 1268 1267 1317 gloriatur,

457 480 624 534 Dabis
650 495 875 547 poenas,
915 493 1022 530 non
1048 475 1174 529 dico
1202 489 1348 542 quaS.
1383 471 1518 525 dure
1546 471 1731 526 fecisti.
1755 470 2021 534 invidisti,
2060 477 2234 532 nescio
2260 500 2326 538 an

227 552 356 619 tibi,
395 566 545 608 certe
577 551 737 614 mibi,
775 549 872 604 sed
893 565 1072 603 tamen
1102 546 1154 599 δε
1187 544 1299 599 tibi.

1354 542 1638 616 Quantum
1665 560 1763 598 nos
1787 541 2071 601 lufiffemus
2093 587 2110 612 ,
2145 548 2330 607 risiffe-

2171 638 2295 679 mus
2314 663 2331 690 ‚

1294 767 1454 795 numero
1478 758 1586 796 unius
1601 786 1610 802 ,
1639 756 1838 795 foeminini
1858 757 2002 804 generis
2027 784 2037 800 ,
2077 764 2116 794 at
2138 758 2176 794 in
2199 759 2331 807 plurali
2395 795 2398 800 .

1295 809 1467 845 neutrius.
1522 809 1768 846 Celeberrima
1792 806 1871 844 sunt
1894 809 1930 845 in
1966 807 2070 844 Lacu
2107 808 2245 856 Bajano
2282 825 2330 850 ex

1299 858 1474 895 Martiale
1497 887 1514 903 ‚.
1536 860 1574 896 ὃς
1599 860 1733 897 Circeis
1759 887 1770 903 ,
1809 870 1853 895 ex
1882 857 2030 895 Horatio
2064 857 2212 897 constat.
2242 862 2329 900 CA-

1303 922 1325 946 T
1343 922 1364 945 A
1379 920 1416 945 Ν.

1351 972 1368 1008 ς
1401 958 1576 1008 Valvas]
1605 960 1731 997 Vulva
1753 972 1800 996 ex
1820 959 1956 1010 papillis
1967 970 2162 1007 porcarum
2177 989 2187 1005 ‚
2215 975 2333 1012 quim.

1297 1008 1379 1058 lege
1415 1010 1582 1048 censoriav
1611 1008 1843 1048 interditftam
1878 1007 1982 1047 fuisse
2029 1011 2200 1050 meminit
2241 1015 2333 1054 Plin.

1301 1060 1389 1098 Erat
1411 1061 1568 1111 ejectitia
1583 1090 1593 1106 ‚
1622 1072 1718 1110 quae
1740 1059 1848 1098 fiebat
1871 1058 2005 1097 eneeto
2028 1069 2156 1108 partu,
2185 1065 2224 1102 ὃς
2245 1075 2331 1106 ante

1300 1119 1448 1161 tempus
1473 1113 1595 1162 ejcCto
1619 1112 1751 1150 melior
1775 1109 1857 1150 sane
1881 1139 1891 1155 ‚
1921 1120 2033 1160 quam
2068 1109 2168 1150 edito
2192 1127 2201 1151 :
2238 1115 2337 1155 haec¹

1300 1163 1465 1211 porcaria
1489 1163 1682 1202 dicebatur.
1735 1161 1850 1200 Unde
1882 1160 2115 1210 Hipparchus
2148 1165 2246 1212 apud
2276 1167 2331 1204 A..

1303 1213 1402 1251 then.
1430 1214 1568 1252 vulvae
1586 1212 1730 1264 pulcher
1752 1213 1903 1262 aspec‘lus
1928 1211 2092 1260 ojetlitiae
2117 1241 2127 1257 ‚
2158 1215 2225 1263 sed
2252 1217 2336 1266 pul-—

1302 1263 1413 1302 chrior
1438 1292 1448 1309 ,
1488 1265 1626 1303 eodem
1669 1263 1850 1302 referente
1875 1292 1885 1309 ‚
1924 1262 2119 1313 primipara
2162 1266 2333 1315 ejectitia,

233 1321 463 1369 quesibi&
498 1321 669 1359 Arnobio
704 1319 823 1358 reddit
858 1320 940 1358 Lib.
977 1319 1045 1357 IV.
1079 1329 1159 1368 pag.
1191 1319 1269 1357 166.
1304 1315 1407 1366 quod
1431 1316 1542 1354 etiam
1566 1315 1740 1354 Martialis
1763 1313 1890 1353 sentit:

233 1377 312 1408 Cur
345 1371 439 1409 enim
477 1372 558 1409 deus
588 1370 719 1422 praefig
754 1370 849 1408 melli
882 1372 947 1408 um'
991 1371 1269 1415 tantummodo,

234 1433 306 1458 non
326 1420 455 1472 praesit
467 1421 674 1465 morbiue,
703 1421 818 1471 rapis,
847 1433 918 1459 non
931 1420 1101 1466 cumilae,
1128 1420 1269 1467 nastur-

233 1472 305 1516 t1'0,
335 1485 404 1509 non
431 1473 569 1522 coepiciis
591 1501 600 1517 ‚
632 1474 788 1510 betaceis
813 1500 823 1516 ,
861 1471 1030 1510 caulibus.
1087 1477 1271 1510 Betaceum

234 1531 361 1561 autem
383 1534 451 1572 pro
475 1525 553 1561 beta
568 1552 578 1567 ‚
606 1532 646 1561 ut
669 1523 894 1560 malvanum
918 1535 986 1571 pro
1009 1522 1139 1560 malva
1163 1551 1173 1567 ‚
1207 1531 1273 1571 pua

1356 1422 1401 1455 Te
1412 1418 1561 1467 fortasse
1584 1417 1694 1468 magis
1715 1415 1821 1466 capiet
1844 1417 1885 1455 de
1908 1415 2043 1465 virgine
2059 1419 2193 1467 porca}

1407 1474 1469 1507 Mo
1492 1480 1659 1508 matema
1679 1467 1789 1519 gravi
1813 1468 1932 1518 desae
1955 1467 2074 1505 vulva
2099 1470 2212 1519 capit..

236 1573 399 1612 Iciaceum
422 1586 490 1623 pro
508 1574 617 1625 puleio
632 1603 642 1619 ,
669 1582 811 1612 veteres
835 1572 960 1612 dixiffe
983 1572 1162 1619 ..erudite
1185 1585 1272 1624 pro-
1308 1568 1399 1607 Inde
1419 1569 1582 1609 Horatio
1605 1570 1725 1620 ampla
1748 1569 1868 1607 vulva
1883 1568 2036 1617 placuit..
2055 1570 2187 1608 Graeci
2199 1573 2339 1618 μητρῖῐιὶ

235 1625 297 1664 bat
321 1624 508 1664 Salmasius
530 1627 568 1664 in
591 1626 759 1664 Solinum
781 1635 860 1674 pag.
885 1625 1136 1674 583.C0R1·n.

1307 1628 1466 1666 vocant,
1492 1621 1736 1660 suaviffimam
1760 1621 1902 1671 quippe.
1919 1630 2067 1657 carnem
2082 1649 2092 1666 ,
2120 1633 2232 1670 quam
2246 1635 2339 1661 con-

289 1689 313 1724 9
342 1675 590 1724 cucurbitae]
623 1678 712 1715 Sunt
736 1678 774 1714 ὅς
796 1677 866 1712 liae
889 1687 968 1712 non
991 1678 1111 1714 minus
1123 1682 1244 1723 gratae
1261 1704 1269 1720 ,
1310 1669 1371 1709 liri
1395 1681 1502 1709 aceto
1526 1674 1669 1723 &jure
1691 1671 1891 1710 secundum
1917 1669 2118 1719 Lynceum
2144 1684 2189 1710 ex
2216 1674 2334 1713 Athe-

241 1726 282 1764 &
303 1726 453 1765 salubres
477 1729 515 1765 in
539 1727 620 1764 cibo
636 1755 647 1771 ‚
674 1727 869 1776 praecipue
903 1727 1040 1774 primus
1075 1726 1204 1763 caulis:
1234 1727 1272 1763 ὅ(
1306 1731 1402 1758 naeo
1427 1722 1600 1760 scribente
1624 1722 1801 1760 discimus.
1830 1721 1944 1758 IDEM·

240 1782 319 1826 quo
342 1779 526 1826 longiores
549 1777 810 1826 tenuioresque
824 1805 834 1821 ‚
865 1787 912 1813 eo
937 1778 1109 1824 gratiores
1124 1803 1134 1820 ,
1163 1777 1201 1814 &
1224 1774 1275 1814 sa-

243 1827 446 1873 hlbriores,
470 1830 579 1878 juxta·
597 1829 686 1867 Plin.
717 1828 872 1865 CA'rAN.

299 1907 314 1932 1
347 1895 487 1938 Bulbi]
528 1895 679 1933 Eorum·
695 1894 798 1932 radix
825 1895 964 1943 optima
992 1921 1002 1938 ,
1031 1895 1144 1932 etiam
1169 1895 1278 1934 cruda
1315 1923 1321 1929 .

245 1944 329 1984 esui.
385 1940 487 1984 Tria
507 1946 703 1984 bulborum
737 1955 871 1994 genera
918 1944 1067 1993 quidam
1118 1945 1280 1992 faciunt,

245 1996 379 2035 Plinius
402 1998 525 2047 plura;
557 1998 708 2035 incitant
731 1996 890 2034 multum
926 1997 1118 2034 Venerem
1143 2024 1154 2042 ,
1193 1996 1281 2035 test.-

249 2047 429 2086 Martiale.
459 2049 574 2087 [nem.

299 2125 321 2149 2
351 2110 604 2160 comoedum]
637 2110 872 2150 Comoediae
895 2109 1072 2147 actorem.
1114 2110 1284 2151 Solebam
1318 2138 1428 2167 naeus
1463 2131 1500 2167 in
1537 2130 1602 2168 suis
1650 2130 1752 2169 libris·

253 2165 293 2200 in
318 2165 498 2202 convivio
521 2158 686 2200 Romani
707 2161 830 2198 audire
854 2163 1029 2209 po'e'mata
1044 2188 1054 2203 ‚
1082 2160 1184 2209 quod
1197 2163 1282 2199 Per-

252 2211 322 2251 fius
344 2215 549 2252 notabiliter
571 2220 677 2250 taxat.
707 2211 823 2248 Ibem.
852 2211 966 2248 Arnz.
988 2211 1167 2248 comoedos.
1209 2214 1281 2250 Of-

254 2262 371 2302 fendit
392 2265 552 2302 librarius
585 2262 734 2301 fortassis
761 2291 771 2307 ,
799 2261 901 2311 quod
934 2260 1084 2309 praestat
1119 2264 1280 2311 optimus

256 2314 449 2354 Mediceus
471 2314 640 2353 comoedos
656 2341 665 2357 ,
692 2313 804 2363 idque
826 2313 912 2350 loco
935 2313 996 2348 vul

257 2366 411 2414 reposui.

1355 1772 1378 1808 6
1408 1771 1590 1823 Echinai]
1622 1774 1768 1822 Optimi
1792 1775 1855 1822 qui
1873 1774 1979 1822 juxta
2002 1773 2189 1812 Misenum
2216 1777 2338 1825 capie-

1309 1820 1464 1869 bantur,
1492 1824 1679 1865 Horatius.
1731 1822 1849 1863 Fuiil'e
1876 1835 2008 1861 eorum
2041 1824 2146 1862 usum
2181 1826 2217 1863 in
2251 1826 2340 1866 cibis

1312 1873 1486 1913 Martialis
1518 1874 1642 1915 afferit.
1699 1876 1789 1914 Sunt
1819 1875 1872 1913 his
1907 1874 2027 1923 spinae
2059 1887 2127 1924 pro
2162 1875 2339 1924 pedibus,

1312 1924 1546 1964 includuntur
1580 1927 1680 1965 enim
1716 1927 1886 1964 echinato
1924 1927 2042 1963 calice.
2097 1925 2158 1963 Est
2181 1927 2220 1964 δε
2242 1927 2341 1969 aliud

1312 1983 1451 2022 genus,
1480 1977 1582 2027 quod
1605 1978 1856 2016 echinometra
1878 1976 2076 2026 appellatur
2101 2005 2111 2020 ‚
2139 1978 2196 2014 cui
2220 1977 2341 2026 spinae

1313 2026 1541 2076 longissimae
1565 2029 1718 2068 caulices
1741 2028 1909 2067 minimi:
1939 2027 1999 2065 sed
2021 2027 2122 2075 plura
2146 2027 2192 2064 de
2206 2039 2339 2069 eorum

1315 2080 1506 2124 generibus
1540 2079 1644 2119 Arist.
1679 2079 1761 2119 Lib.
1799 2078 1865 2116 IV.
1901 2077 1945 2115 de
1980 2078 2124 2116 animal.
2161 2080 2199 2116 &
2222 2080 2341 2120 Athe-

1807 2127 1983 2178 Quidam.
2023 2128 2161 2166 dictum
2211 2141 2341 2179 putant

1317 2182 1414 2223 παρὰ
1439 2183 1480 2217 τὸ
1499 2182 1660 2227 συνεχεῖν
1682 2209 1692 2224 ,
1730 2180 1768 2226 id
1790 2179 1838 2217 est
1873 2208 1884 2224 ,
1922 2191 1941 2217 a
1986 2180 2242 2218 contrahendo
2276 2183 2341 2222 sei-⁷

1316 2229 1420 2277 psum
1443 2231 1481 2268 in
1503 2232 1790 2270 rotunditatem:
1819 2241 1905 2268 nam
1930 2232 1966 2269 in
1989 2230 2194 2268 ulciscendo
2220 2233 2343 2281 ingru-

1317 2289 1439 2318 entem
1474 2281 1717 2320 adversarium
1752 2281 1928 2319 restrictus
1963 2281 2143 2331 spinarum
2189 2284 2343 2323 circum-

954 2365 958 2369 .
991 2314 1284 2368 .g²¹t³⁶⁰m⁰⁶d'⁴m
1319 2329 1509 2370 fei-entiam
1544 2334 1667 2380 obiicit
1690 2333 1790 2371 velut
1812 2343 2127 2370 monumentum:
2157 2342 2219 2371 aut
2241 2336 2342 2384 quod

256 2414 366 2453 habes
389 2417 479 2453 infra
505 2417 575 2455 Lib
579 2387 676 2453 ’¹111‘
700 2414 809 2464 Epist·
833 2414 883 2451 V·
907 2425 942 2450 n·
981 2372 1040 2450 13.)
1065 2365 1284 2453 θΙξξῃᾟὲῙἜὲῒ
1318 2380 1447 2421 habeat
1470 2380 1595 2422 carnes
1615 2385 1719 2433 spinis
1753 2383 1938 2422 contectas
1965 2397 1973 2420 :
2012 2384 2071 2423 vel
2104 2395 2168 2432 per
2203 2394 2343 2423 contras

259 2464 439 2504 Buchncr.
461 2469 506 2506 ad
530 2468 611 2505 Lib.
636 2465 744 2503 VIII.
767 2464 875 2514 Epist.
899 2464 927 2501 Ι.
956 2463 1112 2503 Con'rfi.

1325 2433 1418 2470 rium
1434 2463 1444 2479 ‚
1471 2435 1574 2484 quod
1587 2447 1662 2472 non
1677 2435 1782 2484 poffit
1806 2437 1903 2482 tangi
1927 2444 2075 2484 propter
2097 2434 2219 2484 spinas.
2246 2435 2342 2472 Nam

1326 2484 1475 2524 echinus
1498 2486 1596 2534 apud
1622 2487 1860 2525 Athenaeum
1893 2497 1962 2534 pro
1993 2496 2127 2534 genere
2161 2486 2342 2533 placentae

311 2542 330 2579 3
363 2531 557 2581 Lyristen.]
589 2531 648 2568 Est
671 2533 734 2581 qui
753 2531 871 2579 lyram
896 2529 980 2574 scit,
1008 2528 1289 2568 instrumentum
1323 2533 1498 2581 sumitur,
1525 2537 1741 2575 auc‘toritate
1765 2537 1911 2585 Lyncei
1934 2537 2045 2574 Samii
2070 2549 2078 2573 ι
2107 2537 2145 2573 &
2166 2546 2232 2582 pro
2254 2545 2342 2571 ven-

261 2581 308 2621 ab
327 2583 482 2629 antiquis
507 2591 693 2630 receptum
721 2611 732 2626 ‚
769 2582 823 2619 uti
835 2581 1143 2635 tibiaerejetftum.

1172 2583 1289 2630 Quod
1323 2592 1377 2623 tre
1400 2587 1504 2626 bovis
1526 2587 1623 2636 apud
1647 2588 1805 2627 Suidarn.
1839 2587 1925 2624 Vid.
1960 2589 1999 2625 ὃ(
2032 2586 2235 2624 Hammon.
2266 2583 2343 2631 plu,

264 2632 374 2672 etiarn
401 2632 614 2671 Athenaeus
637 2634 763 2680 probat
787 2643 831 2668 ex
857 2631 1102 2669 Nicostratio:
1133 2634 1172 2670 &
1195 2633 1290 2670 mul·
1326 2637 1428 2676 ribus.
1456 2638 1572 2677 luem.
1602 2639 1745 2677 Echinos
1761 2667 1781 2683 ‚.
1799 2637 1956 2688 quisunt
1969 2637 2156 2692 degenere
2170 2633 2341 2671 testaceo-

258 2684 305 2721 tis
331 2682 423 2721 Gell.
448 2683 528 2721 Lib.
553 2683 697 2720 XVIII.
724 2681 847 2720 Suidas
869 2679 1008 2726 asserit,
1037 2681 1204 2731 mnficam
1235 2684 1291 2721 in·
1326 2698 1406 2725 rum

266 2733 382 2783 teriiffe
397 2763 413 2778 ,Δ
429 2733 610 2784 postquam
626 2732 798 2785 symposia
820 2732 964 2769 introiit.
991 2735 1144 2771 CA'rAN.

1434 2719 1444 2735 ‚
1492 2701 1587 2740 quae
1620 2693 1818 2739 gignuntur
1856 2690 1894 2726 in
1933 2697 2030 2725 mari.
2083 2683 2200 2720 Miror
2238 2683 2345 2720 Cata÷

1326 2750 1461 2778 naeuin
1501 2740 1704 2780 confudisse
1764 2751 1850 2777 cum
1909 2735 2055 2774 animali
2102 2732 2344 2784 quadrupedss

319 2809 341 2838 4
368 2798 528 2844 ostrea]
559 2800 710 2838 Horum
735 2799 871 2837 vivaria
894 2799 1031 2846 primus
1054 2801 1090 2837 in
1125 2797 1290 2836 Lucrino
1329 2790 1543 2829 SCHEFFER-

271 2846 418 2886 instituit
441 2851 570 2898 Sergius
594 2855 710 2887 Orata
735 2879 744 2894 ,
773 2849 942 2886 avaritiae
967 2877 978 2892 ,
1016 2859 1092 2885 non
1128 2848 1290 2887 luxuriae

1379 2854 1396 2890 7
1427 2841 1671 2889 Gaditanal.
1696 2840 1845 2878 Cantica
1870 2865 1882 2880 ,
1917 2833 2204 2883 gesticulationes
2229 2862 2239 2878 ‚
2266 2835 2347 2881 qui-

272 2898 382 2934 causa.
438 2900 611 2936 Crescunt
632 2900 716 2937 luna
740 2901 921 2938 crescente
946 2929 955 2944 ,
985 2898 1178 2938 deficiente
1200 2910 1291 2938 vero
1324 2895 1389 2933 bus
1413 2895 1550 2944 pueltae
1575 2888 1775 2930 Cadit-anae
1799 2888 1996 2943 Plurimum
2009 2883 2237 2934 praestabant.
2266 2884 2349 2934 UH:

273 2950 495 2986 minuuntur.
550 2950 667 2985 Multa
703 2963 832 2987 eorum
867 2961 998 2996 genera
1031 2949 1137 2987 tradit
1173 2951 1291 2989 Athe-
1328 2946 1374 2984 de
1398 2943 1552 2982 Martial.
1576 2943 1655 2979 Lib.
1680 2942 1726 2977 V.
1749 2937 1959 2987 pollicetur:

275 3009 400 3042 naeus,
413 2999 504 3037 nasci
519 3000 554 3035 in
567 2999 766 3046 paludibus,
780 2999 985 3036 fluminibus
1000 3027 1009 3042 ‚
1024 3003 1112 3037 mari
1129 3014 1136 3036 :
1151 3003 1296 3049 optima>

277 3049 413 3086 marina
441 3078 453 3094 ‚
487 3049 546 3085 ubi
583 3047 709 3086 fluvius
745 3057 972 3086 exoneratur.
995 3060 1037 3085 ac
1062 3051 1290 3089 Graecorum

277 3100 445 3154 antiquos
467 3099 580 3140 ostrea
602 3106 746 3138 tantum
769 3097 891 3138 dixisse
915 3126 929 3145 ‚
953 3099 1032 3141 satis
1066 3100 1229 3150 constat,
1255 3104 1293 3144 in

1380 3051 1450 3082 Nec
1476 3043 1517 3080 de
1539 3019 1697 3078 Gadibus
1717 3036 1882 3091 improbis*
1896 3034 2027 3085 puellae

1390 3091 1587 3150 Vibrabunt
1603 3090 1678 3141 [me
1694 3089 1765 3138 fine
1784 3097 1976 3141 prurientes
