2616 3686
322 185 418 240 311.
577 171 1095 225 c.1’t..1.N11
1150 172 1667 226 CAEcrLu
1732 177 2247 234 saeviunt

316 260 423 316 ego
447 243 721 300 interdurn
750 245 982 302 versibus
1013 249 1158 306 ludo,
1240 253 1427 322 Atque
1465 252 1603 305 adeo
1636 250 1823 321 judicii
1859 257 1963 312 mei
1999 271 2053 313 te
2086 257 2325 329 judicem
2342 262 2445 325 ·‚fa-'

317 320 484 379 ciam,
523 317 557 370 si
583 318 713 372 mihi
746 335 813 374 ex
839 320 943 376 hoc
972 321 1085 393 ipso
1111 325 1361 378 lemmate
1386 323 1649 380 secundus
1674 325 1850 382 versus
1874 323 1900 344 '¹
1936 336 2250 390 occurrerit.
2302 335 2443 391 Nam

317 403 528 444 ceteros
568 406 730 446 teneo
743 429 760 456 ,
797 391 853 446 &
885 389 994 462 jam
1031 394 1048 413 ³
1085 396 1346 468 explicui:

505 541 516 551 ·
543 525 559 555 ³
591 527 763 592 Canto
808 532 1044 584 carmina
1080 532 1313 601 vetfibus
1351 534 1572 588 minutis
1587 571 1602 598 ,

541 600 685 661 His,
725 602 848 653 olim
892 603 1081 674 quibus
1122 603 1177 660 ὅ
1214 621 1355 657 meus
1393 606 1669 671 Catullus,

544 673 630 727 Et
668 672 897 734 Calvus,
938 686 1266 746 veteresque.
1344 692 1363 718 ⁴
1403 677 1513 730 Sed
1543 680 1677 751 quid
1706 679 1782 736 ad
1810 680 1929 737 me?

546 742 709 797 ‘Unus
745 747 758 772 ς
801 744 1024 798 Plinius
1061 746 1130 812 est
1166 746 1298 801 mihi
1326 750 1554 820 priores.

540 811 558 836 ⁶
599 815 830 868 Mavult
868 817 1177 883 verficulos‚
1203 822 1330 890 fhro
1369 821 1590 884 releO,

539 883 622 938 Et
657 889 874 958 quaerit
912 892 1049 961 quod
1081 906 1248 954 amet,
1285 910 1302 937 ⁷
1325 904 1594 964 putatque
1631 914 1826 953 amare.

532 955 648 1013 Ille
677 977 714 1015 o
752 960 1012 1028 Plinius,
1050 965 1145 1018 ille
1169 1002 1186 1029 ,
1237 960 1255 987 ⁸
1291 977 1417 1039 quot
1457 966 1716 1023 Catones!

313 1194 490 1234 Scribitur
523 1196 656 1247 duplici
691 1212 739 1237 m.
777 1200 892 1250 Apud
927 1201 1162 1243 Aristotelem
1184 1216 1253 1255 pro
1276 1218 1345 1258 po-

318 1243 450 1284 sitione
464 1276 474 1291 ,
501 1247 537 1285 id
560 1248 609 1286 est
623 1279 632 1294 ‚
660 1253 946 1300 interrogatione
968 1255 1130 1294 sumitur.
1173 1258 1270 1295 Nam
1291 1261 1346 1297 in-

319 1304 519 1345 terrogatio
543 1301 645 1338 causa
666 1302 905 1352 responfionis
928 1304 975 1342 est
990 1334 1000 1349 ,
1029 1319 1073 1344 ex
1096 1318 1168 1356 qua
1190 1307 1348 1359 syllogis-

320 1359 425 1392 mus;
459 1361 541 1386 eam
564 1353 672 1390 etiam
694 1352 917 1403 affumptum
936 1354 1076 1396 dicunt.
1132 1357 1188 1395 Ex
1212 1371 1350 1400 mono-

318 1398 503 1438 lemmatis
542 1402 744 1451 propositio
777 1417 785 1441 :
824 1414 865 1443 ut
899 1406 1082 1455 respiras?
1121 1410 1213 1448 vivis
1233 1411 1350 1460 igitur.

319 1449 420 1488 Nam
454 1450 687 1491 manifestum
722 1454 771 1492 est
804 1454 1063 1506 aflumptum:
1102 1460 1207 1510 quod
1235 1474 1364 1504 omne·

318 1499 422 1549 quod
460 1501 564 1549 spirat
588 1531 598 1547 ‚
636 1505 738 1544 vivit.
793 1510 940 1544 Lemma
985 1509 1127 1560 insuper
1175 1511 1352 1562 dicimus,

319 1549 423 1600 quod
461 1552 612 1591 sumitur
648 1557 790 1595 ratione
821 1556 938 1597 doni:
978 1561 1067 1599 item
1092 1563 1350 1613 prophetiam,

320 1603 360 1640 δε
383 1614 427 1639 ex
450 1605 599 1652 proprio
623 1607 734 1645 corde
757 1610 1045 1659 apophthegma.
1075 1614 1237 1663 Simplici
1259 1627 1350 1656 vero

319 1652 359 1690 in
380 1653 592 1700 dignitatem
617 1685 627 1702 ,
667 1656 924 1698 fortitudinem
949 1691 959 1708 ,
994 1662 1193 1703 elationem
1215 1668 1353 1715 animi,

319 1703 519 1751 superbiam
535 1734 544 1749 ,
571 1706 725 1746 lucrum.
757 1709 791 1746 C
804 1723 826 1746 Α
841 1724 864 1748 τ
880 1725 901 1747 Α
916 1724 951 1749 Ν.
983 1719 1088 1751 Lema
1102 1744 1112 1760 ‚
1141 1714 1291 1767 simplici
1303 1733 1353 1758 m.

318 1753 435 1793 scribit
459 1756 661 1795 Mediceus.
690 1759 743 1796 At
764 1759 880 1798 Arnz.
899 1762 1004 1800 lenia.

377 1818 392 1844 1
424 1807 636 1845 occurrerit.
658 1806 673 1856 ]
714 1809 795 1848 MS.
827 1812 950 1851 noster
970 1816 1131 1854 occurrit.
1158 1818 1222 1856 ΒΑ
1237 1834 1262 1858 R
1280 1836 1302 1860 τ
1317 1834 1355 1860 Η.

324 1856 501 1905 Optimus
524 1871 532 1895 ι
575 1871 738 1898 occurrat
760 1889 772 1907 ‚
813 1863 916 1913 quod
965 1866 1223 1915 recipiendum·
1263 1874 1354 1912 arbi-

323 1913 412 1945 tror.

374 1970 395 1996 2
431 1959 626 2010 Explicuit]
657 1961 714 2000 Sic
734 1963 938 2005 Veterrimi
961 1966 1082 2006 Codd.
1107 1971 1147 2009 &
1165 1974 1354 2020 primiim-

322 2010 428 2057 preffr
451 2022 535 2048 cum
561 2011 660 2050 Aldo
681 2014 838 2065 aliisque.
868 2018 1033 2066 Quidam
1069 2033 1112 2058 ex
1135 2021 1255 2061 licavi.
1295 2026 1355 2065 De

323 2062 482 2099 notione
502 2063 603 2101 verbi
626 2063 700 2102 dixi
721 2066 766 2103 ad
791 2067 870 2105 Lib.
891 2068 959 2107 111.
982 2069 1087 2118 Epist.

323 2110 496 2159 nestiffimi
509 2114 688 2162 sermones
708 2117 941 2166 explicantur.

376 2173 395 2212 3
425 2168 543 2202 Canto
575 2166 784 2218 carmina.]
826 2168 868 2207 In
901 2171 1220 2222 Hendecasyllabis
1243 2175 1357 2217 Sentii

322 2212 541 2262 Augurini,
580 2227 673 2264 quos
705 2218 790 2257 huic
823 2221 994 2270 epistolae
1026 2225 1166 2262 inclufit
1201 2227 1356 2274 Plinius,

324 2263 496 2302 videntur
518 2263 589 2304 effe
611 2269 793 2315 quaedam
810 2298 819 2314 ,
848 2283 942 2321 quae
968 2286 1096 2323 parum
1121 2275 1243 2316 fluant.
1298 2281 1359 2319 Ac

323 2312 423 2354 forte
444 2317 494 2354 ita
515 2315 596 2355 sunt
616 2317 707 2356 haec
730 2323 990 2372 concipienda:

1132 2101 1139 2109 .
1168 2085 1204 2111 n.
1230 2087 1264 2122 4.
1294 2075 1356 2114 he-

377 2422 477 2456 Unus
501 2418 639 2457 Plinius
659 2419 704 2468 est
727 2421 817 2461 mihi
842 2424 994 2474 (priores

379 2470 534 2507 Mavult
558 2471 742 2521 verfi’culm
754 2475 835 2521 foro
857 2479 886 2515 is
904 2478 1020 2515 relillo
1033 2495 1045 2516 .-

379 2524 429 2555 Et
452 2523 589 2576 quaerit
611 2524 702 2571 quod
724 2537 819 2562 amet
836 2556 846 2572 ,
868 2539 1038 2579 putatque
1057 2531 1205 2584 amari)

379 2569 442 2608 Ille
465 2571 597 2609 Pllmus
612 2601 622 2617 ‚
649 2575 707 2611 ille
730 2577 822 2625 quod
845 2584 1009 2618 Catones.

329 2669 372 2708 ln
391 2671 605 2722 quibusdam
629 2674 845 2716 editionibus
869 2680 995 2720 diserte
1016 2692 1115 2722 extat
1136 2713 1148 2730 ‚
1175 2687 1268 2735 quod
1290 2692 1361 2724 Ca-

331 2733 447 2768 tones,
477 2736 555 2763 non
586 2727 682 2776 quid.
740 2727 783 2765 In
803 2730 928 2769 iisdem
954 2733 1001 2770 est
1024 2736 1070 2773 ita
1093 2736 1264 2785 scriptum
1286 2739 1362 2777 hoc

334 2782 502 2813 carmen:
532 2782 628 2813 Unus
654 2777 785 2817 Plinius
807 2782 851 2827 est
873 2782 1112 2834 mihiprioras.
1141 2787 1258 2835 Quod
1273 2788 1361 2828 dure

335 2819 470 2859 dierum
488 2827 575 2864 mihi
588 2828 742 2867 videtur.
771 2832 938 2870 CASAUB.
969 2837 1152 2887 Corrupta
1165 2838 1247 2878 sane
1261 2850 1363 2878 eraut

337 2872 520 2927 quaedam
549 2878 584 2912 in
617 2878 669 2915 his
694 2880 1038 2931 Hendecasylzabis‚
1066 2888 1125 2926 sed
1146 2890 1361 2929 emendatio

335 2928 405 2974 τιτι·
428 2926 577 2976 maximi
599 2937 674 2962 non
698 2929 746 2964 est
769 2932 970 2976 probabilis.
999 2938 1080 2976 Nos
1095 2940 1246 2978 exlibris
1261 2942 1361 2980 Vett.

336 2969 376 3005 &
397 2979 544 3016 ingenio
568 2973 700 3012 Barthii
722 2985 832 3024 atque
856 2982 997 3023 Heinfii
1011 2991 1170 3028 maculas
1182 2991 1338 3029 eluimus
1353 3020 1364 3037 ,

335 3020 376 3056 &
412 3019 455 3055 dc
487 3018 629 3068 singulis
653 3024 864 3065 sententiam
893 3033 1050 3070 nostram
1075 3038 1166 3076 infra
1188 3040 1363 3080 dicemus.

381 3080 407 3117 4
435 3069 501 3107 Sed
533 3072 617 3120 quid
647 3075 697 3110 ad
731 3075 838 3129 mci]
877 3079 979 3120 Nihil
1014 3085 1062 3124 illi
1100 3088 1238 3134 faciunt
1274 3093 1368 3132 mihi

2239 1072 2283 1126 Ι
2314 1093 2447 1132 nunc

1413 1205 1460 1246 ad
1482 1208 1709 1257 exemplum.
1739 1206 1896 1248 Cam«.
1925 1207 2100 1258 Optimus
2124 1221 2132 1246 :
2161 1210 2228 1248 Sed
2246 1210 2285 1250 bi
2305 1213 2392 1262 quid
2402 1215 2451 1252 aa

1415 1267 1499 1296 me?
1529 1269 1574 1296 ex
1598 1256 1733 1297 Glofl‘a.

1471 1323 1489 1358 ς
1519 1309 1658 1347 Plinius
1686 1309 1730 1357 est
1759 1309 1852 1347 mibi
1875 1338 1885 1355 ‚
1917 1308 2020 1359 eya]
2050 1312 2232 1350 Detineor
2255 1311 2453 1352 Hendeca-

1419 1360 1554 1409 syllabo
1578 1362 1652 1399 mei
1673 1361 1790 1400 Plinii.
1820 1362 1973 1399 CATAN.
2003 1362 2138 1400 Plinius
2161 1360 2205 1408 est
2220 1363 2311 1399 mibi
2326 1365 2450 1415 ‚cyc.]

1423 1412 1480 1450 Sic
1500 1411 1609 1449 Palat.
1633 1413 1671 1450 &
1694 1411 1895 1450 Editiones.
1922 1412 2041 1451 Prima
2065 1424 2146 1451 mea
2171 1413 2224 1451 illa
2238 1423 2451 1462 anonyma:

1421 1461 1467 1509 est
1489 1462 1577 1500 mihi
1592 1463 1697 1511 prior.
1718 1462 1750 1500 is
1774 1462 1927 1500 Mavult
1943 1491 1952 1507 ‚
1979 1475 2052 1502 σε.
2093 1464 2127 1501 G
2141 1477 2164 1500 a
2184 1475 2205 1500 u
2223 1477 2245 1500 T
2261 1476 2282 1501 ε
2297 1477 2335 1501 n.
2364 1466 2454 1507 Hoc

1422 1513 1529 1552 dicit:
1560 1513 1667 1550 Unus
1680 1512 1812 1550 Plinius
1824 1512 1871 1550 est
1884 1514 1976 1551 mihi
1987 1523 2064 1551 tota
2074 1516 2278 1565 antiquitas.
2302 1515 2456 1556 Bau-ru.

1423 1564 1541 1602 Reae
1565 1563 1752 1606 Barthius,
1784 1564 1824 1601 ὅ(
1847 1562 2051 1603 consentiet
2072 1565 2164 1602 infra
2187 1566 2391 1604 Catanaeus
2415 1569 2456 1606 &

1423 1614 1648 1653 Buchnerus.
1675 1613 1776 1651 Male
1799 1613 2061 1662 distinguebant
2085 1629 2094 1653 z
2123 1620 2218 1653 Unus
2252 1617 2386 1654 Plinius
2412 1617 2459 1665 est

1425 1666 1536 1710 mihi,
1560 1665 1689 1714 priores
1719 1664 1872 1702 Mavult
1894 1664 2076 1715 versiculos
2100 1674 2169 1705 cet.
2222 1666 2323 1705 Male
2346 1669 2457 1707 etiam

1429 1717 1497 1755 Ed.
1519 1717 1604 1753 Vet.
1625 1716 1670 1759 est
1693 1714 1782 1753 mihi
1796 1717 1893 1765 prior
1915 1745 1925 1761 ,
1953 1717 1982 1754 is
2009 1718 2161 1756 Mavult
2181 1718 2364 1767 versiculos
2388 1728 2458 1759 cet.

1431 1769 1561 1807 priores
1580 1767 1677 1816 apud
1701 1766 1878 1805 Nostrum
1902 1767 2114 1817 frequenter
2135 1769 2388 1819 suntantiqui‚
2415 1779 2458 1809 ut

1428 1818 1509 1857 Lib.
1534 1818 1601 1855 ΠΙ.
1622 1817 1730 1867 Epist.
1757 1819 1822 1856 IV.
1843 1830 1877 1856 n.
1901 1831 1933 1868 ς.
1953 1820 1992 1857 &
2015 1819 2150 1868 paffim.
2190 1821 2271 1858 Nec
2293 1820 2382 1877 dure
2404 1821 2458 1860 di·

1430 1869 1530 1907 &um
1571 1869 1686 1908 videri
1724 1869 1879 1909 debebat
1918 1870 2138 1908 Casaubono
2179 1884 2187 1907 :
2242 1870 2378 1909 Plinnu
2412 1872 2459 1919 est

1422 1921 1577 1971 priores,
1614 1929 1677 1959 aut
1711 1921 1832 1960 durius
1864 1921 1931 1961 erit
1960 1921 2050 1962 illud
2081 1923 2223 1961 Lucani
2265 1922 2349 1961 Lib.
2393 1922 2463 1964 ΙΙΙ.

1425 1982 1475 2009 vs.
1500 1971 1585 2010 108.

1477 2074 1610 2113 Omnia
1633 2075 1767 2124 Caesar
1787 2084 1879 2115 erat.

1430 2177 1506 2215 Ubi
1532 2177 1659 2215 similia
1683 2177 1795 2215 multa
1819 2177 2068 2217 excitavimus.

1482 2230 1504 2265 6
1536 2227 1687 2265 Mavult
1705 2228 2070 2278 prtoresverficulos.]
2100 2229 2220 2277 Magis
2233 2229 2459 2280 capiturscri·

1428 2278 1554 2317 bendis
1585 2278 1765 2317 versiculis
1792 2308 1801 2323 ,
1840 2280 1878 2316 ὃ(
1911 2281 1978 2317 hos
2001 2283 2193 2330 praeponit
2214 2281 2330 2321 studio
2352 2281 2458 2337 orati-

1431 2340 1560 2367 onum.
1588 2330 1662 2367 Vel
1683 2332 1796 2378 magis
1819 2328 1865 2366 sic
1887 2329 2063 2379 distingue
2077 2359 2087 2376 ,
2115 2334 2154 2370 &
2175 2332 2254 2377 dic,
2280 2344 2370 2370 unus
2382 2330 2453 2367 Vlt-

1432 2380 1511 2418 nius
1533 2379 1576 2427 est
1598 2380 1686 2417 mihi
1705 2391 1829 2429 prmres
1845 2409 1855 2424 ‚
1883 2381 1918 2418 id
1939 2381 1988 2419 est
2011 2411 2023 2427 ‚
2052 2394 2120 2432 pro
2144 2383 2289 2420 Catullo
2311 2378 2448 2434 &⁴0¹1-

1430 2441 1505 2476 vo.‚
1530 2443 1574 2468 ae
1591 2433 1665 2469 aliis
1689 2432 1891 2476 veteribus,
1919 2431 2047 2472 studeo
2067 2434 2171 2472 Plinii
2181 2426 2449 2474 Hende0³¹yfl²·

1430 2481 1491 2519 bo.
1520 2483 1675 2520 CATAN.
2419 2526 2426 2532 ,

1485 2545 1504 2580 7
1536 2532 1753 2584 Putatque.]
1783 2533 1887 2581 Quid
1909 2532 1934 2570 si
1953 2535 2070 2583 legas:
2099 2532 2290 2585 probatque
2305 2536 2449 2582 qvam»

1433 2595 1512 2622 non
1531 2594 1638 2634 putat
1652 2594 1668 2623 ‚²
1697 2585 1787 2622 Non
1810 2585 1908 2622 enim
1927 2585 1975 2623 ita
1981 2594 2107 2633 putare
2119 2583 2234 2618 Latini
2247 2586 2447 2633 accipiunt,

1433 2642 1473 2671 ut
1499 2637 1629 2674 Graeci
1653 2637 1756 2673 suum
1778 2635 1924 2684 νομιζειν
1949 2662 1960 2679 ,
1999 2644 2064 2682 pro
2082 2631 2191 2668 solere
2218 2628 2256 2664 &
2277 2638 2314 2663 in
2337 2637 2451 2682 mori-

1434 2684 1499 2723 bus
1521 2697 1563 2723 ac
1583 2686 1848 2724 consuetudine
1879 2685 2018 2722 habere.
2056 2681 2121 2717 CA
2134 2691 2149 2714 s
2168 2689 2187 2714 Α
2203 2688 2227 2711 υ
2242 2687 2273 2712 ι.
2311 2678 2451 2734 vitiose

1434 2746 1570 2785 nempe
1592 2737 1685 2776 Edd.
1708 2737 1848 2784 aliquot
1869 2732 2078 2770 obferebant
2095 2736 2426 2785 ,putatqusaman
2440 2757 2452 2773 ,

1434 2788 1536 2835 quod
1559 2788 1612 2825 τὸν
1634 2788 1727 2824 πάνυ
1746 2781 2072 2833 εά“εοπεέὶι”οῃςῑη
2092 2777 2243 2825 impulit.
2273 2779 2343 2815 bed
2366 2778 2451 2839 Me·

1433 2839 1555 2876 diceus
1579 2867 1589 2882 ‚
1632 2840 1760 2876 Oxon.
1794 2830 1954 2871 Riccard.
1987 2827 2184 2864 Lindenbr.
2217 2839 2302 2865 cum
2332 2829 2453 2885 mdo!

1435 2889 1606 2938 Gryphio
1655 2887 1728 2924 aliis
1749 2883 1898 2920 rectius:
1923 2888 2093 2926 putatque
2115 2892 2246 2915 amare.
2298 2880 2453 2927 Quaerit

1435 2939 1536 2987 quod
1558 2917 1657 2975 auset
1671 2964 1681 2980 ,
1710 2936 1748 2971 &
1769 2930 1869 2980 qUOd
1889 2928 1922 2966 se
1944 2935 2077 2964 l'sssstUO
2098 2941 2220 2968 amase
2243 2938 2343 2978 Ρῑὶῖιὶῑ
2366 2945 2376 2974 ;
2407 2941 2454 2968 ex

1433 2996 1558 3026 natura
1582 2986 1702 3022 omnis
1725 2981 1868 3018 amoris.

1483 3037 1504 3073 8
1535 3035 1634 3082 Quid
1655 3039 1803 3069 Catones
1818 3027 1862 3077 3]
1895 3029 2000 3078 Opus
2026 3029 2071 3067 ess
2090 3030 2208 3068 mirari
2225 3030 2457 3072 severoeiilos

1435 3085 1597 3123 Catones
1619 3081 1778 3131 respectu
1798 3080 1901 3124 Plinii
1926 3080 1941 3117 ἓ
1982 3081 2043 3118 An
2067 3083 2189 3130 potius
2222 3082 2457 3172 referenduns

2410 3143 2431 3171 a
