2616 3686
585 123 950 216 'L'IBER
1022 163 1725 220 v.E1>1sToLA
1795 172 1938 220 vm.

187 226 520 308 ffiffiffifinia,
555 238 647 295 sed
684 248 696 270 ¹
736 237 889 310 plura
926 236 1132 293 diversa
1168 240 1220 292 in
1260 239 1336 293 his
1361 243 1511 311 ipfis,
1549 261 1684 314 quae
1709 247 2015 300 communia
2038 248 2304 312 videntur.

140 355 144 359 >
175 325 374 381 ⁴Narrat
399 318 519 372 sane
543 313 660 376 illa,
698 309 1027 365 narrat0haec
1054 349 1070 373 ‚
1106 310 1195 365 sed
1226 312 1243 331 ²

1265 313 1431 367 aliter.
1511 314 1660 368 Huic
1686 317 1938 384 pleraque
1965 317 1979 342 ³
2008 318 2224 374 humilia
2249 327 2303 378 &

182 391 426 452 sordida,
442 389 494 442 ἃ
510 394 528 419 ⁴
552 404 620 441 ex
643 383 826 440 medio
851 382 1016 452 petita
1038 400 1056 437 :.
1090 383 1164 436 illi
1180 386 1371 440 -omnia
1394 386 1674 440 recondita
1695 425 1711 448 ,
1730 387 2005 457 splendida
2030 429 2046 452 ,
2070 393 2268 446 excelsa
2285 432 2302 455 ,

179 463 528 522 conveniunt.
603 458 764 513 Hanc
800 454 813 480 ⁵
850 454 1050 526 saepius
1084 451 1102 474 ⁶
1137 454 1242 509 offa
1269 495 1285 518 ,
1321 458 1542 512 musculi
1571 497 1587 523 ,
1633 460 1809 513 nervi:
1851 458 1990 512 illam
2019 459 2033 485 ⁷
2058 465 2160 515 tori
2185 465 2302 535 qui-

177 542 300 597 dam
328 535 382 589 &
405 531 547 605 quafi
570 521 761 599 ‘jubae
783 525 999 582 decent.
1077 527 1233 583 Haec
1257 531 1341 584 vel
1367 533 1598 587 maxime
1621 532 1676 585 vi
1706 575 1717 592 ‚
1758 531 2142 597 amaritudine,
2183 534 2200 558 ⁹
2221 538 2303 590 in-

177 612 389 668 stantia:
427 606 509 660 illa
544 599 765 656 ¹⁰tra6³tu
791 598 844 652 &
871 601 1151 662 suavitate,
1190 614 1351 674 atque
1396 606 1554 658 etiam
1594 603 1883 658 dulcedine
1925 604 2115 673 placet.

178 674 386 740 stremo'
411 676 442 698 ¹¹
488 677 582 731 alia
618 670 777 729 verba
803 711 819 737 ,
855 672 983 729 alius
1023 673 1054 692 ¹²
1078 674 1268 739 sonu3‚
1304 677 1398 731 alia
1424 677 1766 734 constructio,

171 891 256 938 'tor,
289 891 327 929 &
349 888 525 938 elegantia
549 888 587 927 ὃς
609 886 762 927 flumine
784 888 961 926 orationis
975 916 987 934 ,
1015 889 1054 928 &
1075 890 1192 928 varie-

172 951 256 983 tate.
283 941 436 978 CATAN.

223 1005 239 1032 1
271 990 379 1028 Plura
402 989 583 1040 diversa.]
613 990 770 1040 Diversa
793 989 841 1027 est
860 989 1117 1028 historicorum
1137 1003 1191 1029 ra-

170 1045 224 1083 tio
254 1041 424 1081 scribendi
456 1043 500 1079 ab
533 1042 746 1079 oratoribus.
785 1040 946 1087 Historici
970 1042 1069 1078 enim
1095 1042 1193 1081 ordi-

166 1105 256 1133 nem
279 1093 330 1130 rei
351 1092 493 1130 servant
517 1120 527 1137 ,
552 1094 590 1131 &
613 1094 762 1130 materia
783 1100 990 1141 praeparata
1015 1099 1189 1131 utuntur:

167 1155 319 1182 oratores
340 1154 430 1181 vero
449 1143 564 1181 multa
581 1144 769 1182 invertunt
791 1145 829 1181 &
851 1141 1006 1190 fingunt.
1051 1143 1190 1183 Prooe-

165 1196 284 1234 mium
314 1194 570 1233 historicorum
596 1223 606 1239 ,
645 1193 782 1231 duabus
811 1202 958 1231 tantum
984 1194 1110 1240 rebus,
1138 1205 1188 1233 atv-

183 1247 329 1285 entione
353 1247 391 1283 ὅ(
415 1245 598 1284 dociljtate
620 1244 783 1284 constare
808 1244 915 1282 debet
937 1273 947 1288 ‚
977 1243 1104 1282 omissa
1127 1246 1189 1284 be-

161 1340 163 1342 ,
193 1296 400 1341 evolentia‚
427 1308 540 1345 quam
562 1297 599 1335 in
620 1296 745 1346 primis
769 1304 891 1332 orator
915 1304 1044 1344 captat.
1076 1295 1188 1335 Luci-

162 1358 252 1386 anus
274 1348 312 1385 in
335 1347 414 1384 Lib.
434 1346 638 1385 scribendae
658 1346 836 1384 historiae.
862 1345 978 1383 IDEM.

212 1411 234 1436 2
265 1395 434 1445 Alium]
474 1397 642 1435 Scribitur
676 1398 775 1435 enim
808 1395 954 1434 historia
975 1397 1020 1435 ad
1039 1409 1186 1436 narran-

156 1446 252 1486 'dum
267 1477 277 1493 ,
305 1458 382 1484 non
405 1446 450 1484 ad
470 1447 700 1494 probandum
725 1475 734 1490 ,
775 1447 814 1484 &
835 1447 928 1483 inter
950 1447 1082 1496 species
1105 1462 1185 1486 nar-

161 1500 348 1536 rationum
380 1509 400 1533 a
432 1496 547 1534 Fabio
579 1502 790 1533 numeratur
815 1523 826 1538 ,
858 1503 895 1532 at
927 1503 1185 1544 quae-oratori

162 1551 339 1587 convenit
364 1547 523 1584 narratio
545 1546 728 1584 interdum
754 1545 990 1582 subtrahenda
1015 1574 1026 1590 ,
1063 1560 1185 1598 neque

159 1599 303 1648 semper
337 1598 535 1647 prooemio
568 1594 837 1634 substituenda:
876 1594 935 1633 scd
968 1608 1035 1645 pro
1058 1600 1185 1638 condi·

161 1650 266 1687 tione
289 1649 472 1686 causarum
497 1646 681 1685 mutanda.
703 1657 864 1694 namque
887 1657 963 1682 non
986 1648 1023 1684 in
1043 1649 1117 1687 hoc
1129 1661 1184 1689 re-

158 1709 261 1749 perta
294 1700 341 1736 est
363 1727 373 1743 ‚
414 1708 452 1735 ut
482 1706 624 1735 tantum
658 1696 850 1745 cognoscat
875 1696 1014 1743 judex,
1041 1699 1101 1737 sed
1122 1702 1182 1739 ali-

161 1759 304 1795 quanto
338 1751 452 1797 magis
485 1757 525 1785 ut
557 1747 755 1786 consentiat
781 1775 792 1793 ‚
820 1758 942 1796 neque
965 1748 1107 1787 neccffe
1135 1752 1183 1789 est

160 1802 405 1838 narrationem
426 1801 463 1837 in
485 1808 631 1837 oratore
655 1797 723 1836 elle
752 1809 875 1836 veram
891 1825 901 1842 ‚
924 1797 982 1836 sed
1005 1800 1180 1840 verisimi-

159 1849 233 1886 lem
259 1879 269 1894 ‚
297 1853 333 1888 in
354 1861 424 1900 qua
447 1851 564 1899 aliqua
587 1849 751 1897 neganda
774 1877 784 1893 ,
812 1848 928 1897 aliqua
953 1848 1153 1898 adjicienda
1168 1882 1177 1898 ‚

161 1899 281 1947 aliqua
310 1900 483 1937 mutanda
499 1929 508 1945 ,
535 1898 748 1949 ficutaiiqua
761 1900 869 1938 etiam
881 1899 1056 1946 tacenda,
1085 1914 1179 1953 quae

166 1950 295 1986 omnia
318 1950 362 1986 ab
380 1949 551 1988 historico
573 1949 794 2000 respuuntur.
824 1950 937 1990 [nem.

212 2010 230 2047 3
262 2000 422 2037 Humilia
434 2001 640 2049 cyfhrdida.
652 2000 828 2050 ]Omnia,
847 2003 881 2039 in
896 2001 1024 2051 quibus
1035 2003 1178 2044 historia

160 2049 319 2087 versatur
335 2078 343 2091 .
375 2050 568 2099 compleeti
592 2062 711 2088 rerum
733 2051 920 2100 scriptores
943 2052 1068 2091 decet:
1096 2061 1177 2093 tum

160 2109 251 2136 vero
281 2103 439 2139 maxime
461 2130 471 2146 ‚
508 2101 701 2150 quomodo
734 2114 902 2152 quaeque
924 2114 977 2141 res
1000 2103 1176 2152 sigillatim

161 2148 409 2188 describendae
431 2149 518 2196 fint,
545 2152 627 2189 cura
650 2152 791 2190 videtur
818 2153 1044 2202 suscipienda.
1084 2158 1178 2195 Dio-

161 2198 237 2236 dor.
265 2201 343 2238 Lib.
365 2201 433 2238 VI.
461 2202 644 2251 Exmplo
668 2202 715 2241 est
739 2204 823 2241 Liv.
847 2205 910 2253 qui
923 2204 1074 2243 obscura
1084 2208 1174 2246 bella

161 2251 269 2287 etiam
296 2251 367 2290 sine
389 2254 560 2301 exemplis
582 2253 748 2291 recenset.
777 2253 891 2291 lum.

209 2312 231 2347 4
260 2304 375 2338 Petita
393 2316 434 2340 ex
456 2302 605 2349 media]
637 2304 741 2341 Trita
756 2332 766 2348 ,
793 2305 974 2354 vulgaria,
1003 2317 1176 2347 commu-

156 2351 236 2388 nia:
268 2351 452 2400 possumus
475 2352 534 2390 ista
559 2355 667 2392 etiam
689 2353 820 2392 referre
842 2355 886 2392 ad
907 2356 1028 2394 verba.
1074 2359 1172 2397 Nam

156 2401 307 2439 audon:
333 2404 500 2441 Luciano
523 2433 533 2448 ,
556 2403 698 2441 historia
721 2405 917 2442 coloranda
943 2405 990 2442 est
1013 2405 1174 2446 dietione

155 2451 257 2489 clara.
313 2453 402 2490 Inde
423 2454 559 2502 saepius
582 2455 744 2495 invenies
765 2455 859 2503 apud
883 2466 1002 2493 rerum
1026 2455 1171 2505 scripto-

157 2513 211 2540 res
230 2502 274 2539 de
298 2503 424 2540 medio
444 2508 553 2552 petita
578 2504 774 2543 vocabula:
806 2506 921 2553 qualia
936 2505 1147 2544 suntcarrus
1162 2538 1172 2553 ‚

155 2552 346 2591 induratus
369 2582 378 2596 ‚
417 2554 622 2601 castellanus
646 2584 656 2600 ,
674 2555 834 2600 ferraria
859 2583 868 2598 ,
895 2555 1070 2603 lignatum
1097 2586 1106 2602 ‚
1133 2572 1171 2594 a-

180 2614 305 2640 uatum
321 2632 330 2647 ,
357 2603 562 2642 rebellatum
578 2635 588 2650 ‚
617 2608 653 2643 &
678 2604 800 2643 fimilia
824 2617 830 2640 :
863 2606 1027 2643 existimo
1048 2616 1171 2647 tamen

158 2616 204 2690 ge
224 2655 324 2691 rebus
345 2655 404 2692 hic
426 2656 551 2705 loqui,
579 2667 663 2693 cum
685 2656 876 2705 sequantur
898 2668 988 2699 mox
1010 2656 1075 2695 alia
1091 2670 1170 2697 ver-

161 2701 215 2740 ba.
240 2703 354 2741 lom.

212 2766 229 2800 5
267 2753 458 2804 saepius]
487 2755 676 2794 Interdum
710 2769 754 2794 cx
784 2766 980 2807 praecepto
1016 2759 1168 2799 Luciani

164 2799 237 2838 vim
258 2804 480 2854 eloquentiae
498 2808 581 2847 licet
601 2807 778 2846 ostentare
803 2837 812 2853 ,
840 2809 900 2846 ubi
921 2810 1027 2858 copia
1049 2821 1169 2848 rerum
1204 2826 1207 2856 l

169 2850 290 2897 exigit:
313 2856 455 2894 laudare
477 2867 602 2895 tamen
624 2860 661 2895 δε
684 2861 887 2907 vituperare
911 2871 1024 2907 par-cc.
1057 2860 1168 2899 [urm.

214 2899 236 2934 6
261 2902 358 2950 offa,
382 2907 544 2955 musculi,
572 2907 669 2957 eya]
700 2910 735 2946 A
760 2922 913 2959 corpore
924 2912 968 2947 ad
981 2911 1166 2950 historiam

166 2945 460 3005 haecpommode
481 2959 654 2998 transsata.
695 2960 785 2997 Sunt
806 2970 929 2999 autem
951 2962 1100 3010 musculi
1124 2975 1167 3000 ex

169 3005 283 3053 nem}
304 3001 340 3038 8<
360 3008 554 3057 cartilagine
577 3009 783 3049 condensati
803 3040 813 3056 ‚
842 3012 971 3061 quibus
994 3013 1103 3050 robur
1126 3026 1168 3049 o-

163 3044 330 3087 stenditur
353 3050 436 3096 ficut
455 3060 582 3099 nervis.
624 3061 730 3102 Licet
751 3064 859 3112 igitur
881 3062 1050 3103 historico
1075 3065 1166 3117 vires

2194 607 2299 662 Po-

1841 676 1981 732 Nam
2008 679 2298 750 plurimum

2105 754 2302 819 refert,

1264 888 1477 936 ostendere,
1501 890 1604 941 quod
1627 891 1895 939 Quinffilianus
1913 893 2091 944 permittit
2112 894 2150 932 in
2173 893 2292 933 decla·

1264 949 1351 978 mat.
1376 943 1505 990 quibus
1528 942 1649 980 similis
1672 943 1718 979 cst
1739 943 1904 981 historia:
1946 943 2166 988 ostendenda
2193 975 2202 990 ‚
2237 948 2294 984 in-

1264 994 1368 1040 quit,
1395 993 1461 1041 offa
1484 1004 1528 1033 ω’
1551 993 1654 1030 nervi
1677 994 1931 1043 controvcrfiae
1943 1009 1983 1031 ac
1998 995 2292 1036 declamationis.-

1263 1051 1299 1080 at
1321 1045 1455 1082 oratori
1479 1044 1575 1082 secus
1600 1044 1821 1082 faciendum.
1845 1057 1929 1082 nam
1954 1048 2046 1083 vires
2069 1046 2289 1087 dissimulan-

1263 1092 1330 1131 dae
1344 1122 1354 1138 ‚
1385 1096 1423 1132 ὃ(
1447 1095 1538 1133 illius
1551 1096 1787 1144 praecipuum
1802 1095 1994 1134 artificium
2009 1124 2019 1140 ,
2048 1106 2132 1132 cum
2148 1108 2192 1133 ex
2215 1107 2290 1138 arte

1259 1144 1430 1194 loquatur
1445 1174 1455 1189 ,
1483 1158 1529 1183 ne
1551 1158 1604 1183 ars
1626 1146 1694 1183 ulia
1717 1145 1893 1187 videatur.
1921 1146 2037 1184 IDEM.

1312 1207 1328 1242 7
1363 1195 1482 1246 Tori.]
1507 1198 1653 1246 Pulpae.
1687 1197 1844 1242 Oratio,
1863 1196 1950 1235 ficut
1974 1209 2105 1246 corpus
2126 1199 2289 1239 hominis

1259 1245 1409 1295 alicujus
1430 1276 1440 1293 ,
1469 1259 1513 1286 ea
1534 1248 1687 1302 demum
1711 1248 1859 1297 pulchra
1883 1248 1930 1286 est
1954 1277 1964 1293 ‚
2002 1250 2039 1285 in
2058 1259 2130 1298 qua
2151 1260 2228 1285 non
2250 1262 2289 1288 e·

1262 1298 1406 1335 minent
1428 1309 1547 1337 venae
1572 1328 1582 1345 ‚
1619 1309 1688 1337 nec
1711 1296 1784 1336 offa
1806 1307 2048 1337 numerantur
2076 1312 2084 1335 ;
2112 1299 2171 1336 sed
2191 1308 2288 1338 tem-

1259 1357 1401 1395 peratus
1425 1351 1464 1388 ὃ(
1485 1350 1603 1388 bonus
1625 1349 1766 1399 sanguis
1788 1351 1916 1400 implet
1938 1350 2104 1388 membra
2118 1351 2289 1389 &exsur-

1259 1398 1309 1444 git
1341 1401 1429 1437 toris
1453 1429 1463 1445 ,
1501 1401 1595 1450 ipsos
1626 1412 1778 1450 quoque
1810 1413 1944 1440 nervos
1978 1401 2088 1439 robur
2108 1403 2218 1451 tegit,
2247 1403 2287 1442 δε

1260 1446 1372 1486 decor
1395 1452 1645 1490 commendat.
1674 1451 1835 1489 Tacitus.
1866 1452 1981 1490 Imm.

1310 1498 1330 1534 8
1359 1500 1531 1550 Jahn]
1572 1502 1781 1539 Exuttantia
1814 1504 1851 1541 ὃς
1883 1503 1996 1541 decor
2026 1504 2200 1543 orationis
2222 1516 2286 1555 per

1255 1547 1357 1594 jubas
1379 1552 1596 1590 monstratur
1618 1581 1628 1597 ‚
1657 1551 1745 1590 sicut
1767 1565 1831 1601 per
1851 1561 1952 1592 toros
1971 1553 2162 1602 plenitudo
2183 1557 2222 1593 δε
2244 1568 2290 1594 uv

1259 1598 1385 1637 bertas.
1440 1603 1667 1653 Quanquam
1699 1602 1828 1642 Fabius
1849 1613 2003 1643 moneat
2025 1607 2182 1643 orationi
2205 1618 2284 1646 non

1258 1648 1392 1688 debere
1423 1651 1534 1690 inesse
1556 1654 1775 1692 athletarum
1797 1662 1899 1693 toros
1922 1684 1933 1700 ‚
1969 1654 2030 1693 sed
2053 1657 2211 1694 militum
2234 1657 2285 1696 la·-

1255 1708 1393 1738 certos:
1422 1713 1491 1740 nec
1514 1703 1774 1742 versicolorem
1806 1705 1900 1742 illam
1927 1733 1936 1749 ,
1971 1716 2040 1753 qua
2073 1707 2286 1747 Demetrius

1254 1748 1446 1790 Phalereus
1480 1754 1665 1797 dicebatur
1687 1757 1740 1793 uti
1765 1784 1776 1799 ‚
1813 1756 1951 1794 vestem
1973 1756 2067 1794 bene
2090 1758 2133 1795 ad
2160 1759 2284 1798 foren-

1252 1798 1325 1837 sem
1351 1803 1540 1849 pulverem
1565 1805 1694 1844 facere:
1730 1806 1874 1845 Verum
1897 1806 1992 1845 aliud
2016 1808 2063 1845 est
2085 1808 2283 1856 posteritati

1254 1852 1440 1892 consulere
1459 1883 1468 1900 ‚
1496 1855 1594 1893 aliud
1615 1858 1757 1898 utilitati
1771 1858 1957 1905 praesenti.
1986 1858 2028 1895 Iu
2041 1860 2105 1896 alia
2118 1861 2280 1901 lectione

1254 1900 1320 1939 fuit
1341 1903 1472 1950 tubae,
1500 1906 1535 1945 id
1559 1907 1607 1945 est
1629 1910 1862 1947 eminentiae.
1890 1909 2005 1947 IDEM.
2034 1909 2149 1948 Tabae
2173 1911 2274 1953 estin

1253 1951 1357 1990 Voff.
1383 1958 1512 1994 Oxon.
1530 1969 1571 1994 ac
1597 1958 1688 1997 Edd.
1712 1959 2028 2009 Aldi&Gryphii.
2059 1962 2277 2010 Corruptius

1251 2001 1319 2041 Ed.
1342 2005 1377 2042 V
1382 2015 1428 2043 et.
1450 2007 1584 2046 turbae.
1613 2009 1806 2049 Mediceus
1842 2011 1940 2049 reete
1973 2010 2073 2049 iubae
2097 2039 2107 2056 ,
2147 2014 2277 2063 quibus

1250 2064 1334 2092 cum
1353 2058 1438 2094 toris
1460 2060 1589 2098 melius
1609 2063 1809 2106 convenit,
1837 2073 1948 2111 quam
1972 2062 2075 2100 tubis.

1299 2118 1323 2153 9
1358 2107 1583 2159 1nstant1'a.]
1624 2112 1764 2150 Rerum
1805 2113 2010 2162 frequentia
2035 2142 2046 2157 ,
2075 2114 2276 2163 brevitate,

1249 2165 1362 2203 quam
1387 2160 1572 2198 Secundus
1596 2162 1632 2198 in
1653 2163 1846 2201 Saturnino
1868 2164 2134 2209 commendat,
2162 2169 2275 2215 qualis

1250 2205 1492 2257 Thucydides
1517 2214 1555 2250 &
1575 2212 1727 2251 Tacitus
1750 2242 1761 2258 ,
1789 2222 1828 2251 ut
1852 2215 2045 2252 verborum
2072 2226 2187 2264 prope
2208 2229 2276 2254 nu-

1250 2266 1395 2295 merum
1429 2260 1686 2300 sententiarum
1727 2275 1885 2301 numero
1923 2264 2127 2313 sequantur.
2173 2266 2273 2306 Nam

1247 2313 1402 2357 uterque
1423 2310 1590 2349 historiae
1612 2314 1835 2359 gravissimus
1858 2313 1998 2351 auetor.
2032 2315 2186 2352 Carnu.

1298 2369 1343 2395 10
1373 2361 1545 2409 Traa‘luff
1576 2361 1900 2409 Amplificatione:
1941 2375 2026 2401 cum
2059 2367 2151 2402 inter
2187 2368 2271 2408 alias

1247 2409 1398 2445 oratoris
1420 2411 1566 2448 virtutes
1588 2412 1676 2448 haec
1699 2424 1774 2450 non
1800 2415 1953 2452 minima
1974 2413 2043 2459 fit,
2072 2428 2182 2463 parva
2206 2430 2271 2456 au-

1242 2465 1348 2503 gere,
1379 2470 1511 2508 magna
1535 2462 1722 2507 minuere,
1752 2465 1789 2501 &
1814 2465 2002 2503 immorati
2025 2465 2178 2512 diutius,
2208 2471 2269 2510 ubi

1245 2518 1334 2592 ppus
1372 2507 1412 2545 sit
1437 2537 1447 2554 ,
1485 2520 1524 2547 ut
1547 2512 1674 2549 meiius
1697 2515 1826 2552 animis
1849 2514 2059 2554 auditorum
2082 2517 2266 2567 infigatur.

1278 2570 1301 2593 D
1317 2571 1336 2596 E
1352 2572 1390 2597 M.

1294 2621 1332 2647 11
1367 2610 1454 2647 Alia
1481 2611 1635 2662 verbm]
1665 2614 1817 2653 Diversa
1841 2616 1919 2654 sunt
1932 2618 2110 2667 quaedam
2124 2621 2266 2661 histori-

1241 2670 1369 2698 corum
1404 2663 1510 2699 verba
1532 2663 1576 2700 ab
1598 2673 1753 2704 oratore.
1805 2668 1902 2704 Nam
1928 2670 1991 2706 illis
2015 2671 2192 2717 peculiare
2217 2673 2265 2711 est

1240 2709 1357 2748 dict—re
1372 2740 1381 2755 ,
1405 2713 1526 2760 pilare
1549 2742 1558 2757 ,
1578 2715 1698 2761 facere
1716 2717 1956 2765 imprcffionem
1979 2747 1988 2761 ‚
2027 2732 2146 2758 canere
2177 2735 2265 2760 rece·

1237 2761 1313 2807 plui
1328 2789 1336 2804 ‚
1367 2765 1561 2801 centuriam
1577 2792 1586 2807 ‚
1613 2764 1769 2813 lapidare
1786 2796 1794 2810 ‚
1822 2768 2067 2811 cafimnmri
2083 2799 2092 2814 ,
2105 2773 2264 2821 expedire

1239 2812 1344 2866 zrfiem
1373 2841 1382 2856 ‚
1410 2815 1653 2863 ⁵‘inresigmmos
1677 2844 1686 2860 ‚
1715 2817 1857 2855 vicanos
1883 2847 1892 2863 ,
1919 2820 2122 2867 claffiahos,
2143 2823 2265 2873 suppe-
2292 2855 2294 2857 .

1240 2874 1306 2898 [ms

1332 2891 1341 2907 ‚
1371 2866 1409 2900 ἃ
1431 2865 1495 2902 azia
1519 2867 1630 2903 multa
1655 2895 1665 2911 ‚
1694 2869 1822 2916 quibus
1845 2878 1968 2907 orator
1988 2882 2180 2921 nunquam
2199 2873 2264 2913 nisi

1242 2924 1304 2961 per
1327 2914 1595 2953 translationem
1617 2919 1739 2956 utitur.
1769 2919 1884 2957 IDEM.

1295 2976 1335 3001 12
1365 2970 1484 3003 Sonus.
1502 2965 1515 3014 ]
1533 2966 2001 3020 Historico‚praeterquam
2017 2974 2052 3010 in
2068 2976 2259 3015 concioni-

1241 3013 1305 3050 bus
1322 3044 1331 3056 ‚
1357 3027 1449 3054 unus
1464 3019 1501 3055 ὅ(
1524 3026 1721 3066 perpetuus
1743 3020 1849 3059 debet
1874 3021 1943 3060 esse
1961 3034 2063 3069 sonus
2080 3042 2090 3061 :
2121 3029 2255 3064 oratori

1240 3065 1347 3105 secus.
1375 3065 1474 3107 Nam
1498 3066 1524 3107 fi
1544 3067 1708 3116 lugubria
1729 3072 1857 3112 tradat
1881 3074 2048 3115 verbis&
2063 3087 2156 3115 voce
2169 3087 2258 3123 que-

1582 3119 1614 3158 Z
1641 3130 1661 3158 z
2160 3124 2263 3173 mla,

2220 186 2312 244 361*

2352 471 2411 525 ια’.
