2616 3686
587 192 943 281 LynER
1006 192 1099 252 lx,
1162 192 1733 250 EPls'roLA
1800 197 1913 254 XL..
2072 254 2075 256 ,
2213 226 2313 284 705

446 341 578 402 XL.
655 343 725 401 C.
801 344 1246 410 Ριικιυε
1318 342 1648 406 Fusco
1707 347 1898 407 ,Suo
1973 351 2026 411 S.

167 496 366 561 Edocet
391 494 603 570 Fuscum
624 497 798 549 vitam
820 494 979 569 suam
1011 493 1276 551 hiemalem
1299 533 1317 561 ‚
1368 512 1481 550 cum
1495 499 1642 572 prius
1669 495 1959 571 aestivalem
1973 497 2301 576 figntficaffit,

247 573 345 633 Ad
363 573 482 627 haec
519 570 668 626 addit
700 571 824 646 quid
853 588 975 628 vere
995 610 1014 639 ,
1068 572 1191 647 quid
1224 581 1470 630 autumno
1505 572 1780 648 consuescat
1808 572 2126 632 Laurentino
2150 596 2297 646 rure,

245 647 334 705 ubi
358 648 703 727 apricabatur.
766 683 771 688 -

280 798 457 855 Cribis
484 810 755 870 pergratas
785 797 882 852 tibi
907 797 1057 854 fuisse
1082 799 1266 856 literas
1292 816 1465 869 meaS,
1502 797 1693 872 quibus
1725 800 2023 871 cognovisti
2047 841 2063 866 ,
2101 820 2293 875 quem-

276 873 574 929 admodum
611 874 664 926 in
691 872 887 928 Tuscis
917 879 931 902 ¹
963 875 1137 929 otium
1173 875 1377 929 aestatis
1400 878 1675 944 exigerem
1700 892 1712 928 :
1755 875 1979 947 requiris
2006 919 2022 944 ‚
2067 879 2198 950 quid
2225 897 2294 934 ex

169 951 278 1005 hoc
319 950 374 1003 in
412 948 747 1002 Laurentino
782 947 961 1002 hieme
994 962 1316 1020 permutem.
1406 949 1586 1012 Nihil,
1647 948 1743 1004 nifi
1776 949 1930 1021 quod
1965 953 2334 1009 meridianusa

167 1023 385 1080 somnus
408 1023 690 1085 eximitur,
728 1024 1069 1094 multumque
1094 1024 1166 1078 de
1187 1022 1347 1079 nocie
1375 1030 1394 1054 ²
1417 1024 1498 1078 vel
1523 1038 1647 1078 ante
1667 1057 1683 1079 .
1722 1026 1803 1078 vel
1824 1023 1943 1095 post
1966 1026 2112 1081 diem
2134 1029 2289 1084 sumi-

168 1111 295 1154 tur:
345 1103 361 1132 ⁸
390 1098 477 1161 δε,
510 1096 546 1150 si
574 1097 769 1167 agendi
812 1099 1088 1151 necessitas
1124 1097 1315 1163 instat,
1351 1116 1488 1172 quae
1516 1096 1770 1170 frequens
1796 1099 2003 1163 hieme,
2047 1119 2156 1156 non
2178 1104 2289 1173 jam

166 1172 443 1228 comoedo
460 1210 477 1236 ‚
520 1172 603 1225 vel
625 1170 833 1244 lyristae
858 1171 975 1243 post
1001 1189 1231 1235 coenam
1255 1174 1440 1228 locus:
1481 1173 1575 1227 sed
1597 1175 1684 1227 illa
1711 1191 1850 1246 quae
1877 1173 2068 1229 diflavi
2087 1214 2103 1238 ‚
2142 1178 2287 1232 iden-

164 1247 335 1302 tidem
360 1244 715 1301 retrastantur
739 1284 756 1311 ,
795 1264 855 1300 ac
877 1245 1030 1301 fimul
1057 1250 1348 1302 memoriae
1369 1247 1640 1318 frequenti
1659 1248 2038 1307 emendatione
2065 1251 2203 1320 profi
2215 1253 2285 1306 ci-

163 1334 269 1378 tur.
315 1319 505 1378 Habes
525 1318 746 1384 aestate,
787 1320 963 1376 hieme
985 1322 1460 1379 consuetudinem:
1500 1323 1708 1379 ⁴addas
1734 1323 1868 1387 hue,
1906 1325 2060 1386 licet,
2100 1344 2192 1380 ver
2228 1327 2327 1395 &3

2131 1414 2288 1457 autu-

164 1493 207 1533 &
228 1493 346 1533 Celeri
366 1492 667 1532 machinatoribus
692 1493 798 1533 tradit
830 1494 982 1533 Tacitus
1010 1493 1198 1543 ingenium
1258 1493 1298 1530 ὅτ
1315 1492 1447 1532 ibidem
1476 1506 1486 1532 ι
1525 1493 1790 1533 Tantumnum
1814 1496 1996 1544 summam
2017 1496 2190 1533 malorum
2197 1497 2283 1544 suo-

167 1545 209 1582 ὃ(
227 1544 414 1583 audaciam
434 1543 537 1583 fuiss'e
556 1544 664 1581 etiam
683 1555 777 1594 quae
796 1553 922 1583 natura
942 1544 1199 1595 denegaviflet‚
1257 1557 1338 1601 rum
1365 1544 1535 1594 proseffus.
1573 1546 1734 1584 Valerius
1762 1546 1843 1583 Lib.
1872 1547 1957 1584 Vll.
1993 1551 2081 1595 Ergo
2095 1547 2280 1597 spo-'iatam

168 1605 234 1645 per
254 1604 366 1634 artem
388 1602 540 1633 tentare.
565 1594 632 1633 CA
644 1605 668 1632 ‘r
683 1607 706 1632 A
719 1608 755 1632 u.
1258 1593 1351 1632 boms
1367 1595 1670 1645 propugnatoribus
1688 1596 1869 1634 civitatem
1890 1604 2123 1635 tantumnum
2153 1598 2280 1638 vinetis

223 1657 255 1685 ι.
282 1647 403 1684 otium
425 1643 606 1695 aestatis.]
635 1644 833 1683 Aestivales
850 1645 952 1683 ferias
969 1673 981 1688 .
1009 1643 1136 1695 quibus
1154 1645 1192 1685 in
1254 1645 1417 1686 manibus
1447 1646 1473 1684 ιε’
1490 1647 1655 1684 tradidit.
1679 1647 1717 1683 &
1738 1646 1806 1684 lll.
1831 1647 2090 1685 Tantumnum
2109 1649 2177 1696 post
2188 1651 2278 1695 sata

164 1704 246 1734 rura
265 1696 324 1734 sua
340 1696 552 1735 secedebant
572 1695 714 1744 prolatis
731 1696 845 1734 rebus.
869 1695 933 1734 Bu
948 1706 972 1733 c
984 1707 1007 1731 u
1022 1710 1043 1732 Ν
1062 1708 1083 1733 s
1095 1707 1132 1733 a.
1244 1700 1317 1745 sua·
1336 1696 1375 1735 iu
1385 1697 1504 1748 finum
1518 1698 1657 1746 patriae
1684 1707 1820 1734 cruento
1849 1696 2001 1744 trophaei
2030 1698 2130 1735 titulo
2150 1700 2282 1741 retulit.

216 1757 256 1783 2.
285 1746 381 1795 Veh]
412 1749 509 1785 Ante
527 1745 626 1784 diem
648 1774 659 1790 ‚
700 1747 759 1784 vel
781 1745 859 1794 post
876 1745 987 1784 diem.
1004 1757 1090 1783 cum
1114 1757 1192 1784 nox
1253 1747 1294 1785 &
1328 1746 1406 1783 alibi
1446 1748 1593 1794 saepius.
1629 1746 1733 1783 CAT
1748 1760 1766 1782 A
1780 1759 1818 1784 N.
1871 1753 1933 1784 Ver
1962 1758 2005 1785 <7¹
2026 1752 2276 1801 autumnum]

162 1794 286 1846 incipit
309 1824 320 1842 ‚
357 1797 394 1836 id
429 1797 479 1836 est
512 1796 571 1835 vel
596 1796 634 1834 in
660 1798 804 1846 vespera
826 1824 838 1842 ,
874 1798 932 1835 vel
957 1805 1042 1834 ante
1071 1807 1192 1835 mane.
1251 1795 1377 1834 Torfit
1401 1796 1460 1833 hic
1486 1798 1586 1834 locus
1606 1796 1877 1835 eruditiffimum
1900 1797 2125 1836 Catanaeum
2141 1827 2152 1842 ‚
2174 1802 2277 1850 cujus

167 1845 360 1886 CarAu.
405 1848 485 1886 Lib.
506 1847 571 1885 111.
608 1846 715 1897 Epist.
733 1848 762 1886 1.
798 1857 836 1887 n.
853 1859 891 1897 9.
916 1846 1034 1886 Sumit
1052 1846 1192 1898 aliquid
1249 1845 1482 1891 emendatio,
1510 1845 1535 1884 s1
1552 1857 1679 1885 verum
1704 1847 1822 1886 dicere
1841 1849 1923 1887 licet
1949 1874 1960 1891 ,
1986 1848 2162 1896 pastoritia
2180 1849 2276 1890 fistu-

166 1894 214 1934 de
234 1895 344 1934 nocte
365 1906 408 1936 e?
425 1898 561 1948 aestate.
1245 1896 1277 1934 la
1298 1898 1417 1946 potius
1430 1924 1441 1941 ‚
1468 1908 1578 1946 quam
1597 1896 1715 1945 plausu
1737 1897 1853 1945 digna.
1879 1898 1914 1932 V
1918 1898 2069 1937 eriffime
2087 1911 2177 1938 vero
2198 1902 2272 1941 Le.

221 1957 258 1996 3.
283 1950 331 1984 Et
351 1974 362 1990 ,
386 1946 417 1995 li
434 1948 557 1997 agendi
575 1949 743 1999 neceffitas
760 1946 903 1996 instat]
938 1951 1052 1996 Agere
1072 1976 1084 1993 ,
1118 1958 1187 1996 pro
1246 1947 1359 1991 etius,
1387 1949 1425 1985 &
1443 1947 1744 1996 ingeniofissime,
1772 1949 1832 1997 qui
1855 1949 1903 1986 ita
1921 1949 2158 1989 emendabat:
2186 1954 2271 1990 Ad-

166 1997 284 2034 causas
304 2006 410 2045 agere
432 2024 445 2041 ‚
478 1997 635 2035 absolute
665 2000 703 2036 &
733 1999 790 2036 hic
811 2000 849 2036 &
871 1997 950 2036 alibi
971 1998 1069 2036 dixit.
1095 1997 1186 2036 Inde
1243 1998 1309 2036 das
1326 1997 1394 2034 hue
1411 1999 1487 2035 licet
1507 2010 1572 2036 ver
1593 1999 1631 2036 &
1650 2007 1868 2039 autumnum
1881 2026 1892 2042 ‚
1919 2011 2005 2049 quae
2026 2000 2117 2038 inter
2139 1999 2272 2040 hiemen

165 2049 260 2083 ιέῖον
284 2035 322 2084 8(
342 2048 427 2084 anio
438 2049 578 2097 propria
599 2049 671 2086 fori
692 2049 731 2086 &
747 2048 971 2098 judiciorum
1001 2049 1188 2088 vocabula.
1243 2049 1470 2099 aestatemque
1487 2049 1602 2086 media
1615 2077 1626 2093 ‚
1653 2059 1694 2085 ut
1716 2048 1804 2086 nihil
1825 2050 1866 2086 de
1884 2049 1938 2087 die
1958 2051 2105 2096 perdunt
2118 2079 2127 2095 ,
2153 2052 2204 2088 ita
2228 2055 2269 2092 de

164 2093 194 2134 Β
207 2108 232 2134 υ
243 2107 267 2134 c
278 2107 305 2135 Η
319 2108 343 2134 Ν
356 2108 377 2134 ε
391 2109 430 2136 ιι.
1244 2103 1337 2136 nocte
1356 2099 1548 2146 parvulum
1568 2101 1765 2150 acquirunt.
1790 2099 1822 2136 C
1836 2113 1857 2136 A
1872 2113 1888 2135 s
1904 2113 1925 2135 A
1940 2113 1963 2136 u
1979 2112 1997 2136 n
2011 2112 2036 2137 o
2052 2114 2091 2140 Ν.
2131 2107 2194 2140 Ver
2221 2115 2262 2143 <9-

164 2144 167 2146 ’
218 2160 253 2193 4.
279 2147 444 2198 Aridus]
473 2147 528 2186 Sic
547 2147 764 2197 legendum,
790 2150 905 2188 addas
927 2149 992 2186 huc
1011 2148 1087 2187 licet
1107 2156 1188 2186 tan·
1242 2151 1582 2198 aurumnummm]
1612 2152 1665 2189 lta
1675 2149 1772 2187 reete
1782 2149 1886 2188 MSS.
1901 2149 2264 2202 Neustetteri,neque

165 2202 245 2235 tum
268 2209 345 2235 non
377 2209 469 2246 quae
494 2199 584 2237 inter
613 2199 766 2247 hyemem
795 2200 1018 2250 aestatemque
1046 2200 1186 2246 media,
1241 2200 1375 2238 abeunt
1393 2228 1404 2245 ,
1437 2209 1499 2238 aut
1526 2201 1599 2239 Pal.
1635 2208 1696 2238 aut
1728 2199 1819 2238 Edd.
1849 2200 1949 2238 Vett.
1977 2202 2013 2238 in
2034 2203 2159 2251 quibus
2187 2217 2267 2243 vere

162 2246 202 2286 id
221 2247 365 2285 estlicet
386 2248 495 2286 etiam
516 2249 578 2286 tibi
598 2248 683 2286 scire
696 2275 706 2291 ,
729 2261 822 2298 quae
850 2251 980 2288 soleam
1003 2253 1120 2287 facere
1147 2251 1184 2288 in
1246 2260 1388 2289 tantum
1409 2264 1494 2288 num
1518 2263 1603 2301 quae
1624 2279 1633 2294 .
1670 2249 1798 2289 indicia
1818 2251 1987 2288 nimirum
2009 2263 2116 2289 verae
2134 2253 2264 2291 lettho-

85 2312 91 2317 ·
163 2307 253 2336 vere
270 2300 309 2335 ὅ(
330 2306 521 2335 autumno.
547 2297 638 2335 Sunt
669 2300 767 2337 enim
799 2299 888 2337 haec
914 2302 990 2337 duo
1018 2308 1185 2348 tempora
1242 2302 1309 2345 nis,
1366 2304 1462 2339 Nam
1494 2313 1631 2350 nupere
1660 2299 1762 2337 cufi:
1799 2300 1929 2337 Addas
1964 2300 2030 2337 huc
2055 2302 2131 2340 licet
2157 2315 2264 2342 autu-

163 2347 259 2386 inter
277 2349 455 2397 hyemem
477 2350 516 2385 δε
536 2348 717 2385 aestatem.
751 2350 864 2400 Huc.]
902 2350 963 2387 Ad
991 2350 1185 2388 consuetu-
1245 2364 1391 2394 mnum,
1409 2364 1503 2401 quae.
1556 2352 1703 2388 Locum
1733 2351 1831 2387 hunc
1859 2351 1997 2387 dudum
2015 2379 2025 2394 .
2053 2354 2261 2402 conjectura

164 2398 289 2437 dinem
311 2398 444 2437 aestatis
463 2399 502 2435 ὃ(
519 2397 673 2446 hyemis.
700 2397 792 2436 Licet
809 2413 873 2436 ver
888 2411 931 2438 ω’
950 2410 1161 2438 autumnum
1174 2429 1185 2446 ,
1245 2402 1442 2440 amicissimi
1462 2400 1570 2438 nostri
1593 2399 1711 2438 Leelii
1730 2401 1778 2438 ita
1794 2399 1992 2438 restitutum
2013 2403 2100 2440 mihi
2123 2407 2263 2451 persua-

189 2463 253 2487 uae
274 2448 376 2498 eyn]
407 2454 631 2486 Tantumnon
651 2447 725 2486 five
753 2459 981 2487 tantumnum
1003 2477 1013 2492 ‚
1051 2452 1182 2489 etiam:
1246 2450 1340 2495 de0;
1367 2451 1532 2501 quamvis
1553 2452 1590 2488 in
1609 2452 1746 2500 aliquot
1765 2449 1979 2488 editionibus
2001 2463 2187 2501 appareat,
2219 2456 2262 2493 li-

194 2507 254 2537 cut
271 2500 421 2538 dicimus
433 2500 561 2542 ‚etiam
588 2499 730 2537 dicendi
751 2501 884 2536 modus
899 2500 958 2537 1110
976 2501 1092 2538 seculo
1105 2513 1183 2539 non
1244 2512 1293 2539 cet
1312 2503 1370 2541 vel
1390 2512 1613 2538 autumnum.
1667 2501 1761 2539 Nihil
1779 2502 1877 2539 enim
1897 2501 1954 2539 hic
1972 2511 2074 2540 notat
2093 2507 2259 2550 particula

165 2549 356 2589 inufitatus.
381 2549 458 2598 lpse
472 2549 663 2587 Lib.Vlll.
690 2549 949 2587 Tantumnum
969 2551 1058 2587 redit
1067 2552 1182 2589 animo
1241 2553 1299 2590 vel
1310 2567 1322 2596 ;
1350 2553 1506 2601 facitque
1521 2551 1687 2600 profecto
1702 2552 1866 2600 injuriam
1884 2551 2172 2592 industriofiffimi
2192 2556 2260 2593 ho-

164 2599 221 2641 due
236 2601 359 2638 cla-vus
376 2600 415 2638 in
429 2599 610 2649 penatibus
628 2599 693 2637 mei
705 2602 874 2650 sumptus.
900 2600 999 2638 Silius
1019 2600 1106 2639 Vll.
1240 2604 1346 2641 minis
1375 2603 1524 2650 ingenio
1552 2602 1820 2650 elegantiffimo.
1855 2601 1959 2641 GRu
1975 2616 1997 2640 τ
2010 2616 2030 2640 ε
2045 2618 2080 2641 κ.
2119 2605 2222 2653 Lege
2245 2618 2255 2645 ε

1236 2653 1351 2691 addas
1369 2654 1435 2690 huc
1452 2653 1527 2690 licet
1546 2663 1756 2689 autumnam
1768 2680 1777 2696 ,
1804 2664 1940 2700 nempe
1959 2654 2255 2693 consuetudinem

395 2700 657 2740 Tantumnum
674 2699 802 2746 firmis
819 2697 1046 2738 mucronibus.
1237 2703 1284 2740 ita
1305 2704 1403 2741 enim
1423 2703 1660 2752 loquebantur
1675 2731 1685 2746 ‚
1712 2712 1751 2739 ut
1769 2702 1962 2740 monstravi
1989 2704 2183 2741 Lib.Cl..V
2192 2705 2255 2744 111.

1239 2752 1389 2790 Advers.
1416 2764 1491 2800 cap,
1504 2752 1607 2790 Xlll.
1634 2753 1659 2788 Β
1673 2766 1695 2789 A
1708 2765 1731 2789 R
1745 2765 1772 2790 T
1786 2764 1823 2789 H.
1859 2753 2041 2790 Nimirum
2069 2753 2255 2794 abstractus

172 2796 397 2849 Tranquillus
412 2801 450 2838 in
469 2800 620 2838 Vitellio
640 2812 650 2837 t
679 2799 819 2837 Nobiles
841 2799 934 2835 viros
953 2798 1187 2847 condifiipulos
1239 2802 1289 2839 est
1309 2803 1362 2840 vir
1381 2802 1603 2840 doctiffimus
1624 2804 1763 2849 vulgata
1783 2802 1961 2849 scriptura:
1992 2803 2106 2840 addas
2125 2804 2191 2841 huc
2211 2806 2255 2844 11·-

177 2847 215 2885 &
235 2851 383 2899 aequales
393 2852 472 2899 suos
494 2850 650 2888 omnibus
679 2850 858 2887 blanditiis
875 2858 1014 2886 tantum
1035 2860 1112 2885 non
1136 2851 1185 2885 ad
1241 2862 1290 2889 cet
1312 2863 1522 2889 autumnum
1543 2879 1554 2896 ,
1589 2864 1740 2900 quaeque
1774 2852 1865 2889 inter
1901 2860 1968 2889 cet.
1994 2865 2104 2901 quam
2130 2863 2255 2894 tamen

167 2898 356 2947 ficietatem
385 2902 513 2948 imperii
545 2900 749 2948 allicesaHos
784 2900 903 2937 occidit
937 2900 1037 2937 vario
1068 2912 1186 2946 genere
1236 2901 1414 2939 veriffime
1451 2903 1538 2940 olim
1576 2901 1721 2938 Lectius
1757 2902 1795 2937 &
1847 2901 1996 2939 Modius
2032 2903 2257 2955 Novantiqu,

166 2948 321 2999 fraudis.
369 2948 413 2986 Et
436 2952 472 2987 in
490 2951 666 2988 Claudio:
694 2951 953 2988 Tantumnum
965 2949 1180 2998 satisfacien-
1239 2951 1332 2999 Epist
1356 2951 1438 2989 XII.
1463 2951 1714 2989 emendarunt.
1739 2951 1917 2989 Totidem
1930 2953 2050 2991 litteris
2062 2955 2256 2994 MS.V0ff.

175 2996 265 3035 tibus
287 2998 422 3035 vem‘am
441 3001 535 3039 dedit
554 3017 565 3037 .-
603 3002 640 3038 &
658 3000 795 3039 dixerat
810 3002 846 3039 in
869 3001 1020 3038 Tiberio
1044 3013 1052 3037 ε
1080 3000 1183 3037 Tan·
1241 3001 1370 3038 Addas
1398 2999 1464 3038 huc
1493 3001 1569 3038 licet
1597 3012 1662 3038 ver
1688 3002 1726 3038 &
1756 3013 1968 3040 autumnum
1987 3030 1999 3047 ,
2035 3017 2122 3054 quae
2143 3006 2256 3054 inter,

176 3053 345 3086 tumnum
364 3047 515 3099 adversis
534 3050 784 3103 tempestatibus
804 3050 967 3090 Rhodum
990 3048 1187 3101 navigavit.
1241 3060 1308 3091 cet.
1332 3051 1523 3092 Accedunt
1543 3052 1710 3139 progme
1727 3050 1880 3090 Helmst.
1898 3054 1936 3091 ὃ(
1957 3054 2073 3096 Arnz.
2091 3056 2153 3106 qui
2164 3068 2257 3131 gum

1663 3113 1686 3140 v
1699 3112 1723 3139 v
1735 3113 1758 3140 v
1786 3112 1808 3139 2
2163 3136 2176 3145 ..
2191 3108 2261 3145 ala-
