2616 3686
627 193 988 247 LIBER
1051 196 1120 246 V.
1184 198 1752 254 EPISTOLA
1823 208 1913 257 VI.

95 313 100 319 x
179 286 284 341 hac
308 291 410 335 tres
430 281 448 305 '¹
473 269 870 329 descensiones:
911 267 1048 323 duae
1073 268 1128 322 in
1155 268 1293 333 sole,
1333 272 1350 290 ²
1375 275 1531 327 tertia
1558 293 1584 327 a
1607 277 1716 329 sole
1743 278 1981 348 longius,
2009 301 2036 336 a
2063 283 2301 346 lucenon

2214 234 2310 287 347

181 354 404 424 longius,
442 343 791 418 Apodyterio
812 339 1199 413 superpositum
1226 342 1304 396 est
1329 354 1343 381 ³
1370 344 1825 412 sphaeristerium,
1865 351 2013 421 quod
2047 356 2191 423 plura
2217 375 2306 427 ge-
2351 383 2412 432 27

179 442 305 482 nera
339 418 738 478 exercitationis
764 452 780 478 ,
813 413 1100 485 pluresque
1141 415 1371 469 circulos
1397 419 1556 488 capit.
1630 420 1650 445 ⁴
1670 422 1795 474 Non
1823 424 2062 491 procula
2093 426 2302 486 balineo

177 498 372 558 scalae,
409 509 545 565 quae
580 491 636 545 in
675 487 1137 560 cryptoporticum
1175 485 1353 542 ferunt
1378 528 1395 553 ,
1443 490 1588 561 prius
1610 491 1694 545 >ad
1743 492 1942 548 diaetas
1970 507 2094 550 tres».
2117 499 2303 559 harum

178 571 275 625 alia
301 568 505 621 areolae
529 564 601 618 illi
626 600 642 626 ,
691 563 743 616 in
775 575 881 632 qua
907 558 1100 630 platani
1124 575 1357 632 quatuor
1390 599 1406 624 ,
1454 563 1547 617 alia
1574 579 1729 634 prato
1757 601 1772 626 ‚
1810 567 1905 620 alia
1932 568 2099 629 vineis
2126 572 2298 628 immi-

179 656 273 697 net
300 679 315 705 ,
369 636 700 705 diversasque
739 631 880 686 coeli
911 644 1088 702 partes
1126 671 1141 695 ‚
1204 630 1216 655 ⁵
1256 647 1315 688 ut
1347 636 1655 707 prospefius
1680 676 1694 700 ,
1743 637 1920 692 habet.
1994 639 2050 694 In
2099 643 2301 702 summa

180 711 584 785 cryptoporticu
609 704 945 768 cubiculum,
985 721 1056 760 ex
1077 704 1181 775 ipsa
1209 710 1616 777 cryptoporticu
1645 711 1910 774 excisum,
1949 713 2101 783 quod
2126 715 2299 788 hypo..

181 786 426 840 dromum
454 818 470 842 ,
521 780 697 833 vineas
722 816 739 841 ‚
777 789 989 830 montes
1014 777 1295 833 intuetur.·
1344 778 1598 850 jungitur
1622 782 1929 838 cubiculum
1956 785 2177 842 obvium
2202 790 2296 847 soli

178 856 405 909 maxime
429 850 671 906 hiberno.
697 851 823 904 hinc
851 851 1024 903 oritur
1052 849 1254 914 diaeta,
1301 868 1438 922 quae
1477 854 1626 907 villae
1654 854 2059 926 hypodromum
2082 857 2100 879 ⁶
2129 860 2295 917 adue-

169 925 282 982 stit.
312 925 443 980 haec
475 931 491 958 ⁷
528 922 690 978 facies
716 961 732 987 ‚
783 921 869 977 hie
902 921 1038 978 visus
1062 939 1090 976 a
1114 922 1312 980 fronte.
1370 925 1418 978 A
1448 925 1611 980 latere
1640 927 1831 981 aestiva
1855 935 2296 1003 cryptoporticus

223 1148 241 1176 1
271 1131 551 1185 Descenfiones.]
591 1133 670 1172 Has
696 1131 862 1178 ἔμζάσεις
895 1134 932 1173 id
962 1134 1010 1173 est
1031 1162 1041 1179 ‚
1067 1133 1188 1173 alveos

169 1188 227 1226 vel
248 1187 338 1236 solia
369 1186 493 1225 dicunt
514 1214 525 1230 ,
565 1186 604 1223 &
637 1185 820 1224 Lucianus
852 1184 1007 1226 πυέλες.
1037 1181 1192 1242 'Aptae-15

169 1239 268 1276 enim
300 1236 348 1276 est
369 1239 495 1278 πύελος
518 1264 529 1280 ,
557 1234 696 1284 solium.
732 1235 832 1274 Vide
856 1236 999 1274 Salmas.
1023 1246 1068 1274 ex
1091 1235 1188 1273 Dio-

162 1287 250 1325 scor.
284 1287 329 1326 de
361 1286 584 1337 Affiolapide
615 1288 653 1324 in
679 1287 791 1326 Soliti.
812 1289 850 1326 ὃς
873 1295 952 1324 not.
976 1288 1013 1343 in
1033 1285 1083 1323 Fi.
1107 1287 1190 1325 Vo-

192 1337 302 1377 iseum
336 1351 371 1386 p.
405 1351 454 1376 m.
486 1339 568 1385 487.
599 1348 643 1377 εν
673 1339 711 1376 in
742 1339 812 1384 Jui.
836 1338 1031 1388 Capitolin.
1048 1350 1083 1387 p.
1110 1350 1189 1394 15⁴9.

165 1349 266 1428 {din
286 1390 387 1427 Paris.
413 1389 451 1425 V
464 1401 485 1425 E
499 1402 519 1426 E
534 1401 558 1425 N
575 1400 611 1424 H.
641 1388 843 1427 Helmstad.
866 1392 905 1428 ὃς
925 1388 992 1427 Ed.
1015 1388 1103 1427 Vet.
1116 1390 1186 1425 dis-

160 1438 310 1487 cessiones
327 1468 337 1483 ,
365 1447 544 1488 corrupte.
572 1438 727 1476 Factum
751 1451 796 1476 ex
819 1451 865 1477 eo
880 1468 890 1484 ‚
914 1439 1016 1488 quod
1037 1441 1076 1477 in
1098 1439 1188 1477 Lin-

165 1488 288 1527 denbr.
309 1491 454 1528 haeret:
484 1489 714 1539 dsscenfiones.
741 1490 886 1527 Verum
899 1501 1038 1537 nempe
1050 1490 1186 1539 descen-

179 1553 283 1578 lones.

156 1539 186 1589 J
212 1603 235 1627 2
263 1589 427 1639 Tertia.]
467 1589 640 1627 Discesfio
673 1599 752 1625 non
783 1588 831 1626 est
860 1590 897 1626 in
925 1588 998 1627 sole
1024 1602 1032 1625 ε
1060 1596 1185 1629 tamen

164 1650 243 1678 non
265 1643 302 1679 in
325 1642 488 1680 obscuro.
518 1641 672 1678 Canu.
701 1637 962 1676 Disceffionem
985 1648 1095 1677 vocat
1112 1641 1184 1678 Ca-

163 1697 312 1730 tanaeus
331 1721 340 1736 ,
369 1703 480 1741 quam
500 1691 558 1730 alii
580 1688 832 1738 descensionem.
859 1689 1061 1746 Utriusque
1083 1693 1182 1746 enim

163 1740 275 1780 lectio
299 1742 560 1780 circumfertur.
596 1741 633 1777 V
648 1754 668 1778 E
683 1753 704 1777 E
717 1752 740 1775 N
756 1751 790 1777 i-i.
819 1739 923 1777 Haec
941 1741 1041 1778 aliter
1063 1740 1184 1779 distin-

163 1793 241 1839 guit
264 1792 474 1831 Mediccus:
505 1792 621 1830 Tertia
644 1804 666 1827 a
681 1790 774 1841 sole,
795 1790 926 1839 longius
948 1803 970 1826 a
991 1790 1074 1828 luce.
1102 1797 1183 1831 Non

166 1841 300 1890 longius
332 1843 528 1892 apodyterio
553 1872 563 1887 ‚
592 1851 660 1879 cet.
694 1849 860 1891 corrupte
885 1849 1034 1898 tamen,
1060 1849 1101 1879 ut
1126 1854 1182 1880 ar-

167 1890 287 1929 bitror.
315 1894 480 1932 Riccai‘d.
505 1894 632 1930 Oxon.
655 1894 692 1930 ὅς
718 1892 911 1930 Lindenbr.
940 1897 1059 1930 Tertia
1080 1905 1103 1929 a
1109 1894 1181 1942 sole

168 1951 238 1976 non
259 1942 401 1991 longius.
440 1944 650 1993 Apodyterio
673 1951 739 1980 cet.
780 1943 832 1981 Ita
854 1945 984 1992 reperit
1005 1945 1043 1982 &
1065 1944 1182 1984 Aldus

165 1989 204 2027 in
228 1995 488 2042 exemplaribus
510 1995 576 2033 suis
600 2023 609 2039 ,
649 1995 711 2042 qui
733 1993 843 2032 edidit
866 2007 875 2031 ι
915 1994 1033 2031 Tertia
1054 2007 1077 2030 a
1098 1996 1183 2045 fhle.

167 2044 251 2075 Non
273 2042 402 2093 longius
421 2044 614 2094 apodyterio
638 2052 703 2081 cet.
733 2044 798 2082 Ed.
819 2045 905 2082 Ver.
935 2045 1054 2082 Tertia
1078 2060 1101 2081 a
1107 2047 1180 2096 sole

164 2087 320 2138 longius,
349 2107 368 2131 a
390 2096 468 2132 luce
491 2095 641 2142 longius.
667 2095 882 2143 Apodyterio
908 2103 975 2133 cet.
1005 2096 1097 2134 illud
1110 2111 1179 2135 non

165 2138 295 2189 longius
330 2144 564 2182 solummodo
589 2147 782 2193 negotium
818 2145 982 2190 saceffit3
1021 2148 1121 2185 aliter
1140 2150 1178 2187 in

164 2200 314 2237 promtu
346 2194 430 2233 effet
451 2207 495 2232 ex
517 2196 623 2233 MSS.
647 2195 843 2234 emendare
867 2210 874 2233 :
915 2197 1034 2234 Tertia
1056 2211 1078 2234 a
1093 2199 1177 2247 sole.

162 2243 373 2290 Apodyterio
385 2244 631 2296 superpofitum
652 2245 693 2292 est
708 2246 990 2295 sphaeristerium
1014 2275 1024 2292 ,
1053 2253 1178 2289 ceteris

163 2294 353 2337 omnibus,
384 2306 572 2345 tamquam
594 2308 638 2334 ex
663 2295 787 2334 Gioff-:i
808 2306 891 2334 nata
913 2297 980 2334 sint
996 2327 1006 2342 ,
1028 2299 1179 2339 resectis.

164 2341 234 2378 Sed
257 2344 329 2381 hoc
352 2346 437 2384 esset
456 2358 541 2384 vere
564 2346 679 2384 secare
703 2349 740 2385 &
762 2359 877 2385 urere.
931 2349 1035 2396 Quin
1055 2352 1176 2397 potius

162 2401 248 2428 cum
272 2395 305 2430 in
331 2397 626 2443 praestantissimo
650 2397 747 2435 Cod.
771 2399 898 2435 onmia
919 2399 1028 2435 verba
1053 2401 1178 2448 vulga-

160 2447 219 2479 tae
240 2443 403 2484 lefrionis
427 2449 613 2495 legantur,
641 2448 750 2496 ipsam
763 2448 947 2495 vulgatam
960 2457 1176 2495 teneamus,

162 2503 256 2541 quae
278 2495 438 2542 sensum,
467 2508 506 2535 ut
530 2498 733 2536 Cat-inacus
746 2500 898 2547 exponit
913 2527 923 2541 ,
950 2499 1177 2539 tolerabilem

163 2544 330 2584 concedit
354 2560 362 2583 ε
397 2550 564 2596 quamvis
588 2549 697 2587 fatear
721 2579 730 2594 ‚
768 2559 836 2585 nec
856 2560 937 2586 eam
959 2549 1065 2598 plene
1089 2552 1179 2591 mihi

163 2591 372 2634 satisfacere.

214 2656 233 2693 3
260 2645 552 2694 sphaeristerium.
577 2649 594 2699 ]
623 2649 748 2688 Locus
772 2679 782 2694 ‚
819 2650 881 2687 ubi
905 2651 1080 2688 exercitiis
1102 2681 1111 2696 ‚
1139 2661 1180 2691 ut

168 2693 256 2739 pilae
283 2706 351 2735 cet.
381 2699 568 2736 vacabant.
601 2701 685 2738 vide
717 2701 906 2739 Budaeum
939 2701 984 2737 ad
1007 2701 1179 2743 Pande&

172 2744 246 2788 548.
272 2746 421 2787 Banu.
448 2749 524 2787 Adi
546 2750 590 2787 ad
615 2751 696 2788 Lib.
717 2752 764 2788 ΙΙ.
788 2750 896 2799 Epist.
919 2750 1045 2790 XVII.
1069 2765 1103 2790 n.
1128 2767 1182 2793 12.

220 2806 242 2837 4
268 2802 331 2835 Nec
349 2799 464 2847 procul
485 2813 508 2837 a
532 2800 667 2838 balineo
683 2801 842 2851 scalam]
876 2802 1016 2850 Integra
1041 2806 1079 2841 &
1102 2805 1182 2843 sana

178 2838 318 2899 forsitan
343 2849 517 2899 scriptura.
573 2853 642 2890 Sed
673 2865 799 2891 aurem
837 2853 936 2891 vellit
966 2853 1182 2902 Mediceus,

180 2900 241 2945 qm
256 2898 422 2941 Praefert:
452 2908 532 2939 Non
553 2916 574 2938 a
598 2902 749 2941 balineos
764 2903 894 2952 scalae.
922 2904 1010 2942 Hoc
1033 2905 1184 2945 balineas

180 2938 314 2982 librario
334 2947 476 2988 debetur
501 2982 511 2996 ,
549 2955 587 2991 ὃς
608 2955 695 2992 nihil
718 2963 857 2992 movet.
886 2955 1005 2993 Potest
1030 2958 1068 2993 ὃ(
1092 2958 1185 2996 eius-

182 2988 265 3028 dem
293 2997 389 3045 culpa
416 3002 577 3042 excidiffe
609 3006 776 3053 particula
809 3006 924 3056 procul
950 3035 959 3050 ‚
986 3015 1024 3044 ut
1043 3005 1084 3044 sit
1106 3008 1186 3047 scii-

182 3037 338 3097 bendum
358 3058 367 3083 τ
395 3054 470 3086 Non
489 3054 602 3102 procul
625 3069 645 3090 a
669 3056 801 3093 balineo
818 3056 937 3105 scalae
959 3086 968 3100 ,
1007 3069 1068 3095 aut
1099 3064 1179 3096 Non

181 3090 297 3138 POsmt
310 3120 320 3138 2
345 3105 409 3143 1³¹0
430 3103 503 3138 lam
516 3131 527 3149 ,
553 3117 645 3155 quae
664 3108 702 3146 in
723 3108 982 3147 narrationibus
996 3118 1077 3159 apte
1091 3121 1180 3150 coii-

2239 1008 2297 1066 in

1259 1136 1400 1179 timuit,
1431 1135 1478 1174 fic
1501 1139 1568 1176 erit
1592 1151 1600 1175 :
1643 1143 1721 1175 Iam
1744 1152 1766 1174 a
1790 1139 1926 1178 balineo
1946 1140 2069 1187 scalae.
2092 1153 2114 1177 a
2134 1142 2294 1192 balineo}

1260 1195 1301 1224 ut
1324 1186 1443 1225 modo
1466 1201 1502 1225 n.
1523 1200 1582 1237 23.
1603 1202 1625 1224 a
1647 1189 1814 1227 triclineo.
1842 1191 1923 1228 Lib.
1948 1190 1976 1227 I.
2000 1191 2108 1240 Epist.
2131 1193 2198 1232 VI.
2211 1206 2246 1232 n.
2259 1209 2294 1235 z.

1262 1238 1340 1275 Iam
1363 1240 1517 1289 undique
1531 1239 1672 1289 silvae,
1702 1242 1740 1279 ὃς
1763 1241 1899 1290 passim.
1927 1242 2094 1280 Priorem
2108 1245 2291 1286 rationem

1259 1289 1406 1327 interim
1424 1290 1564 1329 secutus
1586 1290 1676 1328 sum.
1706 1292 1861 1331 Com-1.

1311 1353 1330 1388 ς
1363 1340 1419 1378 Ac
1448 1343 1638 1390 prospectus
1669 1341 1825 1393 habet.]
1866 1342 1920 1382 Ita
1954 1343 2068 1392 vulgo
2101 1344 2290 1396 legebatur

1257 1399 1382 1428 contra
1415 1391 1526 1430 fidem
1558 1393 1748 1431 librorum.
1802 1395 1903 1431 Nam
1947 1395 2124 1443 Optimus
2149 1426 2160 1441 ‚
2197 1400 2289 1439 item

1257 1439 1420 1479 Riccard.
1444 1443 1643 1481 Lindenbr.
1664 1443 1840 1492 Bongars.
1862 1444 2064 1482 Helmstad.
2087 1447 2203 1485 Arnz.
2220 1450 2289 1489 Ed.

1256 1490 1342 1528 Ver.
1365 1503 1451 1530 cum
1475 1493 1576 1531 Aldo
1603 1507 1611 1530 2
1640 1501 1681 1531 ut
1699 1494 1892 1543 prospee‘lus
1915 1493 2035 1532 habet.
2062 1496 2191 1536 Recte.
2229 1500 2288 1540 Ut

1254 1542 1463 1591 prospectus
1486 1543 1565 1581 sunt
1587 1543 1716 1581 diversi
1736 1573 1746 1588 ‚
1775 1556 1868 1594 quos
1894 1548 2152 1593 enumeravit,
2179 1560 2287 1589 areo·

1249 1590 1307 1635 la,
1338 1601 1506 1639 pratum,
1534 1595 1689 1638 vineae;
1718 1594 1765 1633 sic
1791 1597 1827 1633 &
1851 1595 1944 1633 coeli
1966 1605 2109 1645 partes:
2138 1600 2225 1647 quia
2237 1602 2284 1641 ad

1250 1642 1355 1680 aliam
1377 1645 1507 1682 vineae
1521 1673 1531 1688 ,
1562 1644 1608 1682 ad
1628 1646 1712 1683 alias
1733 1646 1855 1683 areola
1879 1648 1918 1684 ὅ(
1941 1655 2087 1695 pratum
2104 1645 2167 1686 fita
2192 1649 2287 1692 sunt.

1250 1690 1536 1740 Intelligendum
1557 1706 1693 1743 nempe
1707 1724 1718 1741 ,
1744 1707 1785 1733 ut
1796 1697 1985 1746 prospfflm
1998 1697 2165 1747 diversos.
2178 1703 2284 1750 quod

1249 1753 1335 1781 cum
1358 1745 1694 1783 animadverterent
1718 1746 1868 1797 quidam
1896 1748 2116 1786 litteratores
2143 1779 2154 1796 ,
2173 1749 2286 1792 dede-

1250 1801 1335 1831 runt
1365 1794 1403 1831 in
1437 1794 1540 1833 Voff.
1572 1795 1728 1835 Helmst.
1760 1797 1875 1835 Arnz.
1897 1799 1935 1836 ὃς
1957 1798 2028 1837 Ed.
2050 1799 2140 1838 Vet.
2162 1803 2285 1842 immi-

1247 1854 1307 1880 net
1344 1844 1490 1884 diversis
1521 1847 1750 1896 diversasque
1782 1848 1861 1886 coeli
1881 1857 2010 1897 partes.
2063 1851 2139 1889 Alii
2163 1854 2286 1893 immi-

1250 1906 1337 1933 nent
1358 1923 1370 1941 ,
1404 1896 1506 1946 quod
1538 1897 1587 1936 est
1619 1899 1657 1936 in
1688 1899 1855 1937 Riccard.
1889 1902 1928 1938 ὃς
1953 1901 2119 1949 expressit
2143 1904 2286 1953 Aldus,

1251 1956 1337 1984 cum
1369 1948 1564 1987 Primarius
1595 1956 1741 1987 tueatur
1761 1951 1936 1988 imminet.
1992 1951 2029 1989 Si
2051 1953 2130 2001 quis
2151 1962 2281 1995 tamen

1248 1995 1441 2036 imminent
1471 2000 1639 2038 maluerit
1666 2027 1676 2044 .
1714 2003 1751 2040 &
1774 2000 1907 2038 habent
1931 2029 1941 2045 ‚
1974 2013 2053 2040 non
2080 2006 2283 2044 morabitur

1250 2059 1336 2086 eum
1352 2077 1363 2094 ,
1395 2052 1499 2100 quod
1520 2050 1593 2088 alia
1617 2050 1658 2089 sit
1677 2051 1903 2090 adiunoum.
1933 2054 1990 2091 Sic
2012 2054 2111 2091 enim
2136 2056 2282 2105 Crispus

1247 2097 1329 2136 Cat.
1359 2112 1436 2148 cap.
1469 2101 1544 2138 VI.
1574 2114 1608 2138 n.
1643 2114 1674 2139 2.
1711 2103 1799 2140 alius
1832 2102 1902 2140 ulio
1924 2117 2017 2142 more
2040 2105 2219 2144 viventes.
2245 2110 2284 2147 &

1247 2159 1324 2198 cap.
1350 2150 1471 2189 XXII.
1494 2164 1531 2190 n.
1553 2166 1589 2189 2.
1613 2153 1700 2192 alius
1722 2153 1784 2190 alii
1810 2156 1908 2192 tanti
1925 2155 2098 2201 facinoris
2122 2158 2283 2204 conscii,

1246 2200 1309 2239 ubi
1339 2198 1507 2252 exempla
1541 2205 1580 2241 ὃ(
1611 2206 1794 2241 rationem
1816 2203 1938 2243 adtuli.
1961 2205 2054 2241 adde
2076 2206 2115 2242 &
2138 2207 2280 2246 Lucan.

1247 2248 1333 2289 Lib.
1369 2252 1435 2289 ΙΙΙ.
1469 2265 1522 2290 vs.
1544 2265 1605 2299 27.
1639 2255 1720 2292 Lib.
1742 2253 1812 2291 Vl.
1833 2265 1886 2291 vs.
1907 2256 1990 2302 258.
2031 2254 2101 2291 Sed
2124 2267 2194 2294 nec
2215 2258 2278 2303 id,

1246 2302 1349 2349 quod
1372 2303 1513 2347 editur,
1541 2303 1590 2340 est
1614 2304 1806 2342 absurdum
1831 2333 1840 2347 ‚
1869 2303 1972 2353 quod
1995 2304 2078 2341 alibi
2100 2305 2278 2345 monstra·

1245 2351 1376 2389 vimus.
1405 2354 1522 2400 Quod
1544 2360 1670 2390 tamen
1693 2355 1812 2390 multo
1837 2354 1900 2390 usu
1923 2366 1968 2391 ex
1989 2355 2084 2392 libris
2103 2364 2197 2395 vett.
2223 2358 2279 2398 di-

1247 2398 1339 2445 dici,
1367 2402 1453 2440 illud
1481 2403 1670 2440 imminent
1712 2403 1866 2440 ostendit
1891 2432 1900 2447 ‚
1936 2405 1996 2442 hic
2029 2403 2163 2444 habent
2196 2407 2279 2448 scri-

1247 2458 1350 2496 ptum
1377 2450 1480 2490 fuisse
1504 2481 1515 2496 ‚
1552 2455 1610 2490 cui
1635 2453 1766 2491 deinde
1790 2454 1944 2491 alterum
1968 2467 1988 2492 a
2009 2455 2122 2494 sciolis
2143 2457 2192 2495 est
2213 2460 2282 2498 ad-

1246 2502 1543 2539 commodatum.
1571 2504 1674 2541 Plinii
1696 2505 1819 2554 itaque
1845 2505 1912 2543 fuit
1935 2519 1943 2542 t
2070 2506 2141 2544 alia
2165 2509 2277 2550 vineis

1246 2550 1438 2597 imminet,
1467 2554 1692 2603 diversasque
1716 2554 1794 2592 coeli
1809 2563 1931 2605 partes
1954 2585 1965 2601 ,
1992 2568 2033 2594 ut
2060 2558 2278 2608 prosperitus,

1246 2601 1392 2640 habent.
1424 2605 1589 2641 Imminet
1612 2606 1650 2642 ὃς
1669 2604 1803 2642 habent
1827 2607 1874 2643 ita
1888 2608 2126 2657 copulantur,
2155 2620 2192 2647 ut
2196 2612 2277 2657 sre-

1249 2653 1339 2688 muit
1366 2656 1404 2692 &
1422 2663 1572 2703 petunt;
1603 2656 1700 2693 ducit
1723 2657 1762 2694 &
1779 2658 1974 2706 pandunt:
2003 2658 2103 2696 miles
2122 2660 2278 2701 decurrit

1250 2705 1287 2741 ὃς
1314 2703 1523 2742 incumbunt
1550 2735 1560 2750 ‚
1586 2707 1703 2756 qualia
1730 2709 1844 2744 multa
1868 2716 2041 2747 notamus
2064 2710 2109 2747 ad
2132 2711 2277 2753 Lucani

1251 2753 1332 2792 Lib.
1356 2756 1423 2793 IV.
1447 2768 1496 2793 vs.
1521 2758 1603 2806 367.
1626 2760 1664 2796 δε
1689 2758 1769 2795 Lib.
1791 2758 1882 2795 VII.
1904 2771 1954 2797 vs.
1975 2773 2033 2807 47.
2060 2760 2214 2800 coam

1301 2806 1323 2839 6
1352 2808 1535 2844 Adnefflit.
1560 2806 1576 2856 ]
1616 2809 1785 2857 Copulat.
1824 2809 1901 2847 Nisi
1923 2812 2021 2848 enim
2048 2809 2165 2850 fuisset
2186 2812 2278 2853 haec

1252 2855 1370 2893 diaeta
1385 2886 1394 2901 ‚
1422 2858 1661 2907 hippodromus
1680 2859 1870 2898 videbatur
1889 2861 2086 2909 disjunctus
2103 2873 2122 2898 a
2143 2863 2223 2900 vila
2237 2867 2277 2903 δε

1251 2907 1430 2946 aedificiis.
1460 2910 1492 2945 C
1509 2923 1565 2947 AT
1582 2923 1602 2946 A
1619 2921 1656 2946 N.
1684 2910 1846 2948 Ariizen.
1875 2911 1987 2959 iungit
2014 2941 2024 2958 ‚
2062 2923 2129 2960 pro
2168 2915 2278 2952 adne-

1252 2958 1314 2993 Hit
1338 2987 1348 3001 ‚
1388 2972 1432 2996 cx
1467 2958 1601 2996 Glossa.
1656 2960 1699 2997 In
1733 2960 1909 2999 Mediceo
1942 2962 2003 3000 ista
2028 2976 2037 2999 ε
2067 2962 2278 3003 hincoritur

1253 3008 1370 3045 diaeta
1388 3038 1398 3054 ,
1426 3023 1513 3059 quae
1538 3009 1671 3055 villae,
1701 3010 1956 3051 desiderantur.

1301 3070 1318 3105 7
1351 3061 1513 3107 fache]
1545 3060 1604 3098 Est
1627 3088 1637 3104 ,
1676 3061 1806 3101 scilicet
1838 3066 2125 3113 cryptoporticui
2158 3066 2276 3103 hiber-

1252 3120 1331 3149 nae.
1386 3111 1486 3150 Nam
1507 3111 1686 3198 ῐεᾳέἰῑυτε
1718 3113 1868 3162 Aestiva
1881 3114 2019 3163 structa
2042 3117 2092 3153 ad
2111 3115 2275 3210 arcelrlrdos

1562 3188 1578 3199 ⁴
1612 3172 1633 3198 x
1676 3175 1696 3200 2
2142 3176 2179 3198 ac
2211 3176 2278 3209 u52·

2351 648 2414 700 28

2345 938 2408 991 29.
