2616 3686
266 219 364 271 '668
509 195 2188 267 C.PLINIICAECILIISECUNDI
2340 261 2343 266 ,

255 298 581 370 supervacua
605 293 702 365 cst;
746 293 983 345 memoria
1006 286 1157 362 nostri
1181 282 1421 346 durabit,
1463 287 1475 310 ¹
1487 278 1542 350 st
1562 281 1678 330 vita
1707 280 1994 332 meruimus.
2073 284 2092 306 ²
2114 280 2204 332 An
2229 269 2407 333 restria}

277 372 408 427 &ius
433 369 703 424 arbitraris
729 406 745 432 ,
787 385 882 440 per
911 364 1100 419 orbem
1123 375 1387 416 terrarum
1416 353 1704 426 legendum
1735 353 1861 407 dare
1891 391 1908 417 ,
1960 352 2272 411 duraturam
2301 372 2412 410 me-

279 448 510 502 moriam
534 445 715 509 suam,
744 458 907 514 quam
934 457 1046 494 uno
1073 439 1127 491 in
1156 437 1283 490 loeo
1308 431 1521 498 duobus
1546 428 1808 483 versiculis
1845 426 2047 499 signare
2065 429 2245 501 ,quod
2269 429 2414 485 fece-

233 533 267 583 7
284 523 384 578 ris?
425 520 754 591 Quanquam
779 534 889 571 non
912 513 1086 568 habeo
1111 509 1442 582 propositum
1459 545 1471 569 ,
1488 506 1636 559 illum
1664 502 2236 574 rep1·ehendendi‚sed
2268 505 2413 561 hunc

285 595 505 652 tuendi:
545 599 558 626 ³
587 592 738 662 cujus
765 608 901 661 quae
927 584 1104 660 potest
1131 583 1273 655 apud
1301 596 1354 637 te
1376 581 1562 653 justior
1591 579 1693 634 effe
1721 577 1956 632 defensio
1975 615 1990 639 ,
2033 593 2193 650 quam
2218 597 2285 634 ex
2311 582 2421 637 eol-

240 673 484 729 8lati0ne
509 668 618 739 ejus
641 682 807 739 quern
839 659 1129 735 praetulisti
1156 659 1174 712 ?
1219 656 1355 712 Meo
1387 654 1836 728 quidemjudicio
1870 667 2061 707 neuter
2090 653 2419 724 culpandus,

284 739 523 817 quorum
553 756 782 810 uterque
804 738 869 793 ad
898 739 1124 809 gloriam
1148 734 1258 806 pari
1284 733 1580 804 cupiditate
1603 769 1618 792 ‚
1658 735 1678 764 ⁴
1725 728 1936 783 diverso
1976 730 2168 782 itinere
2193 743 2422 785 contren-

285 822 404 877 dit:
461 820 632 879 alter,
693 815 824 870 dum
863 814 1070 888 expetit
1109 808 1321 864 debitos
1358 808 1576 861 titulos:
1640 805 1770 859 alter
1797 841 1811 866 ,
1859 803 1992 858 dum
2030 804 2226 859 mavult
2260 806 2429 862 videri

282 904 297 969 ξ
333 887 722 967 contempsisse.
767 890 909 965 Vale.

445 1043 579 1100 XX.
659 1039 728 1097 C.
808 1040 1250 1095 PLINIUS
1329 1030 1887 1089 VENATOR1
1961 1027 2140 1084 Suo
2215 1029 2266 1085 S.

290 1191 685 1268 Gfffatamfmffe
716 1193 984 1261 Venatom's
1011 1185 1258 1261 epistolam
1284 1181 1498 1253 testatur
1521 1221 1537 1245 ‚
1590 1180 1719 1255 quod
1743 1180 1888 1251 longa
1915 1218 1930 1242 ‚
1984 1177 2115 1251 quod
2142 1178 2200 1234 de
2217 1179 2425 1256 scriptis

635 1268 751 1344 suis
773 1266 1092 1340 loqneretzrr:
1137 1261 1335 1315 deforma
1348 1256 1422 1332 fig
1433 1256 1609 1327 mficot
1631 1256 1753 1332 qued
1775 1271 1891 1310 rure
1915 1268 2055 1329 agat.

281 1421 415 1562 T
433 1417 530 1473 UA
573 1433 705 1470 vero
731 1412 944 1487 epistola
979 1425 1135 1467 tanto
1164 1410 1294 1466 mihi
1320 1407 1613 1481 jucundior
1638 1406 1768 1469 fuit,
1812 1418 2018 1476 quanto
2043 1403 2257 1476 longior
2280 1421 2422 1472 erat,

432 1494 742 1567 praesertim
771 1506 896 1544 cum
934 1488 1002 1543 de
1032 1488 1219 1543 libellis
1244 1487 1375 1541 meis
1404 1498 1518 1539 tota
1564 1483 1879 1555 loqueretur
1905 1497 1916 1532 :
1970 1497 2109 1552 quos
2146 1480 2241 1534 tibi
2272 1484 2424 1538 volu-

2288 1565 2422 1628 ptati

277 1672 466 1710 foeminae
486 1671 663 1713 studium,
691 1667 902 1706 inanitatem
923 1673 1030 1706 vocat
1050 1666 1139 1706 filius
1161 1664 1239 1703 Lib.
1253 1664 1319 1704 lX.
1386 1660 1490 1710 phius
1513 1662 1551 1700 δε
1571 1660 1627 1700 alii
1650 1661 1742 1700 male
1761 1659 1988 1708 distinguunt.
2032 1658 2227 1698 Mediceus
2245 1657 2350 1696 habet
2371 1657 2419 1693 le-

279 1723 441 1761 Confeff.
464 1734 540 1771 cap.
563 1724 608 1759 XI
617 1750 626 1758 .
654 1721 779 1768 Itaque
797 1721 888 1757 haec
907 1730 990 1756 cura
1009 1720 1227 1767 relinquetur
1246 1717 1317 1753 aliis
1381 1715 1495 1760 gemla
1517 1741 1526 1758 ,
1553 1712 1651 1762 quasi
1674 1711 1838 1750 voluiffet
1857 1739 1868 1757 ,
1903 1709 2079 1759 legendam
2101 1711 2185 1747 dare
2210 1709 2415 1747 memoriam

279 1774 432 1818 rectius,
461 1785 571 1823 quam
593 1772 693 1809 nobis
719 1769 797 1818 ipsis
815 1770 921 1823 anuxie
939 1770 1140 1819 quidem&
1162 1779 1246 1805 cuin
1259 1768 1311 1805 so-
1375 1765 1482 1812 suam
1503 1778 1514 1808 ;
1547 1764 1605 1801 led
1633 1764 1751 1812 potius
1780 1775 1823 1800 ex
1857 1762 2031 1810 sequentis
2060 1762 2160 1799 verbi
2190 1761 2273 1798 dare
2300 1760 2415 1809 prima

278 1825 463 1864 licitudine
486 1822 643 1872 quadam
671 1821 883 1869 suscipietur.
912 1819 973 1856 Bu
989 1832 1082 1857 cun
1098 1832 1171 1856 ER.
1381 1815 1508 1862 syllaba
1531 1815 1622 1852 hanc
1660 1816 1868 1853 varietatem
1892 1823 2007 1850 ortam
2031 1811 2101 1850 effe
2123 1810 2418 1849 existimaverim.

349 1888 378 1913 1.
417 1877 452 1912 Si
481 1877 592 1912 vitam
620 1872 845 1922 meruimus.]
888 1871 1088 1918 Battologia
1116 1870 1208 1906 baec
1236 1867 1316 1905 est:
1346 1857 1349 1886 ¹
1386 1867 1495 1904 Dedit
1529 1865 1720 1903 Frontinus
1757 1866 1828 1902 hoc
1863 1863 2042 1913 legendam
2064 1890 2076 1908 ,
2113 1862 2317 1900 duraturam
2345 1868 2417 1901 cet.

283 1927 449 1964 memoria
469 1925 615 1963 durabit
629 1952 638 1970 ,
658 1923 690 1975 fi
710 1924 819 1961 vitam
841 1923 1035 1959 rozerm'masv
1066 1922 1155 1957 Non
1176 1921 1222 1957 ita
1242 1920 1319 1957 ine·
1348 1945 1350 1967 ζ
1386 1915 1460 1954 five
1479 1916 1581 1966 quod
1604 1917 1675 1964 ipse
1695 1917 1767 1954 hoc
1790 1916 1835 1954 de
1861 1918 1895 1953 ie
1915 1914 2041 1963 scripsit
2061 1941 2072 1957 ,
2108 1912 2181 1951 five
2208 1912 2310 1963 quod
2332 1913 2417 1952 alios

283 1978 351 2026 ptit
373 1976 564 2014 Medic-eus
587 2004 597 2020 ,
638 1985 759 2022 neque
785 1976 896 2010 Arnz.
917 1975 953 2011 in
975 1972 1100 2021 quibus
1117 1972 1263 2019 legitur:
1286 1970 1318 2021 fi
1349 2001 1351 2005 .
1386 1967 1432 2004 de
1454 1969 1487 2005 se
1510 1968 1654 2005 scribere
1673 1968 1823 2004 cur-avit.
1858 1966 2030 2014 Denique
2053 1965 2253 2002 memoriam
2264 1965 2323 2014 sus'
2340 1965 2419 2013 qui·

287 2029 360 2065 vita
380 2028 588 2070 meruimus,
618 2027 642 2063 i.
666 2024 767 2062 faffis
790 2024 915 2062 nostris
939 2025 975 2060 ἃ
1002 2023 1161 2060 moribus
1181 2032 1242 2069 per
1263 2029 1322 2057 to·
1350 2042 1351 2051 η
1384 2018 1469 2055 dam
1492 2019 1708 2056 recentiores
1732 2017 1938 2055 ediderunt:
1969 2017 2019 2053 At
2039 2016 2262 2054 veterrimus
2283 2019 2320 2053 &
2341 2016 2420 2054 reli·

287 2085 363 2116 tam
390 2079 512 2116 vitam.
541 2079 658 2115 Vitam
680 2077 779 2114 enirn
803 2086 868 2123 pro
888 2075 1025 2112 ratione
1051 2072 1200 2110 vivendi
1220 2071 1322 2120 poni,
1349 2103 1351 2123 ]
1381 2070 1442 2116 qui
1466 2069 1574 2106 Mss.
1609 2068 1698 2106 fidel.
1727 2069 1812 2105 Vet.
1840 2067 1925 2105 Aldi
1948 2094 1958 2111 ,
1995 2067 2148 2114 Gryphii
2171 2080 2179 2103 ε
2216 2067 2414 2104 memoriam

287 2129 388 2178 supra
411 2129 698 2171 observavimus,
727 2125 771 2163 ad
799 2125 880 2162 Lib.
900 2125 988 2161 Vll.
1016 2122 1123 2171 Epist.
1138 2124 1246 2161 IX.n.
1262 2132 1320 2169 13.
1376 2120 1482 2168 suam
1508 2122 1593 2164 fg&
1612 2120 1684 2156 hoc
1717 2119 1813 2156 reete
1837 2117 1905 2155 dici
1927 2145 1936 2161 ,
1977 2118 2131 2164 pluribus
2153 2117 2198 2154 ad
2220 2117 2410 2161 Sallustium

285 2180 335 2218 Et
357 2179 404 2217 fic
426 2179 583 2228 denique
605 2177 768 2214 memoria
799 2174 898 2226 nostri
932 2177 969 2213 &
1003 2175 1082 2211 vita
1103 2174 1185 2210 scite
1204 2183 1322 2221 oppo-
1385 2172 1571 2208 evicimus.
1601 2170 1738 2207 Eadem
1764 2170 1911 2207 varietas
1942 2169 2017 2205 Lib
2038 2167 2102 2205 111.
2130 2167 2235 2216 Epist.
2256 2169 2303 2206 V.
2328 2179 2362 2204 n.
2380 2178 2416 2212 4.

288 2239 424 2268 nuntur
440 2258 450 2274 ,
477 2237 516 2267 ut
537 2228 632 2277 apud
652 2227 782 2264 sallust.
821 2229 904 2263 Cat.
933 2237 1011 2274 cap.
1036 2226 1064 2262 l.
1103 2236 1139 2262 n.
1163 2236 1197 2274 3.
1230 2222 1322 2262 adde
1349 2247 1351 2250 .
1386 2221 1649 2258 commendabat
1667 2220 1865 2258 memoriam
1884 2219 1979 2256 suaru
2004 2247 2014 2263 ,
2050 2217 2238 2270 orabatque
2265 2214 2410 2268 utse'ab

287 2281 429 2319 Lucan.
461 2281 545 2321 Lib.
567 2277 668 2316 VIII.
690 2288 741 2314 vs.
761 2277 847 2325 631.
874 2276 960 2314 alios
1349 2263 1351 2295 ⁵¹
1385 2272 1514 2322 injuria
1534 2271 1712 2309 oblivionis
1729 2271 1907 2320 adsereret.
1936 2270 2039 2307 Con
2054 2282 2122 2307 ΤΕ.

337 2344 372 2369 2.
399 2336 464 2369 An
483 2331 663 2381 restriflius
684 2327 906 2379 arbitraris]
947 2326 1010 2363 An
1032 2326 1153 2363 minus
1172 2325 1240 2363 late
1259 2335 1324 2361 ex·
1443 2335 1473 2370 3.
1498 2322 1684 2371 Cujusque
1700 2321 1801 2369 potest
1820 2322 1912 2371 apud
1931 2322 2001 2368 te.]
2031 2321 2085 2358 Sic
2116 2320 2297 2358 Haclziana
2314 2345 2324 2362 ,
2363 2315 2410 2354 fic

287 2383 388 2422 tendi
409 2391 509 2428 putas
532 2381 679 2428 alicujus
699 2380 849 2426 gloriam
873 2406 883 2422 ,
922 2376 946 2414 si
969 2387 1031 2425 per
1062 2375 1188 2414 orbem
1213 2384 1323 2412 terra·
1345 2371 1348 2421 ‘3
1387 2373 1504 2411 Aldus
1526 2374 1563 2410 ὃ(
1588 2373 1735 2422 quidam
1755 2373 1821 2410 alii.
1875 2370 1944 2408 Sed
1963 2370 2184 2409 scribendum
2206 2369 2253 2407 est
2272 2381 2281 2406 ε
2317 2369 2413 2414 cujus

286 2445 370 2472 rum
404 2433 625 2472 diffundatur
652 2430 816 2468 duratura
852 2430 928 2478 ejus
961 2427 1140 2465 memoria
1164 2455 1174 2471 ‚
1211 2437 1322 2475 quam
1347 2428 1348 2431 ’
1387 2435 1482 2472 quae
1499 2425 1598 2473 potest
1616 2437 1649 2460 a.
1677 2435 1703 2461 t.
1724 2425 1754 2472 j.
1776 2422 1835 2472 effe
1855 2423 2000 2475 defensio
2021 2449 2030 2460 .
2053 2449 2063 2459 .
2083 2431 2100 2460 3
2124 2430 2230 2468 atque
2249 2419 2295 2456 ita
2316 2418 2414 2466 Gry-

288 2484 317 2524 fi
334 2486 370 2525 in
394 2484 581 2533 sepulchro
602 2482 742 2520 duobus
762 2480 964 2519 inscribatur
984 2477 1161 2515 versiculis
1182 2504 1191 2521 ,
1221 2475 1323 2525 quod
1346 2470 1349 2511 ‘f

288 2536 432 2584 egregie
455 2533 605 2573 fecerit?
635 2531 663 2569 B
678 2546 698 2568 υ
712 2543 734 2567 c
751 2544 772 2568 Η
789 2544 813 2567 N
830 2543 848 2567 ε
865 2544 901 2568 n.
955 2530 1044 2567 Non
1065 2528 1141 2566 satis
1158 2528 1326 2565 adcurate
1347 2534 1349 2548 *

286 2586 519 2628 Buchnerus‚
548 2585 585 2622 ὃς
610 2612 619 2628 ,
647 2590 825 2631 quantum
848 2593 892 2619 ex
914 2579 1140 2618 distinctione
1159 2578 1324 2626 judicari>

289 2639 377 2676 dum
400 2666 410 2682 ‚
449 2636 535 2674 nibil
565 2635 690 2673 melius
721 2633 777 2670 alii
806 2632 985 2669 Editores.
1019 2630 1144 2669 Sensus
1165 2628 1234 2665 est:
1261 2630 1324 2665 An

291 2689 436 2738 pressius
458 2688 494 2724 ὅ(
517 2684 711 2724 modestius
733 2680 802 2721 effe
826 2683 1001 2720 existimas
1026 2709 1036 2726 ,
1071 2680 1242 2717 omnibus
1264 2690 1327 2727 per
1350 2708 1351 2732 ἦ

293 2741 421 2777 orbem
443 2746 616 2776 terrarum
646 2735 843 2783 legendum
869 2733 952 2771 dire
972 2760 982 2777 ,
1019 2732 1226 2769 duraturam
1246 2742 1324 2767 me-

293 2792 449 2827 moriam
470 2790 519 2826 sui
534 2817 543 2830 ‚
571 2796 610 2824 ut
631 2786 719 2824 fecit
738 2784 930 2822 Frontinus
945 2812 954 2827 ,
981 2794 1091 2830 quam
1113 2792 1189 2818 uno
1212 2781 1247 2818 in
1269 2780 1325 2817 lo·
1350 2795 1352 2811 ι

294 2850 340 2874 co
357 2868 366 2881 ‚
391 2842 426 2877 in
449 2840 551 2876 titulo
576 2837 769 2885 sepulchri,
799 2836 916 2883 paucis
935 2834 1152 2876 describere,
1167 2831 1252 2879 quid
1275 2831 1327 2868 fe-

296 2891 407 2931 ceris,
434 2889 533 2936 quod
554 2890 682 2936 placuit
702 2884 898 2934 Virginio?
929 2884 1119 2933 Reliric'sslius
1138 2883 1225 2921 dixit
1252 2910 1261 2926 ,
1292 2890 1331 2919 ut

299 2939 447 2974 referret
461 2938 505 2975 ad
517 2938 692 2985 superiora
712 2937 843 2984 parcior
856 2949 899 2977 oy
908 2937 1054 2984 prefflor.
1080 2933 1175 2972 Vide
1190 2933 1267 2970 Lib.
1283 2932 1332 2970 V.

299 2988 406 3036 Epist.
425 2988 516 3024 VIII
557 3000 591 3025 n.
619 3000 675 3032 13.
705 2989 741 3023 8<
772 2986 993 3035 Epist.X1X.
1019 2996 1099 3033 n.9.
1128 2986 1164 3021 &
1188 2983 1234 3021 fic
1258 2983 1332 3020 fere

299 3037 494 3083 adstrifflius
539 3037 617 3074 Lib.
641 3037 668 3073 1.
706 3036 812 3083 Epist.
832 3036 911 3073 XX.
951 3048 987 3072 n.
1008 3047 1069 3072 20.
1096 3036 1134 3071 ἃ
1167 3034 1249 3071 Lib.
1271 3032 1337 3069 111.

302 3087 410 3142 Epist.
430 3086 572 3127 XVIII,
602 3098 638 3126 n.
666 3097 722 3124 10.
760 3085 839 3123 Post
871 3085 1047 3139 legendujn
1070 3084 1211 3130 Aldus,
1240 3083 1338 3131 Gry-

1387 2476 1509 2523 plrius,
1538 2476 1738 2517 Gruterus,
1766 2475 1833 2512 alii.

1438 2539 1470 2571 4.
1502 2526 1646 2576 Diverso
1667 2524 1821 2574 itinere.]
1851 2522 2028 2571 Virginius
2039 2518 2258 2562 recsto‚dum
2273 2517 2409 2557 fastum

1387 2577 1603 2614 carminibus
1623 2576 1734 2624 signat
1751 2604 1759 2618 ‚
1780 2574 1972 2612 Frontinus
1993 2571 2100 2608 duetu
2123 2569 2286 2616 Figurato
2301 2569 2410 2612 ,dum

1389 2626 1603 2665 modestiam
1632 2625 1833 2675 praetendit
1852 2652 1862 2667 ,
1902 2625 1939 2661 ὅ(
1971 2629 2090 2658 tamen
2119 2619 2287 2655 monstrat
2307 2619 2341 2657 se
2364 2622 2417 2657 vi-

1391 2678 1548 2716 iturum.
1578 2679 1642 2714 CA
1659 2688 1767 2714 TAN.
1812 2676 1922 2721 Supra
1957 2670 2061 2718 Epist.
2084 2669 2187 2706 x1V.
2227 2671 2414 2719 Pergamus

1388 2730 1486 2766 modo
1505 2729 1632 2766 itinere
1649 2726 1812 2771 instituto.
1839 2724 1938 2759 Plura
1962 2720 2007 2756 ad
2027 2717 2156 2756 Sallust.
2181 2721 2259 2757 (lat.
2281 2733 2356 2770 cap.
2371 2723 2414 2761 ll.

1389 2790 1477 2817 extr.
1505 2780 1573 2816 Sed
1601 2779 1637 2815 in
1666 2787 1794 2823 magna
1821 2773 1911 2821 copia
1940 2781 2054 2806 rerum
2081 2769 2181 2806 aliud
2201 2771 2262 2809 alii
2282 2784 2413 2811 natura

1386 2831 1452 2868 iter
1471 2828 1626 2879 ostendit.
1652 2826 1742 2864 adde
1760 2822 1890 2862 ibidem
1919 2831 1993 2867 cap.
2012 2818 2076 2855 XI.
2104 2832 2139 2857 n.
2161 2833 2194 2857 2.

1445 2894 1477 2928 ς,
1507 2874 1774 2926 Contempfiffe]
1805 2873 1910 2908 Extat
1934 2869 2027 2917 apud
2050 2869 2255 2909 Lucianum
2279 2873 2422 2923 Dioge-

1395 2931 1448 2968 nis
1468 2929 1604 2966 dicrum
1625 2955 1635 2971 ,
1673 2926 1733 2974 qui
1765 2925 1998 2967 interrogatus
2028 2922 2223 2968 quomodo
2244 2926 2421 2972 quispiam

1397 2981 1547 3028 gloriam
1566 2970 1841 3024 adipisceretur?
1863 2969 1896 3019 fi
1901 3020 1906 3025 .
1912 2969 2057 3017 gloriam
2073 3001 2080 3011 ,
2095 2972 2210 3020 inquit
2225 3001 2235 3018 ‚
2244 2974 2425 3024 spreverit.

1400 3031 1433 3065 C
1448 3041 1468 3064 Α
1483 3041 1503 3063 τ
1518 3041 1538 3063 Α
1554 3040 1592 3065 Ν.
1628 3027 1678 3062 Ita
1710 3026 1784 3060 scre
1806 3021 1851 3058 de
1874 3019 2015 3058 diversis
2033 3021 2192 3063 institutis
2211 3025 2365 3066 Caesaris
2386 3029 2425 3068 ὃς

1400 3078 1552 3117 Catonis
1571 3075 1709 3124 Crispus
1728 3073 1808 3111 Cat.
1827 3082 1903 3122 cap.
1927 3071 2031 3112 LlV.

2308 3140 2339 3168 1·
2366 3134 2433 3183 ose
