2616 3686
473 201 812 256 LIBER
881 199 1630 248 V112EPISTOLA
1698 201 1895 253 XXIV.
2147 229 2240 276 527

124 283 332 340 tissime.
410 275 659 332 Habebat
693 274 774 328 illa
823 282 836 303 ¹
884 273 1249 343 pantomimos
1274 310 1288 332 ‚
1341 272 1357 290 ²
1392 272 1719 344 fovebatque
1757 273 1970 330 effufius
2000 315 2014 341 ,
2075 295 2235 350 quam
2272 303 2302 350 4

126 354 347 428 principi
380 351 610 404 feminae
636 343 907 400 convenit.
987 344 1109 398 Hos
1148 343 1457 416 Quadratus
1495 360 1603 396 non
1644 346 1697 398 in
1742 346 1989 411 theatr0‚
2045 345 2059 371 ³
2123 369 2233 408 non

125 425 272 481 domi
307 422 609 495 speflabam
647 435 747 473 nec
786 417 868 471 illa
907 417 1175 488 exigebat.
1249 418 1267 442 ⁴
1304 414 1508 470 Audivi
1537 415 1728 485 ipsam,
1767 433 1894 471 cum
1938 421 2068 475 mihi
2092 439 2240 479 com-
2292 439 2325 486 ς’

124 497 404 553 mendaret
430 497 637 566 nepotis
665 490 740 546 sui
768 488 967 552 studia,
1006 491 1174 545 solere
1200 487 1284 553 se,
1317 490 1330 516 ⁵
1359 502 1415 542 ut
1440 487 1694 544 feminam
1721 489 1774 542 in
1803 489 1894 543 illo
1921 493 2035 545 otio
2064 493 2248 560 sexuS,

123 571 298 625 laxare
332 570 566 623 animum
606 565 717 620 lusu
751 559 1131 616 “calculorum
1158 600 1172 624 ,
1217 561 1386 615 solere
1420 559 1654 632 spec'iare
1694 563 2054 633 pantomimos
2093 566 2244 630 suos;

124 643 215 697 sed
242 659 362 696 cum
392 640 586 695 factura
612 635 738 692 eflet
762 636 1106 699 alterutrum,
1143 636 1350 705 semper
1376 633 1427 711 se
1453 634 1636 704 nepoti
1664 635 1758 688 suo
1782 636 2102 707 praecepisse
2140 640 2250 694 abi-

127 728 240 777 ret,
277 713 644 780 studererque;
689 707 838 781 quod
866 707 992 761 mihi
1020 725 1129 762 non
1157 724 1341 761 amore
1371 721 1478 775 ejus
1507 708 1672 778 magis
1697 706 1903 773 facere,
1942 726 2103 777 quam
2166 730 2249 768 re-

127 788 363 842 verentia
403 785 693 839 videbatur.

117 1003 246 1054 (pudet
268 1018 322 1043 me
342 1004 460 1055 dixisJe
474 1003 638 1053 pudorem
658 1012 718 1054 per
738 1000 959 1041 adulationis
986 1001 1136 1050 officium

119 1056 159 1094 in
188 1054 370 1093 theatrum
400 1056 504 1103 erc.)
546 1055 800 1094 Emendabam
833 1053 922 1091 olim
948 1082 958 1098 ,
1008 1054 1138 1103 (pudet

119 1119 174 1144 me
193 1107 312 1156 dixisse
333 1106 496 1145 honorem
520 1135 531 1151 ,
567 1106 783 1144 adulationis
806 1103 981 1152 officium)
1005 1106 1043 1142 in
1064 1105 1139 1144 the-

118 1167 239 1194 atrum
269 1168 338 1196 eyc.
371 1169 492 1206 neque
523 1157 642 1195 adhuc
660 1158 836 1206 poenitet.
866 1156 1057 1194 Gaurmr..
1085 1163 1139 1193 Α-

117 1207 199 1244 viae
219 1207 360 1245 delicate
375 1236 384 1253 ,
405 1208 622 1255 fiveriffime.
647 1207 662 1257 ]
694 1209 793 1245 Vera
816 1206 967 1244 Palatini
991 1207 1141 1247 Codicis

115 1256 247 1302 lectio,
274 1260 312 1297 &
335 1262 492 1297 omnino
515 1259 720 1308 recipienda
743 1271 752 1295 ς
785 1257 882 1294 Vixit
901 1258 940 1295 in
961 1258 1142 1296 contuber-

116 1307 172 1344 nio
186 1309 293 1347 aviae
314 1309 484 1348 delicatae
499 1309 791 1360 severiffimeeffc.
820 1307 948 1346 Sensus
959 1308 1029 1347 est:
1055 1309 1144 1348 edu-

115 1365 236 1397 catum
259 1361 491 1409 Quadratum
513 1361 558 1398 ab
577 1363 659 1399 avia
681 1360 830 1398 delicata
852 1359 907 1396 illa
930 1359 1082 1409 quidem
1106 1363 1142 1399 in

116 1410 214 1448 vitae
247 1412 344 1448 cultu
369 1439 382 1455 ,
426 1412 486 1450 sed
517 1423 612 1461 quae
646 1412 768 1449 severe
790 1411 940 1447 haberet
963 1418 1141 1459 nepotem

117 1470 267 1499 morum
298 1461 488 1510 disciplina.
541 1462 708 1499 Delicata
740 1459 889 1498 vivendi
920 1462 1011 1498 ratio
1035 1473 1080 1498 ex
1104 1464 1143 1501 iis

117 1519 239 1558 patet,
269 1523 362 1560 quae
395 1523 488 1549 mox
520 1510 565 1548 de
595 1510 820 1558 Quadratilla
844 1518 960 1546 narrat
985 1511 1141 1550 Noster:

115 1561 283 1598 severitas
315 1561 516 1611 disciplinae
550 1560 636 1598 inde
668 1559 841 1601 constat,
879 1559 981 1606 quod
1002 1560 1068 1598 suis
1090 1572 1144 1600 re-

120 1611 344 1650 miffionibus
364 1610 528 1649 interesse
549 1618 725 1659 nepotem
749 1607 844 1659 passa
863 1608 961 1646 haud
983 1609 1030 1648 est
1059 1639 1069 1655 ,
1098 1611 1144 1650 de

117 1672 196 1709 quo
220 1664 328 1700 etiam
354 1663 463 1711 paulo
485 1661 565 1711 post
586 1660 712 1699 reddit.
729 1661 756 1698 B
771 1671 830 1696 uc
847 1670 869 1694 Η
885 1671 909 1695 N
924 1672 945 1696 E
959 1673 997 1697 R.
1021 1662 1145 1700 Aviae

117 1711 286 1751 delicatae
319 1713 460 1761 pridem
494 1712 606 1750 edidit
638 1712 821 1761 Gryphius
840 1737 851 1754 ,
888 1722 1011 1759 neque
1044 1713 1144 1750 aliter

118 1761 220 1801 scribi
251 1765 438 1802 convenit.
477 1763 669 1801 Mediceus
691 1771 842 1800 tamen:
884 1762 981 1798 Vixit
1004 1762 1040 1798 in
1064 1775 1144 1800 cm-

123 1813 278 1851 tuberm'o
302 1818 384 1852 avia
408 1815 494 1852 elica
508 1812 737 1862 severifftme:
768 1809 870 1861 quod
891 1838 901 1855 ‚
930 1810 995 1849 nisi
1018 1824 1144 1851 corru-

124 1870 231 1908 ptum
267 1863 317 1900 est
349 1877 394 1902 ex
427 1874 573 1913 recepta
594 1865 786 1913 scriptura,
822 1861 942 1900 nescio
969 1863 1056 1912 quid
1077 1863 1139 1903 fibi

122 1911 220 1949 velit.
273 1915 403 1952 Mulier
425 1914 575 1951 delicata
599 1913 647 1952 est
661 1942 672 1960 ,
697 1925 791 1963 quae
809 1913 980 1951 omnibus
1002 1914 1147 1962 elegan-

126 1963 206 2006 tiis,
234 1962 338 2001 rebus
369 1965 412 2002 ad
438 1965 566 2002 luxum
590 1967 628 2003 ὃς
650 1964 954 2002 commoditatem
980 1964 1144 2004 facienti-

123 2010 186 2048 bus
218 2012 333 2051 studet
355 2043 365 2060 ,
402 2016 524 2065 quales
546 2015 621 2053 fere
639 2016 728 2052 olim
747 2014 916 2062 elegantes
940 2017 1143 2061 vocabant,

121 2070 164 2098 ut
194 2066 345 2112 exponit
377 2066 512 2104 Gellius
549 2067 629 2104 Lib.
663 2065 729 2102 XI.
762 2076 838 2113 cap.
873 2065 919 2102 11.
959 2066 1017 2104 Sic
1038 2066 1143 2116 saepe

120 2113 217 2160 apud
265 2116 552 2163 Quincftilianum
587 2115 756 2154 delicatus
789 2126 889 2166 pater
914 2144 925 2160 ,
970 2117 1142 2157 delicatus

122 2164 226 2209 miser
260 2167 298 2203 δε
329 2166 464 2206 similia.
517 2167 620 2206 Plura
649 2174 774 2206 autem
806 2167 972 2217 Cuperus
1011 2169 1092 2208 Lib.
1115 2171 1142 2208 Ι.

124 2213 277 2252 Observ.
299 2227 376 2265 cap.
397 2217 504 2256 VIII.

176 2276 190 2302 1
227 2267 513 2318 Pantomimos.]
554 2269 738 2306 Omnium
763 2267 1034 2316 gesticuiatores.
1065 2270 1140 2308 CA-

121 2325 214 2353 τΑΝ.
242 2319 494 2358 pantomimos.
516 2319 531 2369 ]
564 2318 615 2355 Hi
636 2319 739 2356 suum
762 2320 914 2356 chorum
938 2320 1140 2367 habebant,

119 2365 181 2402 ubi
214 2366 361 2417 alicujus
392 2381 539 2408 carmen
572 2377 659 2416 apto
690 2370 728 2406 &
749 2367 958 2417 composito
980 2376 1140 2419 corporis

119 2415 219 2463 gestu
240 2422 481 2466 exponebant.
511 2418 609 2457 Vide
632 2418 755 2456 Sidon.
779 2419 859 2456 Lib.
873 2418 982 2457 VIII.
995 2419 1060 2468 Ep.
1077 2422 1138 2460 IX.

119 2465 249 2506 Manil.
273 2469 353 2506 Lib.
378 2472 423 2508 V.
449 2471 595 2508 Astron.
618 2468 818 2506 Caffiodor.
842 2470 961 2507 Senat.
978 2470 1058 2508 Lib.
1074 2473 1138 2511 IV.

119 2516 333 2557 Aristenaet.
359 2522 424 2569 Ep.
447 2522 588 2558 XXVI.
619 2523 709 2568 πξός
748 2518 955 2567 ὂξχηςξίδαι.
989 2523 1140 2569 August.

122 2566 200 2606 Lib.
225 2570 272 2607 11.
294 2570 339 2608 de
363 2571 489 2619 Symb.
516 2571 561 2609 ad
585 2571 802 2608 Catechum.
829 2569 916 2607 Vet.
937 2571 1041 2609 Poet.
1058 2574 1139 2612 Lib.

123 2617 190 2656 IV.
211 2619 671 2670 Epigrammtollcffionis
683 2621 903 2659 pithoeanae
918 2648 928 2664 ,
956 2621 1139 2662 Sirmond.

122 2670 161 2709 δε
181 2670 275 2710 alios.
302 2672 457 2710 Veranii.
494 2674 597 2711 Haec
618 2670 794 2720 descripsit
818 2683 863 2708 ex
882 2680 969 2709 nota
992 2672 1144 2712 Savaro-

120 2721 175 2759 nis
205 2721 249 2760 ad
280 2722 403 2761 Sidon.
435 2724 558 2762 Carm.
591 2722 736 2760 XXIII.
767 2732 819 2759 vs.
843 2721 924 2759 268.
947 2733 1032 2768 279.
1057 2735 1139 2770 270.

121 2772 242 2858 Q&
260 2774 330 2821 ipse
350 2774 559 2814 Mercerum
580 2773 626 2811 ad
649 2772 859 2811 Aristenaet.
882 2773 962 2809 Lib.
989 2773 1015 2810 1.
1029 2774 1137 2823 Epist.

195 2819 260 2859 VI.
281 2824 408 2863 laudat.
448 2825 611 2874 Quando
635 2825 780 2862 Romae
801 2823 1019 2862 invaluerint
1034 2853 1044 2870 ,
1071 2825 1139 2864 do-

126 2877 183 2908 cet
201 2869 366 2912 Zofimus
392 2877 469 2914 Lib.
492 2878 518 2915 1.
542 2888 621 2925 cap.
642 2875 712 2914 VI.
734 2887 767 2913 n.
790 2887 823 2912 2.

175 2932 198 2957 2
224 2924 438 2975 fovebatquo
458 2927 605 2976 effusius.
630 2925 648 2976 ]
686 2926 798 2976 Supra
821 2924 978 2962 modum
1004 2925 1139 2963 horum

124 2970 402 3018 gesticulationes
430 2977 724 3028 amplectebatur.
782 2977 814 3014 C
827 2989 846 3012 Α
864 2989 885 3013 τ
902 2989 923 3012 Α
939 2987 974 3012 N.
1025 2977 1138 3013 Arnz.

36 3056 43 3070 .
122 3020 276 3068 effuſsus,
302 3035 406 3071 quam
425 3029 565 3078 principi
588 3026 814 3067 convenisset
829 3027 998 3073 feminae.
1028 3028 1137 3075 Opti-

120 3081 233 3112 mus:
271 3083 376 3120 quam
416 3079 554 3130 principi
583 3080 742 3130 feminae
784 3078 949 3119 convenit
970 3106 984 3125 ,
1033 3077 1135 3129 quod

768 778 1092 846 Miraberis,
1143 780 1196 835 &
1238 797 1345 851 ego
1390 781 1605 834 miratus
1633 780 1761 835 sum.
1839 780 2106 837 Proximis
2172 785 2249 840 sa-

2054 857 2260 914 cerdo--

1219 1000 1386 1050 rescripsi.
1438 1000 1496 1038 Sic
1518 999 1600 1038 Lib.
1623 1001 1671 1039 V.
1692 1000 1802 1050 Epist.
1826 1001 1927 1040 XIX.
1951 1015 1988 1040 n.
2011 1015 2044 1054 3.
2070 1005 2252 1047 Utituro·

1220 1051 1359 1089 cithara
1388 1052 1495 1102 perite
1515 1079 1526 1095 ,
1564 1054 1653 1090 ultra
1677 1080 1688 1098 ,
1727 1063 1840 1101 quam
1873 1055 2025 1091 comoedo
2049 1058 2166 1105 necesse
2187 1058 2246 1098 est.

1216 1103 1277 1142 ubi
1296 1102 1424 1141 Iocum
1448 1103 1673 1147 indicamus,
1701 1114 1778 1152 quo
1801 1104 1900 1152 plura
1922 1104 1967 1141 de
1988 1106 2054 1143 hac
2066 1106 2250 1147 Formula.

1222 1155 1322 1193 Nam
1346 1154 1390 1192 de
1411 1153 1556 1192 diverfis
1580 1154 1834 1202 Temporibus
1853 1166 1899 1192 ne
1921 1153 2074 1193 muliare
2097 1157 2249 1206 quidem

1221 1205 1350 1248 decet,
1379 1217 1464 1243 cum
1489 1205 1620 1243 eadem
1640 1205 1763 1242 iuneta
1785 1206 1944 1243 vidimus
1969 1205 2051 1243 Lib.
2075 1206 2122 1244 Il.
2141 1208 2250 1257 Epist.

1219 1255 1365 1294 XVIII.
1386 1269 1423 1294 n.
1444 1269 1477 1293 2.
1500 1258 1538 1294 δε
1563 1255 1645 1292 Lib.
1665 1255 1734 1292 VI.
1759 1255 1867 1304 Epist.
1890 1255 1996 1294 XVI.
2019 1268 2054 1294 n.
2077 1257 2111 1294 8.

1271 1319 1289 1357 3
1322 1314 1404 1345 Non
1439 1306 1543 1344 domi
1566 1305 1800 1355 spectabam]
1830 1306 1934 1345 Vofl‘.
1959 1307 2113 1346 Helmst.
2135 1308 2252 1348 Arnz.

1220 1359 1266 1428 &¹
1296 1359 1362 1397 Ed.
1399 1359 1486 1396 Vet.
1526 1370 1595 1395 non
1633 1356 1751 1395 domo
1769 1357 1965 1408 speelabat.
2017 1359 2251 1400 Vetenimus

1218 1410 1310 1447 saus
1338 1410 1443 1446 domi.

1268 1472 1289 1505 4
1319 1460 1432 1497 Audii
1452 1459 1585 1508 ipsam,
1614 1471 1692 1495 cum
1705 1458 1802 1508 cet.]
1834 1459 2250 1508 Helmst.Audiipsam;

1217 1509 1330 1547 Arnz.
1362 1511 1437 1548 Aut
1457 1510 1579 1558 ipsam.
1609 1510 1783 1558 Optimus
1800 1537 1810 1553 ,
1838 1509 1943 1547 Voff.
1965 1512 2004 1548 ὃς
2036 1511 2248 1560 Gryphius:

1219 1560 1354 1597 Audivi
1377 1562 1496 1609 ipsam.
1526 1561 1582 1598 Sic
1601 1562 1711 1598 etiam
1736 1561 1907 1598 meliores
1929 1562 2006 1598 iibri
2030 1561 2131 1610 supra
2168 1563 2251 1603 Lib.

1219 1610 1286 1647 VI.
1310 1612 1418 1659 Epist.
1440 1610 1505 1648 XI.
1530 1622 1565 1647 n.
1592 1623 1624 1648 1.
1652 1610 1789 1648 Audivi
1811 1623 1853 1648 ex
1877 1611 2014 1660 diverfh
2037 1622 2189 1663 regentes.

1273 1675 1289 1709 ς
1323 1668 1366 1699 Ut
1390 1661 1582 1708 seminam.
1651 1662 1762 1708 Quae
1785 1662 1948 1699 civilibus
1970 1664 2157 1709 negociis,
2185 1675 2251 1702 ne·

1219 1722 1292 1760 que
1323 1714 1478 1750 externis
1508 1711 1573 1749 illis
1624 1709 1827 1758 istringitur.
1865 1712 1993 1761 Quare
2010 1712 2179 1754 libentius
2198 1715 2270 1754 lew

1218 1763 1333 1810 gerim
1345 1764 1451 1810 sexus
1472 1772 1585 1811 quam
1601 1760 1699 1811 senii.
1728 1761 1761 1798 C
1777 1773 1796 1798 A
1813 1774 1836 1799 τ
1853 1774 1874 1797 Α
1887 1773 1926 1799 N.
2248 1762 2251 1763 ⁷

1268 1813 1291 1848 6
1317 1811 1596 1861 calculorum]
1639 1812 1863 1850 schacorum
1879 1840 1891 1859 ,
1929 1813 1995 1863 (ut
2027 1814 2141 1864 vulgo
2165 1816 2253 1857 dici-

1219 1864 1326 1912 mus)
1352 1864 1397 1902 de
1418 1864 1548 1914 quibus
1571 1863 1766 1901 Martialis:
2243 1861 2251 1867 ⁴

1271 1974 1517 2024 Insidiosorum
1541 1973 1569 2022 fi
1587 1974 1681 2012 ludis
1703 1972 1796 2010 bella
1816 1973 2000 2012 latronum
2015 2004 2026 2020 ,

1320 2031 1502 2064 Gemmeus
1521 2026 1580 2075 iste.
1598 2025 1660 2064 tibi
1684 2025 1782 2063 miles
1804 2036 1847 2065 εἴ
1868 2025 1967 2073 hostis
1989 2027 2068 2064 erit.

1221 2138 1572 2238 ID7Eiiae⁸verentiafl
1603 2189 1663 2227 Ne
1687 2187 1858 2226 delicatus
1871 2187 1972 2226 fieret
1987 2214 1998 2233 ,
2025 2197 2072 2225 ne
2083 2198 2249 2239 corrumss

1219 2250 1373 2291 peretur.
1402 2240 1565 2279 Iuvenal.
1584 2240 1654 2277 Sat.
1679 2239 1784 2275 XIV.
1807 2250 1860 2276 vs.
1882 2249 1941 2284 47.

1271 2353 1440 2390 Maxima
1457 2360 1560 2401 puero
1583 2349 1726 2387 debetur
1749 2348 1967 2386 reverentia.

1218 2467 1370 2506 Banu.

1267 2521 1286 2556 ὅ
1316 2517 1598 2555 sacerdotalibus
1629 2512 1772 2562 ludis.]
1823 2512 1937 2551 Sacris
1981 2516 2247 2554 certaminibus.

1217 2569 1321 2606 Dit‘ti
1350 2577 1475 2606 autem
1506 2566 1741 2605 sacerdotales
1764 2592 1775 2608 ‚
1815 2566 1853 2602 δε
1884 2564 1967 2602 sacri
1992 2593 2002 2610 ,
2043 2565 2147 2615 quod
2179 2566 2245 2604 diis

1215 2619 1299 2657 sacri
1332 2618 1442 2656 essent
1466 2647 1475 2661 ‚
1515 2620 1551 2654 in
1586 2628 1678 2665 quos
1703 2618 1752 2654 D.
1777 2615 1998 2663 Augustinus
2021 2616 2183 2665 quodam
2209 2618 2247 2653 in

1215 2671 1301 2707 loco
1331 2671 1493 2707 maxime
1514 2669 1709 2705 invehitur.
1765 2666 1960 2713 Originem
1983 2668 2117 2704 horum
2140 2666 2248 2704 ludo-

1217 2731 1298 2757 rum
1323 2720 1478 2768 pluribus
1501 2718 1609 2755 refert
1635 2719 1762 2756 Livius
1785 2716 1853 2769 VI.
1875 2717 1919 2753 ab
1949 2718 2037 2753 urbe
2072 2716 2218 2754 condit-a
2234 2746 2245 2762 ,

1217 2772 1255 2807 δε
1288 2771 1331 2807 ab
1362 2771 1447 2807 sano
1478 2770 1655 2818 principio
1690 2766 1825 2805 venille
1855 2767 1920 2804 suis
1961 2768 2185 2815 temporibus
2208 2770 2246 2805 in

1216 2822 1277 2858 vix
1299 2821 1462 2868 opulenti
1487 2822 1585 2867 regni
1619 2819 1843 2857 tolerabilem
1877 2817 2060 2855 insaniam.
2091 2817 2246 2856 Caram.

1221 2871 1392 2908 Proximis
1424 2871 1515 2908 ludis
1550 2867 1874 2918 sacerdotahbus]
1906 2866 2139 2906 sacerdotales
2168 2868 2246 2908 ludi

1217 2922 1327 2966 sunt,
1364 2933 1456 2970 quos
1491 2921 1702 2960 Sacerdotes
1734 2920 1781 2957 ob
1813 2920 1997 2957 honorem
2035 2918 2245 2965 sacerdotii,

1217 2980 1255 3008 ut
1277 2974 1387 3010 cett-ri
1410 2972 1628 3020 magistratus
1656 3001 1665 3016 ,
1705 2971 1869 3008 edebant.
1907 2971 2025 3017 Origo
2048 2971 2091 3005 ab
2115 2969 2245 3017 Augu-

1216 3022 1272 3059 sto
1297 3022 1344 3060 eli·
1360 3051 1370 3068 ,
1396 3031 1436 3060 ut
1461 3024 1657 3061 Gurherius
1682 3023 1763 3060 Lib.
1789 3019 1855 3057 ΙΙΙ.
1878 3020 1923 3058 de
1947 3023 2031 3060 Vct.
2047 3021 2130 3068 Jure
2142 3021 2241 3058 Pon·

1216 3073 1330 3114 tificio
1353 3085 1429 3125 cap.
1449 3074 1532 3113 XX.
1558 3073 1676 3114 docet.
1703 3073 1913 3112 Rucuma.

2149 3132 2164 3158 1
2200 3125 2264 3156 In-
