2616 3686
545 195 948 250 ,LIBER
1015 186 1903 252 X.EP15T0LAX1-
2202 215 2302 263 *721

191 287 440 367 precibus
462 281 593 338 meis
618 279 816 333 faveas:
856 282 870 305 ¹
897 274 1053 328 cui&
1083 309 1101 335 ,
1129 269 1162 323 s1
1179 271 1312 341 quid
1339 270 1468 323 mihi
1491 271 1664 323 credis
1690 308 1705 331 ‚
1747 270 2137 341 indulgentiam
2161 287 2307 336 tuam

189 368 355 422 dabis.
397 359 540 414 dabit
570 355 676 426 ipse
696 367 916 424 operam
934 388 949 412 ,
988 354 1006 377 ²
1029 361 1085 400 ut
1111 346 1164 399 in
1190 345 1298 408 his,
1334 361 1471 416 quae
1495 346 1544 397 ei
1569 343 1947 409 mandaveris.
1970 347 2168 415 majora
2198 369 2308 408 me,
2377 396 2379 399 ¹

186 454 382 496 reatur.
459 432 767 486 Parciorem
795 442 881 479 me
907 428 960 479 in
987 418 1259 476 laudando
1284 418 1406 472 facit
1434 454 1449 480 ,
1484 417 1638 490 quod
1663 418 1818 489 spero
1841 419 1939 471 tibi
1964 419 2016 471 &
2042 422 2312 492 integrita-

186 530 300 570 tem
332 509 471 581 ejus,
497 505 551 558 δε
577 503 903 576 probitatem
922 539 935 561 ‚
953 499 1007 551 &
1033 493 1346 551 industriam
1373 510 1484 547 non
1514 494 1686 546 solum
1711 512 1776 547 ex
1804 491 1914 562 ejus
1945 497 1960 524 ³
1989 491 2302 560 honoribuS,

188 604 323 662 quos
351 595 405 639 in
440 580 574 641 urbe
607 585 625 614 ⁴
667 577 762 632 sub
788 575 957 629 oculis
983 574 1085 626 tuis
1121 568 1302 642 gessit,
1344 585 1533 627 verum
1566 569 1728 622 etiarn
1762 586 1831 623 ex
1855 567 2178 624 commilitio
2207 570 2309 629 effe

187 659 529 720 notiffimam‘.
606 653 740 707 Illud
767 665 977 712 unum,
1019 645 1170 720 quod
1196 659 1421 718 propter
1452 642 1768 698 charitatem
1794 645 1903 713 ejus
1935 641 2184 697 nondum
2212 629 2311 698 mi-

188 739 243 794 hi
269 735 456 792 videor
481 731 597 787 satis
625 729 779 800 plene
802 723 1009 787 fecisse,
1049 723 1208 776 etiam
1236 719 1588 790 atqueetiam
1611 719 1748 773 facio
1774 740 1784 772 ε
1827 733 2023 788 teque,
2041 717 2309 782 Domine,

186 829 357 883 rog0,
395 806 631 882 gaudere
655 820 744 857 me
772 813 1029 856 exornata
1055 793 1345 870 quaestoris
1365 795 1472 848 mei
1492 793 1816 866 dignitate,{
1833 793 1892 849 id
1917 791 2018 860 est,
2034 810 2130 868 per
2159 794 2312 851 illum

188 882 339 951 mea,
376 899 539 963 quam
566 876 912 936 maturiffime
934 875 1078 929 velis,
1979 873 1982 877 ·

2200 1086 2320 1190 xri.

183 1310 256 1352 dus
268 1338 280 1357 ,
306 1305 494 1358 Gryphius
514 1305 552 1345 δι
571 1300 677 1354 pauci
698 1296 883 1345 dederint:
912 1303 952 1332 ut
972 1292 1044 1344 ipse
1055 1291 1151 1343 apud
1167 1300 1201 1331 te
1214 1319 1225 1337 ,

184 1363 298 1413 idque
321 1388 332 1406 ‚
358 1367 398 1397 ut
417 1360 610 1407 opinamur
634 1381 646 1399 ‚
689 1362 736 1388 ex
767 1349 857 1387 libris
878 1352 971 1384 vett.
1010 1344 1216 1383 desumtum

188 1413 233 1452 fit
254 1440 266 1459 ,
289 1412 363 1450 hoc
385 1411 470 1459 iffa,
507 1419 573 1458 pro
592 1404 740 1451 vulgato
771 1397 1079 1455 ipfitreposuimus.
1131 1395 1212 1441 Jam

187 1474 318 1514 parum
338 1460 516 1504 intererit,
542 1457 738 1506 conjungas
753 1449 905 1501 preczbus
924 1460 1005 1485 mers
1019 1455 1079 1503 Ps⁰
1099 1445 1213 1494 digni-

183 1524 262 1552 -tate
281 1512 353 1560 ejus
367 1512 495 1557 faveas
516 1537 527 1554 ,
553 1517 593 1553 ut
609 1503 761 1557 precibus
781 1502 820 1538 fit
843 1500 1094 1537 Casusvtertius
1116 1523 1136 1552 ,·
1166 1507 1212 1533 an

182 1565 336 1614 precibus
370 1562 471 1600 sexto
505 1560 598 1596 Casu
623 1561 772 1601 accepto
796 1553 922 1595 faveas
943 1557 1006 1598 pro
1042 1547 1212 1595 dignitate

187 1623 405 1664 componas.
437 1612 538 1649 Nam
560 1616 599 1648 ut
612 1608 740 1655 favere
757 1611 875 1638 contra
899 1600 1114 1636 Latinorum
1142 1594 1212 1634 effe

184 1665 291 1714 supra
316 1663 472 1702 vidimus
503 1659 550 1698 ad
584 1660 608 1698 l.
633 1668 664 1694 e.
699 1656 746 1692 ita
765 1653 804 1690 &
826 1651 953 1698 favere
967 1659 1029 1699 pro
1048 1647 1094 1686 ad
1113 1659 1213 1685 eam-

185 1715 276 1755 dem
297 1716 474 1752 rationem
496 1710 594 1749 reete
614 1707 764 1745 dicetur.
789 1702 856 1740 Co
869 1716 892 1740 rt
906 1713 976 1740 TE.

246 1778 278 1803 1.
307 1764 374 1803 Cui
387 1792 397 1809 ,
424 1774 466 1803 ω’
481 1761 509 1810 fi
521 1760 605 1812 quid
623 1757 710 1796 mihi
729 1755 833 1792 credis
845 1780 856 1797 ‚
882 1751 979 1801 era]
1008 1749 1091 1787 Nec
1108 1748 1220 1787 verba

189 1817 267 1856 satis
285 1817 447 1864 placent,
473 1824 542 1850 nec
567 1811 694 1849 sensus,
719 1805 818 1844 Nihil
834 1812 958 1842 tamen
979 1802 1114 1838 variant
1133 1800 1211 1838 libri

191 1867 280 1906 editi
303 1894 314 1911 ‚
348 1865 595 1912 habemusque
614 1859 704 1899 infra
734 1855 843 1904 Epist.
862 1853 1003 1891 LXVI.
1020 1853 1057 1889 in
1080 1850 1211 1888 Edieto

194 1918 370 1956 Nervae:
416 1906 885 1951 NECESSARIUM
925 1903 949 1941 P
967 1901 1211 1939 ARITER

185 1964 467 2005 ‘CREDIDI
515 1962 594 2001 AC
641 1955 907 1997 LAETUM
950 1951 1212 1991 OBVIAM

190 2010 697 2056 DUBITANTlP-US
725 2003 1212 2047 INDULGENTIAM

193 2067 390 2106 MEAM
426 2065 469 2102 M
488 2059 742 2102 lTTERE.
792 2058 864 2094 Gn
883 2071 904 2093 u
923 2067 1035 2093 τειι.
1091 2055 1214 2091 Locus

192 2119 251 2157 hic
287 2116 428 2155 videtur
463 2112 666 2152 admodum
705 2117 903 2158 corruptus.
940 2117 1026 2144 nam
1059 2103 1144 2143 illud
1170 2117 1213 2144 ω’

194 2181 272 2207 non
308 2168 412 2206 habet
444 2166 632 2205 relativum
653 2191 664 2207 ,
701 2159 802 2210 quod
840 2160 872 2197 ei
894 2154 1087 2195 neceffario
1108 2155 1213 2193 debet

194 2218 433 2269 respondere;
451 2215 579 2254 deinde
599 2215 652 2252 illa
671 2209 900 2254 dahis‚dabit
920 2220 997 2246 non
1023 2206 1099 2244 fatis
1110 2218 1214 2244 com-

194 2270 308 2308 mode
324 2271 533 2319 junguntur.
570 2265 732 2311 Suspicor
751 2257 913 2309 scripslsse
933 2257 1105 2297 Nostrum
1122 2285 1132 2298 ,
1162 2258 1215 2294 cui

190 2331 240 2360 (θ’
257 2321 282 2365 [ι
305 2320 389 2370 quid
408 2319 517 2355 credes
533 2313 747 2362 indulgentia
765 2321 831 2348 tua
844 2338 854 2355 ‚
874 2309 973 2347 dabit
989 2308 1052 2358 ipse
1070 2315 1215 2357 operam.

192 2371 285 2409 lllud
312 2370 409 2408 dabit
433 2368 525 2406 male
545 2365 735 2413 repetitum
757 2389 768 2406 ‚
804 2363 840 2398 &
868 2360 945 2409 post
962 2360 1158 2396 formatum
1180 2360 1215 2396 in

197 2421 297 2460 dabis
341 2420 476 2470 peperit
497 2426 628 2455 onmes
663 2413 791 2451 turbas.
827 2412 1107 2448 Seni-:rrum
1144 2409 1218 2446 Hic
1248 2417 1251 2434 ¹
1333 2441 1350 2446 ..
1561 2439 1567 2446 .
1668 2438 1674 2443 .
1897 2435 1903 2441 .
2019 2433 2024 2438 .
2277 2433 2282 2438 .

1248 2435 1252 2497 j
1280 2449 1350 2487 pm
1379 2440 1439 2477 sub
1475 2440 1585 2477 oculis
1626 2437 1846 2488 eptscoporum
1891 2433 2042 2472 mcendto
2080 2442 2310 2470 concremans.

196 2475 307 2511 etiam
344 2471 523 2519 displicent
559 2466 714 2514 argutiae
752 2461 922 2500 Schefferi
956 2471 998 2497 ac
1032 2458 1217 2498 fluctuatio

187 2523 355 2562 -Gruteri.
408 2522 529 2558 Locus
546 2519 609 2555 erit
627 2513 876 2564 integertimus
899 2538 909 2553 ‚
936 2509 963 2547 fi
981 2510 1079 2548 recte
1102 2509 1221 2548 dillin-

190 2583 346 2623 guatur‚
373 2572 469 2612 recte
485 2568 705 2617 intelligatur.
732 2564 784 2601 cui
805 2565 841 2600 &
863 2590 874 2606 ‚
897 2563 924 2609 st
945 2561 1028 2610 quid
1046 2560 1134 2598 mihi
1153 2568 1223 2599 cet.

199 2626 254 2662 lta
274 2622 572 2672 distinguendum.
611 2620 663 2656 At
691 2617 737 2654 illi
765 2613 929 2662 legebant
953 2624 962 2648 :
1001 2611 1086 2654 cui,
1121 2622 1164 2650 ο·
1183 2612 1221 2659 fi

198 2676 285 2725 quid
305 2675 391 2713 mihi
411 2687 458 2711 cr.
485 2670 608 2710 Sensus
630 2667 678 2707 est
699 2680 709 2705 t
746 2677 822 2703 non
841 2669 982 2701 tantum
1012 2660 1148 2700 favebis
1167 2662 1220 2700 di-

198 2727 327 2773 gnitati
356 2726 431 2775 ejus
452 2752 463 2769 ,
499 2721 560 2761 sed
589 2721 628 2758 δί
658 2715 915 2765 indulgentiam
947 2719 1045 2749 tuam
1076 2709 1140 2760 ipsi
1160 2711 1221 2750 da-

206 2774 256 2812 bis
279 2787 289 2812 :
327 2787 420 2826 quae
447 2781 599 2823 utraque
627 2769 786 2807 multum
810 2767 891 2804 sane
917 2761 1098 2800 differunt.
1148 2763 1220 2800 Re-

210 2826 358 2873 petitum
378 2824 530 2864 verbum
555 2821 653 2861 dabis
673 2847 684 2865 ,
714 2816 812 2856 dabit
835 2844 845 2861 ,
878 2814 950 2852 aliis
970 2812 1139 2850 omnibus
1160 2812 1222 2849 ad-

207 2874 362 2913 modum
381 2876 555 2914 decorum
577 2871 753 2911 videbitur
768 2882 781 2907 :
808 2874 947 2905 tantum
970 2863 1062 2901 abest
1084 2890 1095 2907 ,
1123 2871 1162 2900 ut
1184 2862 1226 2900 fit

213 2935 260 2961 ex
279 2924 444 2964 Schefferi
461 2932 585 2964 mente
602 2918 897 2961 incommodum.
927 2914 1146 2964 Indulgentia
1172 2914 1227 2950 illa
1254 2929 1255 2933 =

215 2985 261 3010 ex
288 2973 388 3019 Epist.
407 2976 472 3014 lll.
496 2989 530 3014 n.
553 2988 583 3012 1.
611 2972 716 3022 Epist.
738 2971 822 3007 Xll.
849 2981 885 3007 n.
905 2979 938 3004 2.
974 2967 1012 3004 ὃ(
1044 2964 1228 3014 permultis
1255 2957 1259 3013 ζ

1256 3018 1257 3030 ¹
1294 3009 1403 3046 ricula
1445 3008 1482 3044 ὅ(
1518 3007 1614 3043 bona
1649 3015 1715 3053 pro
1750 3004 1817 3042 suis
1849 3002 1990 3042 habere.
2023 3002 2127 3051 Lege
2159 3001 2316 3039 omnino

269 3085 308 3112 2.
325 3079 375 3128 {It
400 3075 438 3112 in
462 3074 513 3114 his
534 3103 544 3121 ‚
580 3088 613 3126 q.
639 3089 665 3114 e.
692 3087 737 3112 m.
760 3070 909 3118 majora,
939 3064 1146 3117 mercatur.]
1175 3064 1231 3102 Sic
1254 3104 1255 3108 ,
1302 3061 1380 3098 Lib.
1403 3061 1447 3098 Π.
1472 3058 1580 3107 Epist.
1601 3056 1663 3095 IX.
1689 3067 1726 3092 n.
1748 3066 1783 3095 1.

215 3023 288 3062 aliis
305 3025 439 3071 optime
458 3026 678 3074 intelligetur.
710 3022 776 3058 Co
789 3034 809 3058 a
826 3033 846 3055 τ
864 3031 899 3058 ε.

1281 1309 1413 1357 omnes
1441 1299 1519 1339 libri
1536 1328 1547 1346 ,
1586 1299 1626 1339 &
1660 1300 1756 1339 male
1783 1298 1848 1336 viri
1875 1296 1976 1336 dorsti
2001 1295 2312 1345 praepositionem

1282 1351 1467 1389 sollicitant
1488 1379 1499 1394 ,
1527 1360 1716 1400 tamquam
1738 1348 1994 1388 abundantem.
2021 1348 2134 1386 Recte
2155 1348 2238 1392 sane
2259 1350 2313 1387 di-

1284 1403 1402 1458 cimu's
1419 1403 1457 1439 t'n
1478 1402 1615 1452 imperio
1636 1430 1647 1448 ‚
1683 1402 1720 1440 in
1743 1400 1921 1450 consulatu
1943 1427 1954 1444 ‚
1991 1400 2028 1437 in
2049 1399 2228 1449 quaestura
2250 1399 2311 1437 he'c

1281 1462 1405 1489 meruit
1430 1480 1440 1496 ,
1475 1464 1538 1490 cur
1565 1465 1641 1491 non
1668 1453 1740 1490 hoc
1766 1453 1851 1490 loco
1879 1452 1916 1489 in
1938 1449 1992 1488 his
2016 1460 2032 1489 ,θ
2070 1449 2202 1487 Sallust.
2229 1450 2312 1499 Jug.

1283 1514 1360 1560 cap.
1380 1503 1522 1542 LXIII.
1545 1516 1580 1542 n.
1594 1517 1625 1553 ς.
1644 1505 1838 1553 semperque
1856 1503 1893 1541 in
1912 1502 2140 1550 potestatibus
2161 1515 2195 1537 eo
2213 1502 2311 1538 modo

1281 1553 1478 1602 agztabat‚‘
1493 1566 1533 1592 ut
1552 1556 1683 1604 majore
1697 1582 1706 1598 ‚
1734 1566 1839 1604 quam
1854 1552 1991 1601 gereba‘t
2015 1580 2025 1597 ,
2064 1552 2187 1600 dignus
2207 1551 2314 1589 babe-

1282 1615 1388 1644 retur.
1415 1605 1476 1643 ubi
1496 1605 1579 1643 vide
1600 1634 1611 1647 ‚
1651 1616 1743 1654 quae
1770 1605 1806 1642 in
1829 1615 1907 1641 rem
1931 1613 2103 1640 notamus
2123 1629 2134 1646 ,
2163 1602 2201 1639 &
2220 1601 2313 1641 adde

1280 1655 1381 1704 supra
1412 1656 1493 1694 Lib.
1514 1657 1560 1694 11.
1586 1656 1692 1705 Epist.
1713 1655 1816 1694 XIII.
1843 1666 1879 1691 n.
1899 1665 1936 1701 9.

1338 1729 1371 1766 3.
1401 1717 1630 1767 Honoribus]
1659 1716 1703 1756 Id
1724 1716 1796 1760 est,
1824 1713 2099 1762 Magistratibus.
2133 1712 2311 1750 Honores

1283 1777 1406 1815 gerere
1427 1770 1466 1806 &
1494 1768 1714 1816 magistratus
1741 1766 1841 1804 idem
1869 1764 1940 1802 effe
1962 1791 1973 1809 ,
2013 1764 2050 1803 ὃς
2071 1764 2130 1812 jus
2151 1764 2313 1803 honora-

1284 1819 1376 1855 rium
1403 1818 1490 1856 inde
1527 1820 1744 1867 appellatum
1769 1844 1780 1862 ‚
1816 1817 1988 1854 novimus
2014 1826 2058 1851 ex
2088 1815 2122 1855 ὃ.
2140 1814 2312 1863 praetoris

1284 1868 1413 1906 edicta.
1438 1869 1520 1908 Inst.
1549 1870 1594 1908 de
1615 1871 1689 1917 jure
1709 1867 1855 1906 naturali
1874 1868 1922 1903 G.
1939 1867 1975 1903 ὃς
1999 1865 2044 1901 C.
2070 1866 2108 1902 ὅ(
2123 1868 2213 1914 Leg.
2223 1866 2257 1902 V
2263 1867 2312 1903 Π.

1286 1919 1320 1975 §2
1337 1932 1366 1957 ι.
1381 1920 1426 1957 de
1441 1920 1561 1970 Just&
1575 1921 1718 1969 jure&
1733 1922 1824 1967 Leg.
1838 1918 1885 1955 ΙΙ.
1914 1917 1947 1957 §-¹
1974 1914 2110 1953 eodem
2130 1924 2312 1964 tempore.

1285 1969 1322 2006 st.
1349 1969 1395 2007 de
1413 1972 1549 2019 origine
1561 1972 1663 2020 juris.
1682 1972 1791 2008 Latet
1810 1977 1933 2006 autem
1953 1967 2012 2005 hic
2034 1966 2211 2014 praeclara
2231 1966 2311 2005 sen-

1285 2023 1632 2071 tentiatmagistratus
1643 2021 1783 2067 ostendit
1794 2019 1926 2056 virum.
1955 2019 1987 2055 R
2003 2032 2012 2054 ι
2030 2028 2053 2053 τ
2068 2029 2091 2053 τ
2108 2029 2126 2053 Β
2140 2030 2165 2054 R
2178 2028 2192 2055 s
2202 2029 2231 2055 Η
2241 2030 2266 2056 u
2279 2032 2311 2054 s.

1335 2094 1370 2129 4.
1398 2084 1466 2120 Sub
1488 2084 1589 2121 oculis
1609 2084 1718 2133 tuis.]
1745 2082 1946 2129 Tanquam
1966 2077 2097 2116 scilicet
2115 2077 2152 2113 in
2172 2077 2315 2125 amplis-

1283 2131 1377 2170 fimo
1396 2134 1557 2182 quodam
1576 2135 1730 2172 theatro.
1760 2132 1815 2170 Sic
1839 2129 2094 2168 Constantinus
2107 2127 2264 2176 Magnus
2274 2131 2313 2166 in

1283 2183 1363 2232 Leg
1388 2188 1502 2223 unica.
1514 2186 1560 2223 C.
1571 2185 1616 2223 de
1631 2183 1803 2222 Castrenst
1816 2182 1987 2220 omnium
2001 2178 2237 2217 Palatinorum
2251 2191 2314 2228 pe·

1283 2235 1402 2273 culto:
1428 2237 1518 2288 quod
1543 2248 1620 2274 tam
1647 2248 1688 2274 ex
1717 2234 1830 2282 castris
1856 2233 1898 2278 eft
1919 2259 1929 2275 ,
1959 2243 2066 2281 quam
2093 2230 2182 2278 quod
2220 2230 2314 2268 nobis

1286 2288 1419 2337 consciis
1458 2300 1498 2323 ac
1531 2296 1628 2337 prope
1653 2286 1714 2324 sub
1735 2283 1984 2333 conspectibus
2005 2279 2123 2326 nostris
2159 2281 2311 2329 acquiri.-

1287 2348 1358 2377 ταν.
1385 2340 1443 2376 bic
1456 2338 1600 2377 Honor.
1617 2339 1655 2374 &
1668 2334 1859 2373 Theodos.
1870 2335 1906 2372 in
1929 2332 2091 2380 Leg.ult.
2102 2329 2144 2366 C.
2160 2330 2309 2369 Theod.

1286 2389 1332 2425 de
1354 2387 1506 2425 malefic.
1533 2388 1744 2426 mathemat.
1781 2396 1852 2424 επ.
1887 2383 2066 2421 Codicibus
2091 2380 2211 2418 erroris
2230 2389 2309 2429 pro,-

1315 2503 1338 2527 D
1353 2502 1374 2527 13
1391 2505 1430 2527 m.

1284 2493 1299 2531 I
1336 2566 1369 2602 ς.
1403 2552 1446 2588 Id
1466 2549 1507 2595 est
1526 2558 1583 2598 per
1603 2549 1705 2587 illum
1725 2548 1837 2597 mesa]
1877 2546 2014 2584 Annon
2043 2543 2155 2583 videri
2174 2551 2310 2593 queant

1282 2617 1303 2643 a
1322 2604 1446 2642 librarii
1464 2598 1604 2638 manu?
1625 2602 1663 2638 id
1679 2600 1722 2650 est
1735 2628 1745 2645 ,
1770 2608 1828 2649 per
1845 2596 1947 2636 illum
1965 2609 2051 2634 mea.
2077 2597 2111 2633 G
2124 2609 2147 2634 n
2163 2608 2186 2632 υ
2202 2607 2225 2632 τ
2239 2607 2258 2633 ε
2272 2607 2311 2632 κ.

1284 2655 1399 2694 Aldus
1423 2667 1432 2692 ε
1469 2661 1527 2701 per
1551 2651 1650 2688 illum
1679 2664 1792 2688 meam
1817 2678 1826 2694 ,
1863 2656 2042 2696 corrupte.
2067 2647 2199 2694 Neque
2218 2655 2308 2682 vero

1285 2706 1367 2744 ista:
1396 2706 1433 2743 id
1456 2703 1522 2753 est,
1550 2702 1725 2752 perillum
1747 2714 1820 2739 mea
1839 2728 1849 2744 ,
1875 2710 1960 2736 cum
1985 2698 2143 2734 Grutero
2162 2707 2228 2744 pro
2252 2696 2309 2733 su-

1286 2756 1428 2806 perfluis
1448 2755 1611 2793 habenda
1630 2754 1710 2790 sunt
1733 2765 1743 2789 t
1779 2750 1959 2800 pertinent
1987 2749 2105 2795 potius
2123 2746 2170 2783 ad
2190 2745 2226 2784 id
2247 2757 2312 2795 ge-

1289 2819 1356 2844 nus
1378 2805 1572 2854 elegantiae
1593 2832 1605 2849 ,
1631 2803 1677 2841 de
1694 2814 1771 2852 quo
1790 2802 1835 2839 ad
1863 2801 1944 2838 Lib⁴
1962 2798 2032 2835 VI.
2058 2796 2314 2846 Epist.XXIX.

1290 2870 1325 2896 n.
1347 2868 1382 2906 3.
1408 2861 1572 2907 Aequum
1598 2854 1688 2891 enim
1717 2852 1763 2899 est
1790 2864 1886 2900 agere
1911 2861 2169 2898 nonnumquam
2185 2847 2314 2897 gloriae

1292 2919 1333 2947 ca·
1340 2911 1488 2954 famae,
1512 2905 1548 2943 id
1570 2904 1642 2947 est,
1669 2903 1765 2940 suam
1787 2901 1947 2949 cauffizm.
1975 2900 2022 2937 Et
2042 2907 2174 2940 notum
2196 2898 2244 2936 est
2267 2909 2314 2937 ex

1294 2958 1430 2995 Nostro
1450 2957 1616 3004 aliisque,
1642 2954 1778 2991 amicos
1797 2954 1998 2990 amicorum
2017 2950 2165 2989 suorum
2189 2951 2227 2988 &
2250 2961 2317 2997 pe-

1687 3104 1831 3155 Yyyy
1857 3117 1879 3142 2
2171 3106 2331 3145 &Prav-
