2616 3686
303 201 408 262 446

555 194 616 244 c.
682 183 1077 241 PL1N11
1149 176 1661 235 CAEctLll
1734 158 2248 232 saeuum

311 265 661 327 amaritudo,
715 279 828 319 non
882 262 1164 325 dulcedo,
1215 276 1327 315 uon
1382 259 1532 328 lepos
1586 255 1780 312 defuit.

1854 250 1867 272 ¹
1930 256 2162 313 Ornavit
2218 256 2479 328 virtutes}

313 339 592 396 insectatus
632 335 708 392 est
747 337 908 399 vitia,
947 338 964 359 ²
1003 335 1135 390 fictis
1175 332 1488 389 nomini-bus
1527 329 1791 387 decenter
1820 366 1838 394 ,
1889 330 2028 408 veris
2069 332 2189 386 usus
2227 328 2304 383 est
2344 337 2478 402 apte.

314 555 419 594 scltur
440 565 486 590 ex
514 547 651 586 affectu
665 547 873 597 granditas.
901 546 1021 596 Quod
1045 546 1240 594 Longinus
1257 547 1368 584 etiam

316 605 449 643 docet:
478 612 546 640 nec
579 601 653 637 1ine
685 601 829 646 impetu
861 610 903 635 ac
937 600 973 635 vi
999 624 1010 641 ,
1053 595 1214 636 affectus
1239 598 1365 639 venit,

317 655 556 706 percellirque
582 662 624 687 ac
656 658 816 686 concitat
850 649 964 695 magis
986 676 996 692 ‚
1039 644 1145 694 quod
1177 647 1215 682 ὅ(
1245 646 1364 693 impe-

317 716 400 744 tum
430 706 564 744 habet,
593 702 630 738 ὅ(
655 710 832 746 magnum
859 698 919 736 est.
943 695 1134 734 subtilitas
1149 697 1338 734 tenuitatis
1354 723 1365 740 ,

321 768 419 805 quae
449 749 654 804 granditati
689 751 925 797 opponitur,
954 750 1067 786 virtus
1102 744 1175 791 est,
1203 748 1366 796 quaein

323 806 497 844 docendo
530 801 604 839 sive
629 800 820 847 probando
850 797 1010 836 versatur
1033 825 1045 843 ‚
1085 797 1123 834 in
1147 809 1226 847 quo
1249 799 1368 845 prima

323 856 469 896 dicendi
494 854 586 890 ratio
610 849 684 887 sita.
714 850 848 889 Cicero
863 851 1047 888 Oratore:
1080 854 1114 885 ls
1124 849 1285 898 eloquens
1299 847 1344 895 est
1359 876 1369 892 ,

325 909 387 957 qui
408 916 452 944 cy·
474 901 626 941 humilia
649 900 851 949 subtiliter,
878 911 923 940 ey
945 912 1078 949 magna
1097 900 1262 948 graviter
1287 929 1297 943 ‚
1325 911 1370 938 (7

325 957 514 995 mediocria
538 962 728 1003 temperate
747 953 856 1001 potest
883 952 1002 989 dicere.
1036 949 1115 988 Lib.
1140 950 1188 988 ΙΙ.
1211 951 1257 988 de
1272 952 1369 989 Ora-

324 1002 428 1049 toie:
457 1011 562 1045 Tres,
588 1003 731 1053 inquit,
757 1004 794 1040 in
814 1003 963 1041 dicendo
981 1001 1174 1050 facultatis
1194 1003 1373 1047 rationes,

325 1072 482 1110 quarum
513 1056 628 1106 prima
662 1054 849 1092 lenitatem
883 1054 1055 1091 oratio‘nis
1079 1081 1090 1098 ‚
1113 1053 1269 1099 secunda
1291 1065 1374 1089 acu-

326 1123 433 1154 men,
463 1109 572 1146 tertia
605 1107 685 1143 vim
719 1105 904 1154 desiderat.
961 1105 1037 1142 Ubi
1074 1115 1248 1148 acumen,
1279 1116 1374 1153 quae

330 1151 452 1199 eidem
467 1171 551 1197 cum
569 1157 706 1196 Nossro
729 1157 809 1196 alibi
826 1155 1011 1207 subtilitas
1034 1155 1246 1204 appellatur.
1273 1156 1374 1194 Nam

332 1214 370 1250 &
390 1210 522 1261 subtile
556 1219 668 1258 atquc
701 1219 848 1246 acutum
874 1207 974 1245 idem
999 1208 1205 1255 conjunxit.
1260 1205 1375 1245 Utin

334 1263 496 1300 Oratore
524 1275 531 1297 z
571 1260 644 1309 Qu·
675 1261 713 1296 in
732 1259 792 1297 illo
811 1258 934 1307 subtili
959 1267 1126 1300 &acuto
1145 1256 1377 1305 elaboravit,

333 1325 375 1351 ut
409 1313 535 1350 callide
566 1322 757 1360 arguteque
791 1311 942 1353 diceret,
971 1321 1030 1346 nec
1055 1309 1244 1360 quicquam
1268 1309 1377 1348 altius

334 1361 500 1413 co‘gitarct
516 1392 526 1408 ,
555 1360 616 1398 hoc
639 1375 707 1398 uno
726 1363 873 1411 persei‘io
894 1373 1046 1410 magnus
1064 1371 1186 1397 orator
1208 1359 1263 1406 est.
1293 1361 1380 1398 snb-

336 1417 399 1452 tile
429 1424 540 1464 atque
568 1424 716 1449 acutum
750 1414 955 1455 nominat,
1008 1411 1112 1462 quod
1149 1412 1260 1459 paulo
1295 1421 1381 1451 ante

336 1465 557 1504 enucleatum
573 1492 582 1508 ‚
608 1463 692 1500 alias
703 1462 932 1512 summiffiim
956 1469 1166 1500 vocaverat.
1211 1464 1384 1512 Sequitur

337 1516 562 1554 Amaritudo
579 1543 588 1558 ,
617 1525 729 1563 quam
744 1515 844 1561 sellis
866 1515 1023 1552 nomine
1048 1512 1210 1562 designat
1222 1513 1386 1560 Noster,

339 1579 424 1605 cuni
451 1567 495 1605 de
518 1567 687 1603 Martiale
712 1594 721 1609 ‚
763 1568 801 1604 &
825 1567 902 1617 ejus
926 1565 1028 1604 obitu
1053 1564 1098 1603 ad
1122 1565 1281 1603 Priscum
1303 1565 1384 1605 scri-

337 1618 413 1656 bit:
445 1624 534 1655 Erat
557 1616 657 1654 homo
683 1616 872 1665 ingeniosus
899 1646 910 1663 ,
939 1627 1064 1654 acutus
1086 1645 1096 1661 ‚
1125 1628 1229 1661 acer,
1258 1628 1303 1656 ω·
1326 1618 1386 1665 qui

338 1670 534 1717 plurimum
567 1669 605 1705 in
631 1668 815 1716 scribendo
850 1680 891 1706 cf
915 1668 1006 1716 salis
1038 1666 1182 1705 haberet
1204 1668 1386 1714 effatis,

340 1733 398 1758 net
434 1719 593 1756 candoris
618 1719 748 1754 minus.
806 1718 863 1756 Est
886 1727 1013 1755 autern
1037 1717 1194 1756 affectae
1215 1719 1388 1759 dictionis

339 1771 433 1809 haec
466 1772 570 1808 ratio.
624 1769 724 1806 Nam
755 1779 838 1806 cum
864 1771 914 1807 ira
939 1770 977 1806 ὃ(
1001 1768 1211 1807 stomachus
1235 1771 1273 1808 in
1297 1781 1391 1807 con-

341 1824 519 1860 vitiorum
553 1819 766 1859 acerbitates
800 1819 1052 1869 procellasque
1088 1821 1248 1869 erumpit
1273 1849 1284 1865 ‚
1312 1830 1392 1861 tum

343 1873 555 1909 amaritudo
603 1869 677 1908 five
726 1871 987 1918 maledicentia
1036 1870 1200 1908 nascitur.
1256 1872 1390 1911 Noster

343 1923 439 1963 infra
462 1923 529 1971 Ep.
557 1920 661 1958 VIII.
683 1921 790 1969 hujus
806 1922 885 1960 libri
905 1934 912 1958 :
946 1921 1030 1958 Vide
1053 1925 1228 1960 attendas
1246 1951 1256 1968 ,
1287 1937 1328 1962 ne
1350 1925 1388 1962 in

344 1974 449 2013 bilem
482 1983 547 2010 aut
580 1971 864 2010 amaritudinem
897 1982 1025 2010 vertat
1048 1971 1195 2021 injuria.
1248 1975 1390 2022 Porro,

348 2025 438 2063 sicut
472 2023 678 2061 amaritudo
712 2022 868 2062 affectae
901 2024 1078 2062 orationis
1098 2053 1107 2069 ,
1140 2032 1181 2062 ut
1205 2024 1390 2073 diximus,

348 2078 388 2115 &
413 2074 621 2124 granditatis
655 2074 773 2111 ferme
806 2074 855 2112 est
881 2103 892 2118 ‚
943 2075 991 2112 ita
1025 2073 1168 2112 dulcedo
1198 2086 1243 2115 ’θ’
1270 2077 1390 2126 lepor,

349 2135 516 2164 moratae
539 2135 649 2173 atque
672 2123 879 2162 summistae
904 2126 1080 2163 orationis
1104 2125 1210 2163 dotes
1222 2129 1391 2176 propriae

348 2178 443 2216 sunt.
483 2176 617 2214 Cicero
650 2175 812 2212 Oratore
835 2187 921 2213 cum
945 2175 991 2213 de
1013 2183 1222 2223 temperato
1245 2179 1285 2216 δε
1309 2190 1392 2217 rno-

353 2228 438 2267 dico
471 2227 534 2267 illo
563 2237 697 2275 genere
729 2226 944 2275 loqueretur
968 2239 976 2264 :
1018 2232 1086 2263 Hoc
1107 2227 1145 2264 in
1165 2241 1309 2277 genere,
1338 2232 1394 2269 in-

354 2280 434 2329 quit
456 2308 467 2324 ,
495 2290 689 2316 nervorum
711 2275 768 2314 vel
789 2277 980 2315 minimum
1004 2305 1016 2322 ,
1045 2277 1251 2326 suavitatis
1270 2292 1393 2319 autem

355 2330 414 2368 vel
436 2329 644 2380 plurimum.
682 2327 730 2365 Et
753 2339 845 2365 mox
871 2342 879 2366 :
915 2327 1179 2379 plurimumque
1200 2329 1245 2377 est
1266 2331 1304 2369 in
1328 2331 1395 2371 hac

356 2382 529 2419 orationis
561 2381 684 2428 forma
718 2379 933 2428 suavitatis.
986 2381 1220 2419 Suavitatem
1258 2393 1394 2430 vocat,

356 2444 474 2482 quam
497 2431 631 2470 Noster
653 2430 874 2467 dulcedinem
899 2460 909 2476 ,
949 2430 1081 2470 Graeci
1104 2433 1323 2474 ’γλυκύτητα
1342 2435 1396 2474 df-

360 2491 505 2522 xerunt.
541 2482 616 2519 Mel
650 2490 760 2519 vocat
794 2481 927 2520 Noster
962 2482 1043 2521 Lib.
1075 2483 1142 2521 III.
1173 2485 1263 2522 loco
1297 2485 1399 2536 supra

359 2534 479 2572 allato.
535 2533 712 2571 Ceterum
735 2541 812 2570 tarn
835 2532 934 2571 recte
957 2545 999 2571 ac
1021 2533 1162 2573 erudite
1184 2537 1398 2585 virginium

359 2583 604 2623 commendat
638 2585 770 2622 Plinius
793 2612 803 2628 ‚
843 2585 945 2633 quod
967 2585 1004 2622 in
1034 2587 1235 2625 comoedia
1258 2591 1399 2636 veteri,

361 2638 400 2675 in
425 2646 497 2686 qua
521 2637 709 2684 ingenium
736 2635 889 2682 experiri
909 2644 1055 2684 ceperat
1078 2666 1088 2680 .
1115 2638 1202 2682 has,
1231 2649 1320 2687 quas
1344 2652 1400 2680 re-

364 2687 483 2725 censet
505 2688 683 2725 orationis
703 2685 939 2731 affectiones,
968 2687 1120 2725 diversas
1147 2689 1233 2728 licet
1255 2699 1398 2730 contra—

363 2739 505 2787 riasque
527 2740 618 2777 inter
639 2737 673 2776 se
694 2737 898 2780 miscuerit3
928 2749 1040 2787 quam
1061 2741 1211 2787 inique,
1240 2750 1280 2779 ut
1303 2742 1399 2781 sum.

364 2789 416 2825 mi
464 2790 530 2827 viri
578 2789 780 2827 existimant
805 2817 815 2834 ‚
852 2789 1064 2828 Plutarchus
1113 2791 1396 2839 Aristophanem

369 2837 505 2885 (quem
556 2840 682 2887 procul
736 2841 841 2878 omni
879 2839 993 2878 dubio
1031 2842 1171 2880 secutus
1209 2843 1397 2892 Virginius

372 2886 513 2931 fuerat,
542 2897 582 2925 ut
613 2901 738 2937 regem
773 2893 810 2928 ὃς
844 2893 1046 2941 principem
1073 2893 1307 2932 Comoediae
1332 2907 1396 2934 ve>-

368 2939 472 2979 teris]
495 2939 747 2984 reprehendit,
776 2943 813 2977 ἃ
836 2944 1096 2990 inaequalitatis
1116 2946 1278 2990 accusat,
1309 2957 1393 2985 cum

372 2986 558 3026 tumidum
593 2989 709 3024 modo
738 2992 947 3037 aegiande
971 3021 980 3035 ‚
1009 2994 1126 3031 modo
1148 2996 1332 3046 plebejum
1356 3009 1398 3035 ac

372 3039 513 3076 humile
546 3037 718 3073 sermonis
757 3047 870 3085 genus
902 3041 1061 3083 afferat;
1112 3056 1237 3084 contr-„1
1285 3059 1397 3095 quam

375 3089 502 3129 fecerit
534 3086 741 3126 Menander
765 3115 776 3132 ‚
814 3090 877 3137 qui
909 3089 971 3128 sibi
994 3091 1130 3142 ubique
1154 3095 1275 3138 similis
1297 3097 1340 3136 sit
1362 3098 1400 3136 &

2315 402 2480 461 Circa

1447 542 1710 592 aequabilitatis
1739 541 1886 580 laudem
1928 548 2088 580 tueatur.
2142 538 2213 579 Sed
2247 539 2371 582 frustra
2404 543 2488 584 Ari-

1445 593 1663 642 stophanem
1687 621 1697 638 ,
1736 604 1821 630 cum
1857 593 1950 631 ferre
1985 592 2030 630 de
2063 603 2110 629 eo
2140 591 2321 640 judicium
2354 594 2488 641 vellet,

1445 644 1490 681 ad
1514 645 1765 682 Menandrum
1790 645 1925 692 exigit,
1955 643 2082 680 frustra
2101 641 2148 680 ad
2170 653 2311 681 novam
2334 655 2491 685 comoe-

1445 693 1543 732 diam
1580 695 1793 744 respectum
1825 695 1936 733 habet
1961 722 1972 739 ‚
2011 704 2097 731 cum
2131 695 2264 732 veteris
2287 695 2493 746 principem

1444 744 1491 781 ad
1513 754 1632 792 part-es
1655 755 1779 782 vocat.
1832 747 1945 794 Quae
1966 747 2018 783 uti
2044 756 2178 793 genere
2202 772 2212 789 ,
2252 744 2299 782 fic
2322 745 2493 787 dictionis

1447 805 1604 843 quoque
1640 795 1722 833 idea
1755 795 1863 844 plane
1903 796 2041 835 diversa
2072 807 2091 832 a
2129 807 2233 833 nova
2255 805 2352 835 erat:
2382 799 2495 837 &ita

1449 843 1585 888 fiebat,
1613 852 1654 882 ut
1678 857 1774 894 quae
1798 847 1834 882 in
1857 846 1967 884 altera
1990 857 2114 885 merae
2137 845 2251 884 effent
2275 847 2400 886 laudes
2423 878 2433 895 ‚
2456 850 2494 887 in

1447 895 1559 933 altera
1593 907 1719 933 merae
1753 896 1883 944 culpae
1913 896 2053 935 fierent.
2107 898 2169 936 De
2202 909 2280 947 quo
2309 900 2494 938 hocloco

1450 954 1581 984 tamen
1617 946 1804 995 agendum
1843 947 2004 995 pluribus
2038 948 2137 985 haud
2175 949 2234 986 est.
2282 949 2497 989 Euenum.

1452 997 1654 1085 Med-icens
1675 997 1788 1034 verba
1815 1008 1824 1033 ε
1854 1008 1924 1034 non
1943 999 2138 1046 granditas
2162 1026 2174 1043 ,
2201 1012 2270 1037 non
2284 1001 2497 1050 subtilitas.

1453 1057 1589 1086 omitt.

1511 1113 1526 1138 1
1562 1098 1727 1137 ornavit
1776 1099 1971 1144 virtutes,
2022 1098 2215 1147 insefflatus
2260 1101 2306 1145 est
2356 1101 2496 1154 vitia]

1416 1180 1418 1183 ,
1455 1150 1569 1189 Vitae
1591 1152 1779 1190 humanae
1803 1151 1992 1199 speculum
2016 1149 2213 1188 comoedia
2241 1151 2301 1189 est.
2338 1154 2438 1192 Sicut
2461 1157 2499 1193 in

1457 1203 1532 1240 vita
1562 1203 1669 1251 igitur
1704 1203 1886 1239 virtutum
1916 1203 2022 1251 juxta
2057 1202 2095 1239 &
2127 1202 2307 1240 vitiorum
2333 1205 2504 1254 exempla

1457 1255 1636 1292 eveniunt
1661 1281 1671 1297 ‚
1704 1252 1754 1289 fic
1788 1255 1825 1291 in
1859 1253 2056 1291 comoedia
2082 1250 2211 1290 eadem
2234 1254 2505 1302 repraesentan-

1457 1312 1526 1342 tur.
1567 1305 1685 1354 Atqui
1703 1305 1741 1343 in
1763 1315 1864 1342 nova
1888 1304 2150 1343 exhibebantur
2173 1311 2319 1342 tantum
2344 1320 2355 1350 ;
2385 1317 2503 1356 eaque

1458 1366 1500 1393 ut
1531 1356 1717 1395 levioru‘rn
1748 1356 1928 1394 virtutum
1954 1385 1963 1400 ‚
1993 1354 2041 1395 sic
2059 1355 2246 1393 leviorum
2271 1367 2424 1406 quoque
2449 1360 2504 1398 vi-

1458 1409 1624 1452 tiorum,
1654 1406 1772 1457 qualia
1795 1407 2026 1456 plebeiorum
2057 1418 2099 1444 ac
2132 1407 2363 1455 privatorum
2394 1408 2500 1456 sunt,

1462 1459 1670 1507 cujusmodi
1689 1457 1795 1496 status
1817 1459 1992 1508 personae
2017 1459 2056 1497 δε
2076 1458 2123 1496 ibi
2143 1457 2261 1496 solum
2274 1458 2502 1499 induceban-

1461 1517 1542 1547 tur:
1573 1510 1612 1546 in
1645 1511 1762 1547 veteri
1795 1518 1926 1547 contra
1962 1521 2038 1547 non
2072 1510 2303 1558 privatorum
2337 1511 2501 1552 ac'tiones

1461 1568 1606 1598 tantum
1624 1589 1634 1606 ,
1662 1559 1722 1598 sed
1753 1561 1962 1610 principum
1993 1562 2099 1610 Reip.
2133 1573 2174 1598 ac
2209 1562 2362 1600 civitatis
2386 1563 2501 1603 etiam

1464 1612 1691 1650 vocabantur
1712 1611 1758 1650 ad
1778 1619 1918 1662 partes:
1949 1624 2018 1650 nec
2040 1611 2322 1650 ostendebantur
2333 1620 2476 1652 tantum
2493 1644 2506 1660 ,

1464 1674 1599 1701 verum
1628 1665 1667 1701 ὃς
1696 1663 1920 1702 acerbisfirne
1955 1664 2257 1712 exagitabantur;
2300 1663 2421 1702 modo
2442 1665 2506 1704 sub

1467 1713 1560 1753 fictis
1590 1713 1775 1752 vocabulis
1799 1743 1810 1759 ‚
1848 1725 1944 1764 quae
1974 1715 2047 1753 sola
2079 1716 2115 1753 in
2142 1725 2243 1752 nova
2265 1715 2506 1763 obtinebant,

1466 1765 1589 1803 modo
1620 1765 1682 1804 sub
1715 1767 1810 1804 veris
1834 1796 1847 1811 ‚
1883 1776 1926 1803 ac
1946 1764 2010 1805 illis
2031 1765 2112 1814 ipfis
2137 1777 2267 1804 eorum
2283 1794 2294 1810 ,
2322 1768 2387 1817 qui
2406 1775 2509 1807 taxa-

1471 1815 1613 1854 bantur.
1663 1818 1720 1856 Sic
1753 1818 1850 1866 apud
1876 1814 2159 1867 Aristophanem
2185 1828 2262 1854 non
2287 1817 2511 1868 Chremylus

1471 1875 1615 1905 tantum
1641 1870 1680 1907 δε
1705 1869 1818 1907 Cario
1841 1868 1992 1918 aliquis,
2021 1880 2116 1919 quae
2140 1866 2222 1905 fieta
2237 1869 2392 1906 nomina
2404 1870 2509 1915 sunt,-

1471 1916 1532 1956 sed
1559 1919 1675 1964 Cleo,
1704 1919 1764 1958 sed
1789 1920 1936 1966 Nicias,
1965 1920 2025 1959 sed
2047 1919 2257 1958 Lamachus
2282 1946 2292 1964 ,
2320 1921 2358 1957 ὃς
2380 1920 2529 1967 Socra—1

1468 1977 1525 2008 tes
1545 1969 1619 2020 ipse
1638 1981 1723 2008 cum
1746 1971 1820 2009 aliis
1834 2000 1845 2017 ,
1873 1974 1938 2021 qui
1959 1979 2041 2009 turn
2065 1971 2239 2009 vivebant
2261 2000 2271 2015 ,
2297 1971 2450 2021 quidam
2471 1975 2510 2013 &

1472 2019 1768 2059 administrabant
1802 2024 1936 2071 Remp.
1970 2024 2008 2061 &
2032 2021 2287 2072 producuntur
2307 2024 2344 2061 in
2366 2021 2510 2064 scenam

1475 2073 1514 2111 &
1533 2072 1784 2111 traducuntur.
1836 2074 1927 2111 Hoc
1959 2072 2008 2110 est
2028 2103 2039 2119 ,
2069 2085 2132 2112 cur
2155 2073 2426 2120 Quinetihanus
2447 2086 2510 2114 an·
2556 2099 2559 2104 ι

1472 2125 1613 2173 tiquam
1635 2123 1872 2162 comoediam
1878 2123 2159 2172 foecundifflmae
2171 2124 2348 2163 libertatis
2362 2153 2372 2170 ,
2400 2129 2509 2176 atque

1472 2174 1510 2211 in
1531 2175 1746 2224 insefflandis
1759 2175 1859 2213 vitiis
1867 2175 2089 2226 praecipuam
2105 2205 2115 2221 ,
2140 2175 2241 2214 dixit.
2271 2177 2353 2215 Nec
2365 2176 2508 2215 aliunde

1474 2226 1682 2264 nascebatur
1714 2227 1766 2264 vis
1798 2226 1855 2264 illa
1887 2238 1930 2264 ac
1952 2227 2132 2276 granditas
2154 2255 2165 2273 ,
2194 2239 2307 2277 quam
2329 2229 2368 2266 in
2388 2228 2509 2276 Virgi—
2535 2236 2539 2240 “

1476 2277 1539 2314 nio
1564 2277 1624 2315 hic
1645 2277 1770 2316 laudat
1791 2278 1926 2316 Plinius
1951 2307 1961 2324 ‚
1994 2279 2040 2316 ὃς
2063 2289 2142 2316 non
2174 2277 2250 2317 fine
2283 2277 2504 2316 eruditorum

1476 2327 1721 2368 admiratione
1741 2329 1980 2375 Plutarchus,
2007 2337 2049 2367 ut
2071 2329 2230 2369 diximus
2252 2358 2262 2375 ‚
2291 2328 2335 2366 ad
2357 2337 2505 2364 cacoze-

1474 2378 1561 2417 liam
1585 2381 1623 2418 in
1648 2379 1896 2428 Aristophane
1919 2381 2232 2430 interpretabatur.
2259 2379 2461 2433 Bucnuzn.

1527 2443 1548 2468 2
1579 2432 1684 2470 Fictis
1704 2432 1921 2471 mominibus
1940 2460 1951 2478 ‚
1977 2443 2050 2471 cac.
2068 2431 2084 2482 ]
2115 2432 2177 2470 De
2197 2429 2297 2470 sensu
2317 2424 2503 2484 liujusloci

1478 2482 1527 2519 ita
1551 2481 1860 2522 mihividebatur.
1889 2482 2136 2522 Constituerat
2147 2476 2390 2533 Comoediam
2404 2474 2502 2512 suam

1480 2533 1691 2582 Virginius,
1720 2535 1861 2573 secutus
1876 2563 1886 2580 ‚
1914 2543 1955 2572 ut
1977 2543 2090 2583 puto,
2114 2528 2506 2585 Aristpplffapssssxem·

1480 2585 1582 2632 plum
1607 2587 1772 2624 maxime
1795 2615 1805 2631 ‚
1844 2598 1914 2635 pro
1935 2585 2026 2623 statu
2047 2581 2220 2634 praesenti
2242 2583 2392 2613 civitatis
2416 2604 2425 2633 3
2453 2584 2507 2633 at-

1480 2648 1553 2686 que
1587 2638 1732 2686 imperii
1767 2638 1960 2680 Romani,
2008 2641 2049 2670 ut
2081 2640 2172 2680 quae
2206 2626 2385 2676 praec]are
2415 2627 2506 2664 ¹b1²

1479 2687 1665 2726 nonnullis
1688 2695 1750 2726 aut
1773 2690 1870 2726 secus
1890 2686 2019 2723 fierent
2041 2710 2052 2726 ,
2078 2680 2136 2716 vel
2160 2675 2509 2715 commendarentur

1474 2738 1520 2775 ad
1542 2739 1806 2777 aemulandum
1822 2765 1832 2781 ‚
1861 2736 1918 2773 vel
1940 2736 2145 2771 taxarentur
2167 2726 2212 2763 ad
2246 2726 2384 2775 fugam.
2438 2727 2509 2767 Sed

1482 2791 1536 2827 uti
1564 2788 1730 2826 afiiones
1761 2787 1960 2826 hominum
1995 2782 2074 2818 sunt
2099 2807 2110 2823 ,
2138 2779 2187 2817 ita
2210 2779 2420 2816 nominibus
2441 2780 2512 2818 ho-

1485 2834 1608 2877 mines
1651 2838 1916 2887 dignoscuntur.
1969 2834 2094 2879 Quare
2141 2842 2225 2867 cum
2272 2831 2513 2878 intelligeret,

1487 2890 1654 2927 aut‘lores
1694 2886 1910 2925 comoediae
1945 2882 2075 2919 veteris
2112 2893 2156 2919 ex
2206 2893 2253 2919 eo
2299 2882 2514 2931 reprehendi

1489 2939 1714 2988 potiffimum
1740 2965 1751 2981 ‚
1789 2933 1889 2984 quod
1920 2932 2017 2969 viros
2048 2933 2236 2979 primarios
2271 2934 2422 2972 civitatis
2454 2933 2538 2973 sub.

1483 2991 1550 3027 suis
1606 2986 1817 3024 nominibus
1874 2982 1991 3031 palam
2051 2983 2219 3021 illuserint
2263 2995 2304 3019 ac
2363 2985 2519 3033 exagita-

1484 3040 1555 3076 rint
1597 3036 1609 3082 (
1634 3037 1769 3083 quippe
1811 3033 1913 3081 quod
1957 3034 1992 3071 id
2024 3035 2183 3083 exempli
2224 3034 2364 3083 pcffimi
2408 3035 2516 3083 esset,

1484 3098 1556 3139 qua
1591 3085 1636 3124 de
1669 3085 1770 3125 causa
1805 3087 1842 3124 ὃς
1877 3085 1957 3133 iege
1991 3086 2150 3126 coercita
2182 3097 2223 3125 ea
2254 3087 2397 3126 licentia
2422 3087 2517 3134 fuit)

2446 3147 2508 3174 ca-
