2616 3686
308 210 418 263 274-
520 197 582 245 c,
652 182 1043 241 9101er
1115 180 1626 236 canenti
1693 179 2214 235 sEounm

317 294 336 317 ⁸
358 278 601 350 Dignum
627 285 806 329 tamen
835 273 1015 333 illum,
1053 281 1071 303 ²
1090 270 1186 341 qui
1208 269 1339 324 haec
1366 268 1473 342 ipsa
1507 265 1680 323 studia
1705 268 1893 324 incesti
1918 268 2120 325 scelere
2149 268 2460 326 maculave-

244 360 278 421 '5
320 353 415 409 rit!
457 344 745 405 Confessus
785 343 861 402 est
895 342 1119 417 quidem
1162 342 1454 399 incestum:
1495 339 1626 397 ³sed
1652 343 1958 407 incertum,
1992 354 2177 397 utrum
2207 343 2333 415 quia
2363 361 2458 398 ve-

321 441 441 481 rum
481 434 595 477 erat
621 457 640 485 ,
690 436 757 475 an
795 419 919 493 quia
955 416 1197 488 graviora
1223 417 1498 471 metuebat
1538 454 1555 479 ‚
1593 412 1629 467 si
1663 412 1916 486 negasset.
1990 411 2283 471 Fremebat
2312 416 2460 472 enim

248 510 281 553 6
325 495 669 552 Domitianus
695 530 714 558 ,
758 507 781 534 ⁴
815 489 1194 559 aestuabatque
1231 488 1441 560 ingenti
1479 486 1679 543 invidia
1703 526 1718 551 ,
1768 486 2076 543 destitutus.
2150 487 2290 543 Nam
2333 507 2462 546 cum

320 583 338 637 ξ
376 567 689 625 Corneliam
724 561 1020 622 Vestalium
1056 559 1345 616 maximam
1383 577 1403 602 ο
1442 559 1708 616 defodere
1746 563 1922 617 vivam
1961 559 2297 631 concupisset
2335 598 2353 626 ,
2403 575 2465 618 ut

2370 637 2467 707 qui

323 783 405 821 'enm
435 779 569 820 Plinius
591 805 603 823 ,
638 775 742 814 nullo
771 773 890 813 modo
912 784 1066 825 quoque
1087 770 1136 813 est
1156 772 1362 810 immutari·
1386 779 1389 795 '=

325 833 428 873 dum.
481 831 631 868 Artium
662 828 762 865 enim
793 827 976 864 bonarum
1009 825 1047 862 &
1078 824 1234 862 Virtutis
1265 823 1362 862 litte-

326 894 423 923 ratae
459 880 595 919 adsecla
628 878 701 929 ipsa
736 876 966 916 confeffione
995 876 1088 914 tanti
1109 874 1246 913 sceleris
1268 883 1361 913 artes

326 929 534 973 maculasse,
553 929 742 974 censetur,
766 939 850 967 cum
883 934 1048 966 mortem
1080 926 1140 963 vili
1168 926 1205 963 in
1226 926 1362 964 incerta

327 983 542 1025 innocentia
562 982 660 1020 vitae
678 978 860 1030 praeferre
885 975 1073 1018 debuisset.
1120 976 1227 1014 Haec
1258 977 1363 1016 Plinii

327 1045 436 1073 mens
459 1032 518 1073 est.
543 1032 698 1071 Bia-m.
729 1030 830 1068 Dices
852 1027 1005 1077 tristia]
1036 1027 1104 1066 Tu
1126 1027 1277 1078 pallium
1301 1027 1366 1067 sci-

327 1084 436 1130 licet,
462 1083 568 1135 quod
593 1081 903 1131 circumspiciebat
927 1079 1088 1119 dicturus
1103 1107 1114 1125 ,
1143 1080 1183 1118 δε
1205 1089 1297 1115 mox
1309 1080 1366 1117 in-

1428 770 1466 809 di
1489 783 1499 808 t
1526 779 1666 818 excepto
1682 772 1855 822 praetorio
1887 771 1968 810 viro
1991 772 2002 818 g
2042 771 2096 810 cui
2127 770 2237 810 dubia
2271 770 2471 812 etiamnum

1431 821 1538 871 causa
1554 850 1564 866 ‚
1593 833 1637 861 ω’
1671 823 1810 861 incertis
1846 821 2102 874 quaestionibus
2140 834 2247 872 atque
2283 826 2473 863 tormentis

1432 873 1472 910 de
1488 872 1600 922 semet
1619 873 1758 922 profeffo
1773 902 1783 919 ‚
1810 873 1957 912 exilium
1978 872 2140 923 indulfit.
2165 874 2373 913 Praetorius
2386 875 2472 923 iste,

1436 924 1539 974 cujus
1561 923 1758 961 Suetonius
1781 925 1953 962 meminit
1967 953 1978 969 ,
2006 924 2078 974 ipse
2099 924 2163 963 iste
2187 925 2391 963 Licinianus
2415 926 2477 965 est.

1437 974 1554 1013 Hunc
1575 976 1677 1013 enim
1696 974 1850 1012 honoris
1872 975 2028 1022 gradum
2051 976 2085 1013 ei
2100 976 2236 1014 Plinius
2258 977 2384 1015 tribuit
2406 979 2475 1019 ini-

1435 1027 1492 1064 tio
1514 1025 1632 1064 statim
1659 1024 1840 1074 Epistolae
1859 1025 1979 1073 hujus.
2008 1024 2026 1062 Ι
2042 1037 2066 1061 n
2083 1038 2104 1062 ε
2119 1039 2159 1064 Μ.
2473 1023 2478 1028 ’

1492 1090 1515 1126 4
1542 1074 1810 1128 Aestuabatque
1831 1076 1966 1124 ingenti
1981 1075 2124 1113 invidia
2145 1076 2341 1124 destitutus.
2360 1076 2375 1127 1
2403 1080 2478 1120 Dess

329 1135 465 1184 gressus
488 1135 607 1173 dicere
630 1164 640 1180 ‚
679 1131 780 1183 quasi
801 1131 1054 1183 alloquebatur
1077 1159 1088 1176 ,
1126 1131 1276 1169 miratus
1298 1142 1368 1167 no-
1433 1127 1585 1177 stitutus
1607 1155 1618 1173 ,
1654 1127 1691 1166 id
1729 1127 1780 1166 est
1800 1156 1812 1173 ,
1851 1128 1910 1165 cui
1932 1124 2095 1165 deessent
2117 1125 2273 1166 idoneae
2293 1140 2349 1168 res
2367 1136 2480 1181 atque

330 1186 487 1226 vitatem
508 1187 559 1224 rei
573 1214 584 1231 ‚

331 1291 439 1339 quod
460 1290 569 1327 unice
586 1288 720 1337 probat
743 1287 918 1325 Bartliius.
946 1286 1044 1324 Mihi
1061 1285 1215 1322 alterum
1226 1283 1366 1332 placet:

331 1344 419 1438 §uia
460 1339 651 1377 audentius
675 1368 684 1384 ,
736 1339 775 1376 &
807 1335 853 1374 sic
887 1336 1042 1374 erectius
1068 1363 1078 1377 .
1128 1333 1367 1385 vividiusque.

639 1185 716 1223 uod
737 1185 879 1222 Graece
902 1181 1073 1227 vestitus,
1101 1180 1368 1220 declamaturus
1400 1185 1403 1224 i
1440 1181 1678 1230 probationes
1693 1207 1703 1223 ,
1733 1178 1866 1229 quibus
1884 1177 2111 1216 Licinianum
2134 1189 2240 1217 reum
2263 1179 2375 1218 incest
2396 1192 2479 1230 per-

329 1236 469 1276 Latine
495 1236 612 1287 prodii
640 1235 688 1275 et.
743 1235 787 1272 In
806 1235 879 1274 aliis
900 1235 993 1272 libris
1016 1263 1026 1278 ‚
1066 1233 1182 1270 dicens
1215 1232 1368 1280 legitur,
1401 1227 1404 1246 ¹

1443 1239 1577 1280 ageret.
1628 1229 1748 1278 Quod
1791 1241 1879 1268 cum
1913 1227 2174 1278 impensissime
2214 1236 2365 1280 cuperet
2387 1259 2399 1277 ‚
2444 1233 2487 1273 in

1443 1294 1524 1320 non
1555 1281 1735 1320 convicto
1766 1288 1892 1319 autern
1923 1280 1989 1320 nisi
2019 1291 2110 1322 cum,
2146 1282 2310 1319 maxima
2344 1281 2484 1324 invidia

1404 1357 1407 1378 ἶ
1447 1345 1527 1372 non
1554 1331 1673 1384 pofl'et
1695 1361 1706 1377 ‚
1742 1331 1922 1371 fremebat
1955 1333 2000 1372 &.
2027 1330 2210 1370 aestuabat
2230 1332 2483 1375 Domitianus.

355 1403 416 1429 am
438 1392 493 1431 illa
508 1419 517 1435 ‚
545 1391 694 1440 dignum
719 1399 843 1425 tamen
864 1387 968 1426 illum
991 1417 1001 1433 ,
1031 1388 1070 1424 δε
1091 1397 1186 1437 quae
1210 1385 1370 1435 sequun-
1445 1384 1536 1423 Hoc
1547 1384 1619 1430 est,
1647 1382 1951 1432 &indignabatur
1975 1381 2104 1420 ardens
2128 1382 2179 1420 ira
2194 1411 2204 1429 ,
2227 1383 2267 1422 ὅ(
2287 1384 2423 1422 mirum
2445 1386 2484 1426 in

329 1450 412 1487 tur,
442 1443 569 1481 melius
588 1442 728 1479 alienae
751 1441 790 1478 ὃς
813 1438 918 1476 fiet-ie
945 1438 1120 1488 personae
1154 1438 1369 1477 Licinianus
1406 1462 1408 1482 ἢ
1446 1436 1606 1474 modum
1641 1433 1947 1472 confundebatur.
2000 1433 2058 1472 Ex
2099 1432 2210 1471 altera
2251 1435 2351 1472 enim
2383 1446 2484 1486 parte

332 1494 457 1532 tribuit
484 1521 494 1538 ‚
533 1503 649 1541 quam
686 1491 838 1541 protulit
872 1501 917 1527 ex
951 1490 1037 1527 sua:
1065 1500 1113 1527 ne
1134 1488 1369 1538 semetipsum
1407 1483 1410 1542 i
1445 1486 1651 1525 stimulabat
1670 1485 1785 1524 libido
1806 1484 1974 1525 sumendi
2004 1484 2222 1536 supplicium
2253 1484 2300 1523 de
2331 1487 2487 1526 Licinia·
2555 1485 2557 1487 ’

333 1545 500 1583 accusare
534 1542 718 1582 videretur
742 1571 752 1588 ‚
793 1541 897 1593 quod
929 1551 1047 1579 nemo
1088 1540 1243 1578 libmter
1272 1539 1369 1578 facit.
1407 1543 1410 1552 ’

335 1596 490 1635 Bucam.
523 1596 619 1632 Dice<
644 1592 796 1643 tristia]
831 1590 988 1630 Mirifice
1016 1590 1242 1636 ambimus,
1270 1590 1377 1641 quast

340 1802 407 1850 qui
431 1799 568 1843 scribit,
598 1800 646 1837 ita
669 1797 879 1837 dicentem:
911 1798 1039 1840 Dices,
1069 1796 1164 1835 forte
1189 1803 1251 1840 tu,
1285 1796 1381 1834 Cor-

342 1967 425 1992 men
459 1953 564 1992 illum
596 1955 651 1992 his
681 1951 833 1990 tristibus
870 1952 908 1990 ὅ(
942 1950 1150 1988 miserandis
1173 1979 1183 1995 ,

341 2005 418 2055 ipsa
442 2003 566 2051 studia
601 2003 716 2050 incesti
745 2002 864 2051 scelere
898 2001 1146 2040 maculaverit.
1202 2000 1264 2038 Ad
1294 2000 1385 2039 haec

344 2057 458 2094 verba
481 2056 569 2094 Piiu.
593 2055 812 2103 respondet,
843 2055 1024 2091 incertum
1047 2051 1118 2090 esse
1151 2051 1196 2090 de
1230 2051 1384 2097 scelere,

344 2107 418 2145 &c
449 2106 639 2144 Gaonov.
675 2106 777 2144 Vere
801 2106 1028 2142 Gronovius.
1069 2104 1235 2152 Plerique
1257 2102 1387 2142 librarii
1422 2125 1424 2148 2

349 2159 388 2195 &
411 2158 568 2196 editores
590 2169 668 2195 non
692 2157 963 2196 intellexerunt.
1016 2155 1115 2192 Nam
1141 2156 1178 2193 in
1210 2151 1325 2191 MSS?
1347 2155 1387 2192 &
1423 2187 1425 2200 ,

346 2207 416 2247 Ed.
434 2210 517 2246 Ver.
536 2208 678 2248 Aldinis
699 2237 710 2252 ,
742 2207 966 2255 Gryphianis
981 2235 991 2251 ,
1019 2206 1170 2255 aliisque
1193 2205 1242 2243 est
1260 2204 1388 2242 dicens.
1424 2202 1425 2210 ¹

347 2258 402 2297 At
426 2260 642 2305 Mediceus‚
672 2257 838 2298 Riccard.
864 2259 903 2297 &
927 2257 1127 2296 Lindenbr.
1150 2257 1248 2294 dices.

402 2323 417 2349 1
452 2311 660 2362 Dignum]
690 2312 874 2349 Putemne
897 2309 1052 2358 dignum
1076 2309 1151 2346 hoc
1183 2306 1388 2358 supplicio?

349 2361 518 2410 Quidam
550 2363 682 2401 volunt
714 2362 771 2401 illa
799 2362 908 2399 verba
942 2358 1015 2398 esse
1050 2360 1257 2397 Liciniani:
1289 2365 1330 2395 ut
1350 2357 1392 2398 fit

350 2413 497 2459 sensus,
524 2414 625 2452 illum
653 2413 723 2452 esle
747 2412 901 2460 dignum
927 2410 1047 2449 dicere
1070 2409 1176 2449 tristia
1211 2411 1251 2448 &
1284 2409 1389 2448 mise-

353 2464 489 2509 randa,
520 2466 582 2515 qui
604 2464 718 2502 studia
751 2464 940 2503 literarum
973 2461 1111 2500 incesto
1141 2461 1392 2502 maculaverit.

356 2515 432 2553 Alli
457 2518 578 2564 potius
601 2516 721 2553 Plinio
745 2514 934 2553 ascribunt.
966 2514 1121 2552 Cmu.

406 2578 429 2602 2
458 2566 531 2614 (λαὶ
561 2565 643 2604 haec
678 2566 748 2615 ipsa
775 2563 950 2614 studia]
1002 2564 1249 2614 Eloquentiae
1281 2572 1392 2614 puta:

358 2618 490 2659 ouibus
510 2628 656 2667 turpem
682 2616 838 2655 induerit
862 2615 1046 2654 mtculam
1072 2644 1083 2661 ,
1121 2616 1184 2666 qui
1209 2627 1273 2665 per
1295 2617 1396 2656 ince-

360 2668 453 2706 stum
479 2679 565 2706 cum
588 2667 760 2707 Cornelia
785 2665 921 2705 fecisset
942 2667 1117 2716 stuprum.
1154 2666 1311 2705 Videtur
1332 2679 1397 2706 au-

364 2727 440 2757 tem
476 2720 685 2759 Licinianus
719 2718 833 2768 figura
865 2718 944 2757 usus
959 2747 970 2764 ,
998 2720 1038 2756 &
1057 2719 1149 2756 haec
1168 2716 1293 2756 dixisse
1315 2721 1398 2769 qui-

365 2768 451 2807 dem
483 2773 518 2808 in
554 2771 710 2820 speciem
741 2771 785 2810 de
817 2770 852 2809 se
875 2798 886 2815 ,
925 2781 1051 2808 revera
1072 2771 1109 2808 in
1132 2769 1397 2808 Domitianum

367 2821 560 2863 coniecisse
584 2825 621 2860 &
645 2819 873 2870 exprobrasse
895 2833 941 2860 cx
964 2822 1140 2871 ambiguo
1164 2821 1396 2870 iniquitatem

366 2869 695 2921 indignitareaenque
730 2875 778 2910 rei
810 2872 961 2922 gestae3
1012 2873 1115 2922 quod
1148 2871 1222 2910 fic‘ii
1243 2871 1397 2911 incestus

372 2918 522 2955 crimine
565 2933 640 2958 non
683 2930 827 2960 tantum
871 2925 1111 2962 innocentem
1146 2924 1210 2969 se,
1239 2923 1298 2962 scd
1321 2925 1398 2962 elo-

372 2977 543 3014 qucniiae
568 2997 577 3012 ,

625 2982 719 3019 quae
766 2972 938 3010 trac‘tabat
959 3002 970 3018 ,
1019 2973 1132 3013 studia

377 3017 587 3057 Bucuuffia.

1182 2974 1399 3014 infamasset.

424 3080 443 3118 3
474 3070 538 3105 Sed
559 3071 742 3106 incertum.
766 3069 784 3119 Ἰ
816 3070 1011 3111 Suetonius
1033 3074 1255 3114 Domitiano
1280 3090 1288 3113 :
1330 3081 1399 3112 Im-

367 3119 514 3170 peravit
530 3119 744 3174 stupratores
769 3121 950 3175 Gemellae
974 3123 1083 3173 virgis
1106 3126 1143 3175 in
1166 3127 1304 3168 comitio
1327 3137 1402 3164 cae-

1448 1551 1491 1576 no
1504 1567 1514 1583 ,
1549 1550 1595 1577 ex
1614 1536 1726 1574 altera
1747 1546 1841 1574 vero
1859 1537 2016 1575 terrebat
2032 1543 2154 1574 metus
2176 1534 2337 1575 invidiae
2350 1567 2361 1583 ‚
2378 1549 2488 1595 'quae

1410 1619 1411 1626 ,
1450 1600 1537 1628 eum
1571 1587 1747 1627 manebat
1768 1616 1779 1633 ‚
1813 1584 1841 1623 fi
1864 1583 2114 1627 deficientibus
2137 1586 2354 1626 testimoniis
2375 1601 2488 1629 mno-

338 1647 585 1696 allo.1ueretur
617 1646 786 1683 Valerius
821 1645 1033 1682 Licinianus
1068 1643 1219 1693 pallium
1257 1642 1375 1682 suum.
1411 1665 1414 1691 ἦ

339 1696 469 1735 Immo
487 1698 684 1747 alloquitur
707 1697 841 1734 Plinius
866 1706 953 1733 eum
975 1723 985 1740 ,
1008 1694 1054 1731 ad
1087 1706 1203 1743 quem
1232 1693 1381 1741 scribit,
1412 1692 1414 1703 ⁴

339 1749 546 1786 Cornelium
583 1748 836 1785 Minucianum
860 1774 871 1790 ,
908 1747 946 1784 &
976 1757 1064 1782 eum
1099 1746 1184 1784 facit
1214 1744 1260 1783 ad
1282 1744 1376 1791 sese,
1413 1752 1415 1765 ¹

1450 1648 1600 1678 centem
1614 1668 1624 1684 ,
1658 1646 1700 1677 ut
1719 1637 1912 1676 videbatur
1927 1666 1938 1682 ,
1966 1638 2166 1676 damnaret.
2195 1637 2252 1676 11>
2269 1650 2290 1676 ε
2307 1652 2346 1676 Μ.
2360 1641 2495 1689 Aestu-

1451 1690 1607 1740 abatque
1639 1690 1775 1739 ingenti
1815 1689 1964 1728 invidia
1996 1683 2236 1739 destitutum]
2268 1689 2396 1738 Male,
2425 1696 2490 1743 qui

1450 1743 1507 1782 his
1530 1741 1716 1779 Vestalem
1741 1741 1924 1791 virginem
1949 1740 2170 1778 Corneliam
2188 1740 2287 1780 rene
2306 1743 2492 1784 condem-

1415 1826 1416 1832 ,
1454 1801 1579 1831 natam
1610 1794 1648 1831 ὅ(
1679 1792 1715 1829 su
1767 1793 1852 1831 l'c'o
1885 1791 2060 1830 affe6‘cam
2104 1792 2218 1829 vulvo
2289 1792 2377 1830 ersu⁸
2481 1827 2501 1836 ,γ

336 1852 414 1889 :aeli
439 1851 679 1895 Minuciane,
711 1847 834 1896 Tristia
858 1860 905 1888 c9·
925 1848 1130 1896 miseranda
1153 1847 1253 1890 sunt,
1288 1859 1383 1896 quae
1415 1833 1419 1883 l
1718 1805 1791 1842 PPI
1814 1807 1825 1832 l
2168 1820 2192 1840 D
2261 1803 2286 1841 p
2368 1794 2479 1835 “dent

341 1913 463 1941 naras
488 1901 534 1942 de
555 1901 710 1940 Valerio
735 1901 930 1938 Liciniano
953 1928 963 1943 ,
991 1899 1081 1937 Plini
1107 1912 1114 1938 :
1145 1900 1384 1984 dignurnhta-
1416 1886 1419 1912 ⁸

1223 1962 1282 1999 qus
1329 1962 1385 1988 aec
1418 1961 1420 1968 >

1460 1843 1503 1882 Id
1528 1842 1645 1893 ipsum
1678 1845 1781 1882 enim
1811 1846 1867 1885 his
1889 1842 2066 1892 fignificat
2087 1870 2098 1888 ,
2132 1843 2236 1893 quod
2257 1843 2374 1890 infra,
2403 1857 2498 1887 cum

1457 1896 1528 1934 ait:
1560 1895 1727 1933 Ardebat
1752 1909 1827 1945 ergo
1863 1895 2094 1934 Domitianus
2127 1903 2171 1932 (²7¹
2203 1893 2424 1935 crudelitatis
2445 1907 2491 1938 ο·

1458 1945 1662 1997 iniquitatis
1687 1946 1855 1995 infamia.
1882 1947 2072 1985 GnoNov.
2109 1944 2269 1983 Helmst.
2302 1946 2416 1986 Arnz.
2451 1950 2491 1988 &

1458 2009 1478 2034 a
1503 2008 1617 2034 manu
1635 1997 1789 2035 secunda
1812 1996 1917 2035 Voss.
1941 1997 2074 2047 ingenti
2091 1995 2235 2034 invidia
2264 1996 2490 2048 constitutus,

1458 2048 1558 2086 unde
1600 2056 1823 2097 prognatum
1868 2047 2165 2086 additamentum
2215 2048 2416 2089 Lindenbr.
2452 2053 2492 2092 in

1464 2099 1623 2138 invidia.

1516 2163 1533 2200 ς
1565 2150 1771 2190 Corneliam
1798 2149 1982 2192 Vestalium
2010 2150 2235 2188 Maximam.
2259 2148 2275 2200 ]
2319 2152 2493 2194 Cornelia:

1464 2213 1509 2240 ex
1534 2202 1672 2241 familia
1689 2202 1891 2240 Coflorum
1915 2211 2019 2252 capta
2048 2203 2084 2240 in
2107 2202 2234 2240 locum
2260 2202 2408 2244 Laeliae
2430 2206 2490 2246 de·

1458 2252 1610 2292 funuae
1635 2283 1644 2299 ‚
1687 2254 1840 2293 Nerone
1863 2253 2074 2303 Imperante
2096 2254 2188 2292 olim
2211 2253 2373 2294 absoluta
2390 2284 2402 2302 ,
2450 2268 2492 2292 ac

1464 2305 1584 2342 multo
1619 2305 1698 2355 post
1729 2307 1881 2355 repetita
1914 2304 2145 2344 accusatione
2174 2304 2345 2343 convicta
2369 2306 2487 2343 aDo·

1467 2356 1622 2394 mitiano
1646 2355 1775 2394 defodi
1792 2354 1885 2406 juffa
1906 2356 1980 2401 est,
2007 2355 2159 2394 auctore
2180 2354 2419 2405 Tranquillo,
2445 2351 2485 2389 δί

1467 2405 1625 2445 Eusebio
1651 2408 1690 2446 in
1711 2408 1906 2446 Chronicis
1928 2422 1937 2446 2
1973 2418 2190 2457 quanquam
2210 2407 2238 2445 is
2261 2404 2366 2459 paulo
2384 2399 2486 2448 supra

1467 2459 1505 2496 in
1526 2457 1632 2497 rebus
1656 2459 1866 2498 Domitiani
1880 2461 1958 2509 jam
1984 2459 2127 2498 dixerat
2149 2466 2218 2496 tres
2239 2457 2389 2509 virgines
2415 2450 2489 2489 Ve-

1468 2508 1542 2548 stae
1577 2510 1626 2547 ob
1658 2509 1821 2560 stuprum
1858 2509 2056 2549 damnatas.
2093 2509 2167 2547 Alii
2197 2502 2336 2542 codices
2355 2500 2490 2541 habent

1469 2560 1673 2601 Corneliam
1705 2561 1957 2600 Maximillam
1982 2559 2157 2609 Vestalem.
2199 2552 2304 2588 ΕΔΤ
2321 2561 2340 2585 Α
2356 2561 2393 2587 N·
2443 2553 2492 2592 Et

1470 2612 1553 2652 sane
1585 2613 1623 2650 in
1657 2613 1825 2652 Riccard.
1861 2611 2016 2652 Helmst.
2050 2601 2241 2660 Lindenbr.
2279 2598 2397 2658 Am'lz
2421 2603 2491 2643 Ed·

1471 2663 1559 2702 Ver.
1585 2663 1751 2709 Aramis,
1781 2664 1924 2713 Gryph.
1949 2665 1992 2701 sc·
2008 2652 2212 2707 sequacibus
2236 2653 2492 2711 Ma-tgmfllam

1476 2714 1642 2762 Vestalem
1669 2731 1679 2760 3
1718 2716 1778 2753 sed
1807 2715 1982 2763 Optimus
2005 2722 2013 2745 τ
2050 2713 2251 2744 mammam
2278 2705 2491 2757 V0J5¹⁷²Wmn

1472 2765 1548 2803 hoc
1571 2766 1619 2804 cst
1644 2765 1828 2814 Vestalium
1851 2757 2109 2808 vetustissimam
2124 2779 2144 2810 ν,
2163 2759 2202 2788 ut
2223 2751 2388 2810 IOQQUF
2412 2756 2493 2795 Ta-

1476 2817 1565 2856 citus
1590 2817 1654 2856 XI,
1678 2817 1813 2855 Annal.
1836 2825 1910 2861 cap.
1933 2804 2090 2847 XXXII.
2118 2804 2171 2860 ha
2207 2815 2389 2844 maximae
2422 2819 2491 2847 no-

1476 2880 1565 2906 men
1588 2879 1672 2906 cum
1697 2864 1792 2914 apud
1816 2858 2032 2900 Suetonium
2057 2857 2094 2894 ὅ(
2117 2854 2228 2901 alios,
2252 2862 2332 2892 tum
2356 2859 2394 2897 in
2418 2858 2494 2899 La-

1477 2918 1621 2968 pidibus
1642 2915 1743 2953 Vett.
1763 2913 1880 2950 habet.

1525 2969 1548 3003 6
1576 2965 1743 3012 Defodere
1774 2962 1918 2999 vivam.
1942 2957 1957 3008 ]
1987 2958 2076 2998 Hoc
2099 2959 2257 2998 sollenne
2281 2960 2505 3011 supplicium·

1474 3016 1676 3055 Vestalibus
1699 3021 1774 3050 erat
1799 3041 1810 3057 ‚
1837 3023 1931 3062 quae
1951 3012 2096 3060 probri,
2124 3011 2184 3049 seu
2206 3013 2366 3061 pollutae
2387 3015 2494 3064 virgi-

1475 3067 1593 3105 nitatis
1627 3075 1712 3101 com
1743 3071 1838 3101 crtac
1872 3060 1994 3101 effe-nt.
2050 3063 2209 3101 Consule
2243 3063 2409 3114 Lipsium
2448 3065 2493 3104 de

1472 3115 1584 3156 Vesta
1617 3116 1656 3154 δε
1686 3076 1886 3156 &extalibus
1919 3115 2159 3164 syntagmate
2192 3125 2267 3165 cap.
2313 3115 2418 3156 XIII.
2453 3116 2493 3153 δε

2435 3165 2502 3220 113
