<?xml version="1.0" encoding="UTF-8"?>
<!DOCTYPE html PUBLIC "-//W3C//DTD XHTML 1.0 Transitional//EN"
    "http://www.w3.org/TR/xhtml1/DTD/xhtml1-transitional.dtd">
<html xmlns="http://www.w3.org/1999/xhtml" xml:lang="en" lang="en">
 <head>
  <title>
</title>
<meta http-equiv="Content-Type" content="text/html;charset=utf-8" />
  <meta name='ocr-system' content='tesseract 3.04.00' />
  <meta name='ocr-capabilities' content='ocr_page ocr_carea ocr_par ocr_line ocrx_word'/>
</head>
<body>
  <div class='ocr_page' id='page_1' title='image "./caiipliniicaecil00plin_0210.png"; bbox 0 0 2616 3686; ppageno 0'>
   <div class='ocr_carea' id='block_1_1' title="bbox 267 170 2147 260">
    <p class='ocr_par' dir='ltr' id='par_1_1' title="bbox 267 170 2147 260">
     <span class='ocr_line' id='line_1_1' title="bbox 267 170 2147 260; baseline -0.004 -14"><span class='ocrx_word' id='word_1_1' title='bbox 267 197 365 260; x_wconf 58' lang='grc' dir='ltr'>’με</span> <span class='ocrx_word' id='word_1_2' title='bbox 469 182 1567 240; x_wconf 81' lang='lat' dir='ltr'>c.PL1N110AEC1L11</span> <span class='ocrx_word' id='word_1_3' title='bbox 1635 170 2147 240; x_wconf 74' lang='lat' dir='ltr'>SECUNnr</span> 
     </span>
    </p>
   </div>
   <div class='ocr_carea' id='block_1_2' title="bbox 168 259 2454 846">
    <p class='ocr_par' dir='ltr' id='par_1_2' title="bbox 168 259 2454 846">
     <span class='ocr_line' id='line_1_2' title="bbox 273 259 2454 338; baseline -0.002 -13"><span class='ocrx_word' id='word_1_4' title='bbox 273 264 563 325; x_wconf 87' lang='lat' dir='ltr'>admiratus</span> <span class='ocrx_word' id='word_1_5' title='bbox 593 262 840 320; x_wconf 90' lang='lat' dir='ltr'>reticuit:</span> <span class='ocrx_word' id='word_1_6' title='bbox 879 270 891 289; x_wconf 88' lang='lat'><em>¹</em></span> <span class='ocrx_word' id='word_1_7' title='bbox 918 259 1012 316; x_wconf 90' lang='lat' dir='ltr'>ubi</span> <span class='ocrx_word' id='word_1_8' title='bbox 1036 259 1300 317; x_wconf 87' lang='lat' dir='ltr'>filentium</span> <span class='ocrx_word' id='word_1_9' title='bbox 1329 260 1526 317; x_wconf 64' lang='lat' dir='ltr'>fastum</span> <span class='ocrx_word' id='word_1_10' title='bbox 1556 261 1662 325; x_wconf 91' lang='lat' dir='ltr'><strong>est,</strong></span> <span class='ocrx_word' id='word_1_11' title='bbox 1685 263 1879 332; x_wconf 88' lang='lat' dir='ltr'>repetit</span> <span class='ocrx_word' id='word_1_12' title='bbox 1903 264 2053 334; x_wconf 91' lang='lat' dir='ltr'>quod</span> <span class='ocrx_word' id='word_1_13' title='bbox 2081 264 2392 338; x_wconf 87' lang='lat' dir='ltr'>abruperat:</span> <span class='ocrx_word' id='word_1_14' title='bbox 2451 295 2454 297; x_wconf 17' lang='grc' dir='ltr'><strong>Δ</strong></span> 
     </span>
     <span class='ocr_line' id='line_1_3' title="bbox 275 333 2393 406; baseline -0.007 -10"><span class='ocrx_word' id='word_1_15' title='bbox 275 341 471 396; x_wconf 89' lang='lat' dir='ltr'>iterum</span> <span class='ocrx_word' id='word_1_16' title='bbox 496 337 698 392; x_wconf 88' lang='lat' dir='ltr'>clamor</span> <span class='ocrx_word' id='word_1_17' title='bbox 722 375 738 401; x_wconf 92' lang='lat'>,</span> <span class='ocrx_word' id='word_1_18' title='bbox 774 336 969 390; x_wconf 89' lang='lat' dir='ltr'>iterum</span> <span class='ocrx_word' id='word_1_19' title='bbox 993 333 1207 388; x_wconf 88' lang='lat' dir='ltr'>reticuit</span> <span class='ocrx_word' id='word_1_20' title='bbox 1234 351 1245 387; x_wconf 90' lang='lat'>:</span> <span class='ocrx_word' id='word_1_21' title='bbox 1296 334 1351 388; x_wconf 84' lang='lat'>&amp;</span> <span class='ocrx_word' id='word_1_22' title='bbox 1381 333 1495 406; x_wconf 90' lang='lat' dir='ltr'>post</span> <span class='ocrx_word' id='word_1_23' title='bbox 1519 333 1783 387; x_wconf 80' lang='lat' dir='ltr'>silentium</span> <span class='ocrx_word' id='word_1_24' title='bbox 1810 337 1989 404; x_wconf 87' lang='lat' dir='ltr'>coepit</span> <span class='ocrx_word' id='word_1_25' title='bbox 2025 337 2173 393; x_wconf 83' lang='lat' dir='ltr'>idem</span> <span class='ocrx_word' id='word_1_26' title='bbox 2214 339 2393 394; x_wconf 78' lang='lat' dir='ltr'>tertio,</span> 
     </span>
     <span class='ocr_line' id='line_1_4' title="bbox 276 403 2384 480; baseline -0.004 -13"><span class='ocrx_word' id='word_1_27' title='bbox 276 408 576 468; x_wconf 87' lang='lat' dir='ltr'>Noviffime</span> <span class='ocrx_word' id='word_1_28' title='bbox 613 409 732 480; x_wconf 85' lang='lat' dir='ltr'>quis</span> <span class='ocrx_word' id='word_1_29' title='bbox 770 407 981 462; x_wconf 90' lang='lat' dir='ltr'>diceret</span> <span class='ocrx_word' id='word_1_30' title='bbox 1007 444 1022 470; x_wconf 92' lang='lat'><strong>,</strong></span> <span class='ocrx_word' id='word_1_31' title='bbox 1065 407 1081 425; x_wconf 87' lang='lat'>²</span> <span class='ocrx_word' id='word_1_32' title='bbox 1116 404 1394 475; x_wconf 79' lang='lat' dir='ltr'>quaesivit.</span> <span class='ocrx_word' id='word_1_33' title='bbox 1420 405 1727 478; x_wconf 89' lang='lat' dir='ltr'>responsum</span> <span class='ocrx_word' id='word_1_34' title='bbox 1754 403 1859 467; x_wconf 89' lang='lat' dir='ltr'>est,</span> <span class='ocrx_word' id='word_1_35' title='bbox 1898 406 2159 464; x_wconf 77' lang='lat' dir='ltr'>Licinius.</span> <span class='ocrx_word' id='word_1_36' title='bbox 2233 410 2384 465; x_wconf 86' lang='lat' dir='ltr'>Tum</span> 
     </span>
     <span class='ocr_line' id='line_1_5' title="bbox 279 475 2387 552; baseline -0.005 -13"><span class='ocrx_word' id='word_1_37' title='bbox 279 499 292 524; x_wconf 77' lang='lat'><em>³</em></span> <span class='ocrx_word' id='word_1_38' title='bbox 328 480 616 539; x_wconf 75' lang='lat' dir='ltr'>intermista</span> <span class='ocrx_word' id='word_1_39' title='bbox 653 479 801 535; x_wconf 88' lang='lat' dir='ltr'>causa</span> <span class='ocrx_word' id='word_1_40' title='bbox 828 517 843 543; x_wconf 89' lang='lat'>‚</span> <span class='ocrx_word' id='word_1_41' title='bbox 883 477 1224 532; x_wconf 83' lang='lat' dir='ltr'>Centumviri</span> <span class='ocrx_word' id='word_1_42' title='bbox 1254 514 1270 539; x_wconf 96' lang='lat'>,</span> <span class='ocrx_word' id='word_1_43' title='bbox 1308 479 1481 549; x_wconf 90' lang='lat' dir='ltr'>inquit</span> <span class='ocrx_word' id='word_1_44' title='bbox 1505 517 1520 542; x_wconf 92' lang='lat'>‚</span> <span class='ocrx_word' id='word_1_45' title='bbox 1559 477 1649 531; x_wconf 89' lang='lat' dir='ltr'>hoc</span> <span class='ocrx_word' id='word_1_46' title='bbox 1673 475 1964 544; x_wconf 81' lang='lat' dir='ltr'>artificium</span> <span class='ocrx_word' id='word_1_47' title='bbox 1989 482 2004 505; x_wconf 85' lang='lat'><strong>⁴</strong></span> <span class='ocrx_word' id='word_1_48' title='bbox 2021 481 2206 548; x_wconf 82' lang='lat' dir='ltr'>periit.</span> <span class='ocrx_word' id='word_1_49' title='bbox 2235 483 2387 552; x_wconf 79' lang='lat' dir='ltr'>quod</span> 
     </span>
     <span class='ocr_line' id='line_1_6' title="bbox 275 549 2387 628; baseline -0.004 -16"><span class='ocrx_word' id='word_1_50' title='bbox 275 556 511 628; x_wconf 90' lang='lat' dir='ltr'>alioquin</span> <span class='ocrx_word' id='word_1_51' title='bbox 544 555 717 626; x_wconf 89' lang='lat' dir='ltr'>perire</span> <span class='ocrx_word' id='word_1_52' title='bbox 755 550 1039 615; x_wconf 81' lang='lat' dir='ltr'>incipiebat</span> <span class='ocrx_word' id='word_1_53' title='bbox 1072 586 1087 610; x_wconf 92' lang='lat'>,</span> <span class='ocrx_word' id='word_1_54' title='bbox 1136 563 1305 619; x_wconf 88' lang='lat' dir='ltr'>quum</span> <span class='ocrx_word' id='word_1_55' title='bbox 1335 549 1523 619; x_wconf 73' lang='lat' dir='ltr'>perisse</span> <span class='ocrx_word' id='word_1_56' title='bbox 1550 549 1687 606; x_wconf 84' lang='lat' dir='ltr'>Afro</span> <span class='ocrx_word' id='word_1_57' title='bbox 1715 550 2028 604; x_wconf 88' lang='lat' dir='ltr'>videretur:</span> <span class='ocrx_word' id='word_1_58' title='bbox 2077 566 2220 604; x_wconf 91' lang='lat' dir='ltr'>nunc</span> <span class='ocrx_word' id='word_1_59' title='bbox 2259 570 2387 609; x_wconf 86' lang='lat' dir='ltr'>vero</span> 
     </span>
     <span class='ocr_line' id='line_1_7' title="bbox 276 619 2390 702; baseline -0.003 -17"><span class='ocrx_word' id='word_1_60' title='bbox 276 645 450 702; x_wconf 86' lang='lat' dir='ltr'><strong>prope</strong></span> <span class='ocrx_word' id='word_1_61' title='bbox 484 626 725 682; x_wconf 87' lang='lat' dir='ltr'>funditus</span> <span class='ocrx_word' id='word_1_62' title='bbox 770 619 1086 676; x_wconf 57' lang='lat' dir='ltr'>exstinctum</span> <span class='ocrx_word' id='word_1_63' title='bbox 1115 657 1130 681; x_wconf 92' lang='lat'>‚</span> <span class='ocrx_word' id='word_1_64' title='bbox 1177 619 1233 671; x_wconf 83' lang='lat'>&amp;</span> <span class='ocrx_word' id='word_1_65' title='bbox 1273 619 1516 676; x_wconf 88' lang='lat' dir='ltr'>eversum</span> <span class='ocrx_word' id='word_1_66' title='bbox 1550 622 1642 676; x_wconf 88' lang='lat' dir='ltr'>est.</span> <span class='ocrx_word' id='word_1_67' title='bbox 1718 620 1894 676; x_wconf 85' lang='lat' dir='ltr'><strong>Pudet</strong></span> <span class='ocrx_word' id='word_1_68' title='bbox 1935 621 2138 675; x_wconf 74' lang='lat' dir='ltr'>referre</span> <span class='ocrx_word' id='word_1_69' title='bbox 2172 661 2186 685; x_wconf 95' lang='lat'><strong>,</strong></span> <span class='ocrx_word' id='word_1_70' title='bbox 2223 639 2390 692; x_wconf 88' lang='lat' dir='ltr'>quae,</span> 
     </span>
     <span class='ocr_line' id='line_1_8' title="bbox 194 691 2393 775; baseline -0.005 -17"><span class='ocrx_word' id='word_1_71' title='bbox 194 708 196 712; x_wconf 78' lang='grc'>’</span> <span class='ocrx_word' id='word_1_72' title='bbox 277 717 442 775; x_wconf 89' lang='lat' dir='ltr'>quam</span> <span class='ocrx_word' id='word_1_73' title='bbox 467 702 479 727; x_wconf 78' lang='lat'><em>⁵</em></span> <span class='ocrx_word' id='word_1_74' title='bbox 509 696 670 756; x_wconf 63' lang='lat' dir='ltr'>fracta</span> <span class='ocrx_word' id='word_1_75' title='bbox 700 693 1146 766; x_wconf 85' lang='lat' dir='ltr'>pronunciatione</span> <span class='ocrx_word' id='word_1_76' title='bbox 1174 691 1449 746; x_wconf 87' lang='lat' dir='ltr'>dicantur:</span> <span class='ocrx_word' id='word_1_77' title='bbox 1490 692 1680 764; x_wconf 83' lang='lat' dir='ltr'>quibus</span> <span class='ocrx_word' id='word_1_78' title='bbox 1704 731 1720 755; x_wconf 93' lang='lat'>‚</span> <span class='ocrx_word' id='word_1_79' title='bbox 1771 709 1931 765; x_wconf 89' lang='lat' dir='ltr'>quam</span> <span class='ocrx_word' id='word_1_80' title='bbox 1958 695 2153 748; x_wconf 87' lang='lat' dir='ltr'>teneris</span> <span class='ocrx_word' id='word_1_81' title='bbox 2190 694 2393 751; x_wconf 86' lang='lat' dir='ltr'>clamo-</span> 
     </span>
     <span class='ocr_line' id='line_1_9' title="bbox 168 759 2395 846; baseline -0.008 -13"><span class='ocrx_word' id='word_1_82' title='bbox 168 788 225 846; x_wconf 80' lang='lat'>¹3</span> <span class='ocrx_word' id='word_1_83' title='bbox 281 769 819 840; x_wconf 81' lang='lat' dir='ltr'>ribus⁶excipiantur.</span> <span class='ocrx_word' id='word_1_84' title='bbox 849 765 1421 826; x_wconf 81' lang='lat' dir='ltr'>Plausustantum,⁷ac</span> <span class='ocrx_word' id='word_1_85' title='bbox 1436 767 1613 835; x_wconf 85' lang='lat' dir='ltr'>potius</span> <span class='ocrx_word' id='word_1_86' title='bbox 1626 759 2017 837; x_wconf 79' lang='lat' dir='ltr'>sola⁸cymbala</span> <span class='ocrx_word' id='word_1_87' title='bbox 2036 764 2119 820; x_wconf 87' lang='lat'>&amp;⁹</span> <span class='ocrx_word' id='word_1_88' title='bbox 2147 779 2395 838; x_wconf 77' lang='lat' dir='ltr'>tympana</span> 
     </span>
    </p>
   </div>
   <div class='ocr_carea' id='block_1_3' title="bbox 2298 841 2397 896">
    <p class='ocr_par' dir='ltr' id='par_1_3' title="bbox 2298 841 2397 896">
     <span class='ocr_line' id='line_1_10' title="bbox 2298 841 2397 896; baseline 0.02 -2"><span class='ocrx_word' id='word_1_89' title='bbox 2298 841 2397 896; x_wconf 89' lang='lat' dir='ltr'>illis</span> 
     </span>
    </p>
   </div>
   <div class='ocr_carea' id='block_1_4' title="bbox 2478 0 2616 417">
    <p class='ocr_par' dir='ltr' id='par_1_4' title="bbox 2478 0 2616 417">
     <span class='ocr_line' id='line_1_11' title="bbox 2478 0 2616 417; baseline 0 3269"><span class='ocrx_word' id='word_1_90' title='bbox 2478 0 2616 417; x_wconf 95' lang='lat' dir='ltr'> </span> 
     </span>
    </p>
   </div>
   <div class='ocr_carea' id='block_1_5' title="bbox 166 431 224 542">
    <p class='ocr_par' dir='ltr' id='par_1_5' title="bbox 166 431 224 542">
     <span class='ocr_line' id='line_1_12' title="bbox 166 431 218 468; baseline 0.038 -2"><span class='ocrx_word' id='word_1_91' title='bbox 166 431 218 468; x_wconf 86' lang='lat'>11</span> 
     </span>
     <span class='ocr_line' id='line_1_13' title="bbox 167 505 224 542; baseline 0.053 -3"><span class='ocrx_word' id='word_1_92' title='bbox 167 505 224 542; x_wconf 77' lang='lat'>12</span> 
     </span>
    </p>
   </div>
   <div class='ocr_carea' id='block_1_6' title="bbox 270 974 1344 2093">
    <p class='ocr_par' dir='ltr' id='par_1_6' title="bbox 273 974 1299 1075">
     <span class='ocr_line' id='line_1_14' title="bbox 273 974 1299 1027; baseline -0.011 -2"><span class='ocrx_word' id='word_1_93' title='bbox 273 984 347 1025; x_wconf 78' lang='lat' dir='ltr'>fflic</span> <span class='ocrx_word' id='word_1_94' title='bbox 371 985 409 1024; x_wconf 88' lang='lat'>&amp;</span> <span class='ocrx_word' id='word_1_95' title='bbox 431 985 544 1026; x_wconf 78' lang='lat' dir='ltr'>alium</span> <span class='ocrx_word' id='word_1_96' title='bbox 570 982 727 1023; x_wconf 83' lang='lat' dir='ltr'>Secundi</span> <span class='ocrx_word' id='word_1_97' title='bbox 749 979 859 1020; x_wconf 85' lang='lat' dir='ltr'>nostri</span> <span class='ocrx_word' id='word_1_98' title='bbox 876 979 1004 1018; x_wconf 87' lang='lat' dir='ltr'>locum</span> <span class='ocrx_word' id='word_1_99' title='bbox 1026 975 1132 1016; x_wconf 78' lang='lat' dir='ltr'>simul</span> <span class='ocrx_word' id='word_1_100' title='bbox 1154 974 1299 1027; x_wconf 80' lang='lat' dir='ltr'>castiga-</span> 
     </span>
     <span class='ocr_line' id='line_1_15' title="bbox 278 1047 414 1075; baseline -0.007 0"><span class='ocrx_word' id='word_1_101' title='bbox 278 1047 414 1075; x_wconf 83' lang='lat' dir='ltr'>vimus.</span> 
     </span>
    </p>

    <p class='ocr_par' dir='ltr' id='par_1_7' title="bbox 271 1076 1304 1277">
     <span class='ocr_line' id='line_1_16' title="bbox 272 1076 1300 1136; baseline -0.009 -10"><span class='ocrx_word' id='word_1_102' title='bbox 272 1076 282 1088; x_wconf 63' lang='lat'>⁵</span> <span class='ocrx_word' id='word_1_103' title='bbox 329 1099 344 1125; x_wconf 90' lang='lat'>1</span> <span class='ocrx_word' id='word_1_104' title='bbox 377 1086 441 1125; x_wconf 82' lang='lat' dir='ltr'>Ubi</span> <span class='ocrx_word' id='word_1_105' title='bbox 455 1085 638 1136; x_wconf 79' lang='lat' dir='ltr'>silentium</span> <span class='ocrx_word' id='word_1_106' title='bbox 654 1085 797 1132; x_wconf 53' lang='lat' dir='ltr'>fastam</span> <span class='ocrx_word' id='word_1_107' title='bbox 822 1080 875 1130; x_wconf 79' lang='lat' dir='ltr'>est.</span> <span class='ocrx_word' id='word_1_108' title='bbox 938 1079 1135 1118; x_wconf 72' lang='lat' dir='ltr'>Lindenbr.</span> <span class='ocrx_word' id='word_1_109' title='bbox 1171 1080 1300 1117; x_wconf 83' lang='lat' dir='ltr'>Oxon.</span> 
     </span>
     <span class='ocr_line' id='line_1_17' title="bbox 271 1129 1302 1186; baseline -0.007 -11"><span class='ocrx_word' id='word_1_110' title='bbox 271 1136 445 1186; x_wconf 85' lang='lat' dir='ltr'>Bongars.</span> <span class='ocrx_word' id='word_1_111' title='bbox 466 1149 551 1174; x_wconf 91' lang='lat' dir='ltr'>cum</span> <span class='ocrx_word' id='word_1_112' title='bbox 576 1136 767 1184; x_wconf 88' lang='lat' dir='ltr'>Gryphio:</span> <span class='ocrx_word' id='word_1_113' title='bbox 795 1133 853 1171; x_wconf 82' lang='lat' dir='ltr'>ubi</span> <span class='ocrx_word' id='word_1_114' title='bbox 892 1132 939 1170; x_wconf 84' lang='lat' dir='ltr'>ibi</span> <span class='ocrx_word' id='word_1_115' title='bbox 956 1129 1302 1181; x_wconf 64' lang='lat' dir='ltr'>silentiumfaffunz,</span> 
     </span>
     <span class='ocr_line' id='line_1_18' title="bbox 271 1182 1304 1226; baseline -0.009 0"><span class='ocrx_word' id='word_1_116' title='bbox 271 1187 350 1226; x_wconf 83' lang='lat' dir='ltr'>Sed</span> <span class='ocrx_word' id='word_1_117' title='bbox 388 1188 582 1226; x_wconf 81' lang='lat' dir='ltr'>Mediceus</span> <span class='ocrx_word' id='word_1_118' title='bbox 620 1185 859 1224; x_wconf 84' lang='lat' dir='ltr'>frustraneum</span> <span class='ocrx_word' id='word_1_119' title='bbox 898 1182 1191 1220; x_wconf 78' lang='lat' dir='ltr'>additamentum</span> <span class='ocrx_word' id='word_1_120' title='bbox 1241 1186 1304 1219; x_wconf 65' lang='lat' dir='ltr'><strong>ex‘-</strong></span> 
     </span>
     <span class='ocr_line' id='line_1_19' title="bbox 277 1237 391 1277; baseline 0 -2"><span class='ocrx_word' id='word_1_121' title='bbox 277 1237 391 1277; x_wconf 83' lang='lat' dir='ltr'>clufit.</span> 
     </span>
    </p>

    <p class='ocr_par' dir='ltr' id='par_1_8' title="bbox 270 1281 1307 1490">
     <span class='ocr_line' id='line_1_20' title="bbox 272 1281 1304 1339; baseline -0.007 -12"><span class='ocrx_word' id='word_1_122' title='bbox 272 1281 277 1287; x_wconf 81' lang='grc'><strong>’</strong></span> <span class='ocrx_word' id='word_1_123' title='bbox 323 1301 345 1327; x_wconf 90' lang='lat'>2</span> <span class='ocrx_word' id='word_1_124' title='bbox 373 1285 600 1339; x_wconf 74' lang='lat' dir='ltr'>Qaefivit.]</span> <span class='ocrx_word' id='word_1_125' title='bbox 640 1286 686 1325; x_wconf 89' lang='lat' dir='ltr'>In</span> <span class='ocrx_word' id='word_1_126' title='bbox 716 1285 823 1326; x_wconf 83' lang='lat' dir='ltr'>Mss.</span> <span class='ocrx_word' id='word_1_127' title='bbox 855 1283 1025 1322; x_wconf 86' lang='lat' dir='ltr'>omnibus</span> <span class='ocrx_word' id='word_1_128' title='bbox 1060 1282 1108 1322; x_wconf 90' lang='lat' dir='ltr'>est</span> <span class='ocrx_word' id='word_1_129' title='bbox 1134 1281 1304 1333; x_wconf 66' lang='lat' dir='ltr'><em>quaestu,</em></span> 
     </span>
     <span class='ocr_line' id='line_1_21' title="bbox 270 1333 1303 1390; baseline -0.007 -13"><span class='ocrx_word' id='word_1_130' title='bbox 270 1337 316 1377; x_wconf 63' lang='lat' dir='ltr'>&#39;ut</span> <span class='ocrx_word' id='word_1_131' title='bbox 338 1340 441 1390; x_wconf 80' lang='lat' dir='ltr'><strong>saepe</strong></span> <span class='ocrx_word' id='word_1_132' title='bbox 463 1341 500 1377; x_wconf 91' lang='lat' dir='ltr'>in</span> <span class='ocrx_word' id='word_1_133' title='bbox 523 1338 632 1377; x_wconf 89' lang='lat' dir='ltr'>MSS.</span> <span class='ocrx_word' id='word_1_134' title='bbox 656 1336 813 1375; x_wconf 71' lang='lat' dir='ltr'>Caesaris</span> <span class='ocrx_word' id='word_1_135' title='bbox 837 1337 875 1374; x_wconf 66' lang='grc' dir='ltr'>ὃς</span> <span class='ocrx_word' id='word_1_136' title='bbox 899 1335 1047 1383; x_wconf 87' lang='lat' dir='ltr'>Apuleii</span> <span class='ocrx_word' id='word_1_137' title='bbox 1069 1333 1303 1371; x_wconf 82' lang='lat' dir='ltr'>offendimus.</span> 
     </span>
     <span class='ocr_line' id='line_1_22' title="bbox 271 1383 1307 1440; baseline -0.007 -12"><span class='ocrx_word' id='word_1_138' title='bbox 271 1389 329 1428; x_wconf 89' lang='lat' dir='ltr'>Ita</span> <span class='ocrx_word' id='word_1_139' title='bbox 353 1387 508 1440; x_wconf 74' lang='lat' dir='ltr'>quaefisti</span> <span class='ocrx_word' id='word_1_140' title='bbox 528 1388 625 1437; x_wconf 87' lang='lat' dir='ltr'>apud</span> <span class='ocrx_word' id='word_1_141' title='bbox 648 1384 869 1425; x_wconf 87' lang='lat' dir='ltr'>Terentium</span> <span class='ocrx_word' id='word_1_142' title='bbox 897 1386 935 1422; x_wconf 90' lang='lat'>&amp;</span> <span class='ocrx_word' id='word_1_143' title='bbox 956 1385 1043 1422; x_wconf 89' lang='lat' dir='ltr'>alios</span> <span class='ocrx_word' id='word_1_144' title='bbox 1066 1398 1077 1427; x_wconf 91' lang='lat'>;</span> <span class='ocrx_word' id='word_1_145' title='bbox 1107 1383 1278 1433; x_wconf 74' lang='lat' dir='ltr'>qnaefistis</span> <span class='ocrx_word' id='word_1_146' title='bbox 1296 1412 1307 1429; x_wconf 95' lang='lat'><strong><em>,</em></strong></span> 
     </span>
     <span class='ocr_line' id='line_1_23' title="bbox 276 1433 1130 1490; baseline -0.007 -13"><span class='ocrx_word' id='word_1_147' title='bbox 276 1440 458 1490; x_wconf 75' lang='lat' dir='ltr'>quaesieris</span> <span class='ocrx_word' id='word_1_148' title='bbox 482 1438 580 1488; x_wconf 86' lang='lat' dir='ltr'>apud</span> <span class='ocrx_word' id='word_1_149' title='bbox 604 1439 801 1476; x_wconf 86' lang='lat' dir='ltr'>Lucanum</span> <span class='ocrx_word' id='word_1_150' title='bbox 817 1465 827 1481; x_wconf 95' lang='lat'>,</span> <span class='ocrx_word' id='word_1_151' title='bbox 856 1433 1039 1473; x_wconf 80' lang='lat' dir='ltr'>Ovidium</span> <span class='ocrx_word' id='word_1_152' title='bbox 1062 1441 1130 1472; x_wconf 88' lang='lat' dir='ltr'>cet.</span> 
     </span>
    </p>

    <p class='ocr_par' dir='ltr' id='par_1_9' title="bbox 275 1485 1303 1592">
     <span class='ocr_line' id='line_1_24' title="bbox 328 1485 1303 1540; baseline -0.005 -12"><span class='ocrx_word' id='word_1_153' title='bbox 328 1503 348 1540; x_wconf 84' lang='lat'>3</span> <span class='ocrx_word' id='word_1_154' title='bbox 381 1490 580 1540; x_wconf 72' lang='lat' dir='ltr'>Intermissa</span> <span class='ocrx_word' id='word_1_155' title='bbox 614 1487 760 1537; x_wconf 65' lang='lat' dir='ltr'><em>causa]</em></span> <span class='ocrx_word' id='word_1_156' title='bbox 803 1485 1022 1535; x_wconf 83' lang='lat' dir='ltr'>Digrediens</span> <span class='ocrx_word' id='word_1_157' title='bbox 1054 1496 1075 1522; x_wconf 89' lang='lat' dir='ltr'>a</span> <span class='ocrx_word' id='word_1_158' title='bbox 1109 1495 1148 1522; x_wconf 92' lang='lat' dir='ltr'>re</span> <span class='ocrx_word' id='word_1_159' title='bbox 1189 1496 1303 1536; x_wconf 86' lang='lat' dir='ltr'>quam</span> 
     </span>
     <span class='ocr_line' id='line_1_25' title="bbox 275 1541 756 1592; baseline -0.01 -12"><span class='ocrx_word' id='word_1_160' title='bbox 275 1548 366 1592; x_wconf 78' lang='lat' dir='ltr'>tunc</span> <span class='ocrx_word' id='word_1_161' title='bbox 389 1541 528 1591; x_wconf 84' lang='lat' dir='ltr'>agebat.</span> <span class='ocrx_word' id='word_1_162' title='bbox 557 1541 590 1578; x_wconf 92' lang='lat' dir='ltr'>C</span> <span class='ocrx_word' id='word_1_163' title='bbox 604 1553 626 1577; x_wconf 75' lang='lat' dir='ltr'>A</span> <span class='ocrx_word' id='word_1_164' title='bbox 643 1553 664 1578; x_wconf 76' lang='grc' dir='ltr'><strong>τ</strong></span> <span class='ocrx_word' id='word_1_165' title='bbox 682 1552 704 1576; x_wconf 78' lang='lat' dir='ltr'><strong>A</strong></span> <span class='ocrx_word' id='word_1_166' title='bbox 720 1550 756 1575; x_wconf 83' lang='lat' dir='ltr'>N.</span> 
     </span>
    </p>

    <p class='ocr_par' dir='ltr' id='par_1_10' title="bbox 273 1585 1340 1792">
     <span class='ocr_line' id='line_1_26' title="bbox 325 1585 1302 1641; baseline -0.008 -10"><span class='ocrx_word' id='word_1_167' title='bbox 325 1606 350 1640; x_wconf 87' lang='lat'>4</span> <span class='ocrx_word' id='word_1_168' title='bbox 379 1591 529 1641; x_wconf 86' lang='lat' dir='ltr'>Periit.]</span> <span class='ocrx_word' id='word_1_169' title='bbox 560 1590 755 1628; x_wconf 83' lang='lat' dir='ltr'>Mediceus</span> <span class='ocrx_word' id='word_1_170' title='bbox 779 1618 790 1634; x_wconf 92' lang='lat'>,</span> <span class='ocrx_word' id='word_1_171' title='bbox 818 1587 975 1626; x_wconf 66' lang='lat' dir='ltr'>Helmst.</span> <span class='ocrx_word' id='word_1_172' title='bbox 999 1587 1038 1625; x_wconf 90' lang='lat'>&amp;</span> <span class='ocrx_word' id='word_1_173' title='bbox 1068 1585 1182 1624; x_wconf 79' lang='lat' dir='ltr'>Arm..</span> <span class='ocrx_word' id='word_1_174' title='bbox 1203 1586 1302 1636; x_wconf 80' lang='lat' dir='ltr'>perit.</span> 
     </span>
     <span class='ocr_line' id='line_1_27' title="bbox 274 1636 1305 1693; baseline -0.006 -13"><span class='ocrx_word' id='word_1_175' title='bbox 274 1642 375 1680; x_wconf 79' lang='lat' dir='ltr'>Mox</span> <span class='ocrx_word' id='word_1_176' title='bbox 406 1642 566 1693; x_wconf 63' lang='lat' dir='ltr'>alioquin</span> <span class='ocrx_word' id='word_1_177' title='bbox 599 1653 645 1680; x_wconf 84' lang='lat' dir='ltr'>ex</span> <span class='ocrx_word' id='word_1_178' title='bbox 674 1641 783 1678; x_wconf 90' lang='lat' dir='ltr'>MSS.</span> <span class='ocrx_word' id='word_1_179' title='bbox 818 1638 986 1677; x_wconf 86' lang='lat' dir='ltr'>dedimus</span> <span class='ocrx_word' id='word_1_180' title='bbox 1009 1666 1019 1682; x_wconf 92' lang='lat'><strong>,</strong></span> <span class='ocrx_word' id='word_1_181' title='bbox 1055 1644 1097 1674; x_wconf 89' lang='lat' dir='ltr'>ut</span> <span class='ocrx_word' id='word_1_182' title='bbox 1119 1637 1194 1675; x_wconf 87' lang='lat' dir='ltr'>aliis</span> <span class='ocrx_word' id='word_1_183' title='bbox 1216 1636 1305 1675; x_wconf 90' lang='lat' dir='ltr'>locis</span> 
     </span>
     <span class='ocr_line' id='line_1_28' title="bbox 275 1687 1302 1742; baseline -0.007 -12"><span class='ocrx_word' id='word_1_184' title='bbox 275 1705 390 1742; x_wconf 87' lang='lat' dir='ltr'>quam</span> <span class='ocrx_word' id='word_1_185' title='bbox 414 1693 586 1742; x_wconf 75' lang='lat' dir='ltr'><strong>plurimis.</strong></span> <span class='ocrx_word' id='word_1_186' title='bbox 638 1691 803 1730; x_wconf 68' lang='lat' dir='ltr'>Birthius</span> <span class='ocrx_word' id='word_1_187' title='bbox 830 1700 898 1738; x_wconf 88' lang='lat' dir='ltr'>pro</span> <span class='ocrx_word' id='word_1_188' title='bbox 926 1700 973 1726; x_wconf 92' lang='lat' dir='ltr'>eo</span> <span class='ocrx_word' id='word_1_189' title='bbox 1000 1687 1108 1737; x_wconf 80' lang='lat' dir='ltr'>igitur</span> <span class='ocrx_word' id='word_1_190' title='bbox 1137 1688 1196 1725; x_wconf 84' lang='lat' dir='ltr'>vel</span> <span class='ocrx_word' id='word_1_191' title='bbox 1223 1698 1302 1725; x_wconf 84' lang='lat' dir='ltr'>tum</span> 
     </span>
     <span class='ocr_line' id='line_1_29' title="bbox 273 1739 1340 1792; baseline -0.009 -12"><span class='ocrx_word' id='word_1_192' title='bbox 273 1743 482 1782; x_wconf 86' lang='lat' dir='ltr'>substituere</span> <span class='ocrx_word' id='word_1_193' title='bbox 506 1742 688 1792; x_wconf 73' lang='lat' dir='ltr'>cogitabat</span> <span class='ocrx_word' id='word_1_194' title='bbox 709 1739 975 1790; x_wconf 86' lang='lat' dir='ltr'>nequidquam.</span> <span class='ocrx_word' id='word_1_195' title='bbox 1337 1743 1340 1777; x_wconf 67' lang='grc' dir='ltr'><strong>ς</strong></span> 
     </span>
    </p>

    <p class='ocr_par' dir='ltr' id='par_1_11' title="bbox 278 1788 1344 2093">
     <span class='ocr_line' id='line_1_30' title="bbox 330 1788 1341 1844; baseline -0.005 -12"><span class='ocrx_word' id='word_1_196' title='bbox 330 1808 348 1844; x_wconf 85' lang='grc' dir='ltr'><strong><em>ς</em></strong></span> <span class='ocrx_word' id='word_1_197' title='bbox 380 1793 546 1844; x_wconf 61' lang='lat' dir='ltr'>frasta]</span> <span class='ocrx_word' id='word_1_198' title='bbox 578 1793 759 1830; x_wconf 83' lang='lat' dir='ltr'>Enervata</span> <span class='ocrx_word' id='word_1_199' title='bbox 776 1820 785 1835; x_wconf 91' lang='lat'>,</span> <span class='ocrx_word' id='word_1_200' title='bbox 814 1791 917 1827; x_wconf 88' lang='lat' dir='ltr'>molli</span> <span class='ocrx_word' id='word_1_201' title='bbox 933 1817 943 1833; x_wconf 93' lang='lat'>‚</span> <span class='ocrx_word' id='word_1_202' title='bbox 970 1788 1117 1827; x_wconf 83' lang='lat' dir='ltr'>scenica.</span> <span class='ocrx_word' id='word_1_203' title='bbox 1141 1788 1179 1825; x_wconf 90' lang='lat' dir='ltr'>in</span> <span class='ocrx_word' id='word_1_204' title='bbox 1203 1789 1306 1838; x_wconf 90' lang='lat' dir='ltr'>quod</span> <span class='ocrx_word' id='word_1_205' title='bbox 1338 1801 1341 1838; x_wconf 64' lang='grc' dir='ltr'><strong>ς</strong></span> 
     </span>
     <span class='ocr_line' id='line_1_31' title="bbox 278 1840 1340 1892; baseline -0.005 -10"><span class='ocrx_word' id='word_1_206' title='bbox 278 1847 455 1884; x_wconf 82' lang='lat' dir='ltr'><strong>acerrime</strong></span> <span class='ocrx_word' id='word_1_207' title='bbox 478 1844 606 1882; x_wconf 83' lang='lat' dir='ltr'>Fabius</span> <span class='ocrx_word' id='word_1_208' title='bbox 629 1844 822 1881; x_wconf 79' lang='lat' dir='ltr'>invehitur.</span> <span class='ocrx_word' id='word_1_209' title='bbox 875 1840 940 1878; x_wconf 73' lang='lat' dir='ltr'>Sed</span> <span class='ocrx_word' id='word_1_210' title='bbox 963 1841 1190 1889; x_wconf 76' lang='lat' dir='ltr'><em>quodcunque</em></span> <span class='ocrx_word' id='word_1_211' title='bbox 1209 1867 1220 1884; x_wconf 90' lang='lat'>‚</span> <span class='ocrx_word' id='word_1_212' title='bbox 1252 1841 1307 1878; x_wconf 89' lang='lat' dir='ltr'>in-</span> <span class='ocrx_word' id='word_1_213' title='bbox 1339 1889 1340 1892; x_wconf 11' lang='grc' dir='ltr'><strong>Ἴ</strong></span> 
     </span>
     <span class='ocr_line' id='line_1_32' title="bbox 279 1889 1305 1946; baseline -0.007 -12"><span class='ocrx_word' id='word_1_214' title='bbox 279 1897 383 1946; x_wconf 86' lang='lat' dir='ltr'>quit,</span> <span class='ocrx_word' id='word_1_215' title='bbox 412 1895 523 1944; x_wconf 84' lang='lat' dir='ltr'>magis</span> <span class='ocrx_word' id='word_1_216' title='bbox 550 1893 693 1934; x_wconf 77' lang='lat' dir='ltr'>tulerim</span> <span class='ocrx_word' id='word_1_217' title='bbox 725 1905 833 1943; x_wconf 78' lang='lat' dir='ltr'>quam</span> <span class='ocrx_word' id='word_1_218' title='bbox 868 1904 932 1941; x_wconf 80' lang='lat' dir='ltr'>quo</span> <span class='ocrx_word' id='word_1_219' title='bbox 955 1903 1046 1926; x_wconf 76' lang='lat' dir='ltr'>nunc</span> <span class='ocrx_word' id='word_1_220' title='bbox 1069 1889 1227 1927; x_wconf 82' lang='lat' dir='ltr'><em>maxime</em></span> <span class='ocrx_word' id='word_1_221' title='bbox 1250 1890 1305 1940; x_wconf 65' lang='lat' dir='ltr'>la-</span> 
     </span>
     <span class='ocr_line' id='line_1_33' title="bbox 278 1939 1305 1996; baseline -0.005 -12"><span class='ocrx_word' id='word_1_222' title='bbox 278 1946 429 1984; x_wconf 77' lang='lat' dir='ltr'>boratur</span> <span class='ocrx_word' id='word_1_223' title='bbox 461 1947 501 1984; x_wconf 83' lang='lat' dir='ltr'>in</span> <span class='ocrx_word' id='word_1_224' title='bbox 532 1944 642 1996; x_wconf 77' lang='lat' dir='ltr'>causis</span> <span class='ocrx_word' id='word_1_225' title='bbox 674 1943 836 1982; x_wconf 73' lang='lat' dir='ltr'>omnibus</span> <span class='ocrx_word' id='word_1_226' title='bbox 870 1939 1063 1992; x_wconf 73' lang='lat' dir='ltr'><em>scholisque</em></span> <span class='ocrx_word' id='word_1_227' title='bbox 1105 1942 1305 1979; x_wconf 81' lang='lat' dir='ltr'>cantandi.-</span> 
     </span>
     <span class='ocr_line' id='line_1_34' title="bbox 280 1991 1344 2048; baseline -0.004 -15"><span class='ocrx_word' id='word_1_228' title='bbox 280 1998 375 2047; x_wconf 79' lang='lat' dir='ltr'>quod</span> <span class='ocrx_word' id='word_1_229' title='bbox 412 1996 576 2035; x_wconf 77' lang='lat' dir='ltr'>inutilius</span> <span class='ocrx_word' id='word_1_230' title='bbox 600 1994 650 2046; x_wconf 82' lang='lat' dir='ltr'>fit</span> <span class='ocrx_word' id='word_1_231' title='bbox 682 2008 732 2031; x_wconf 88' lang='lat' dir='ltr'>an</span> <span class='ocrx_word' id='word_1_232' title='bbox 748 1994 886 2041; x_wconf 80' lang='lat' dir='ltr'>foedius</span> <span class='ocrx_word' id='word_1_233' title='bbox 917 1993 1034 2040; x_wconf 83' lang='lat' dir='ltr'>nescio.</span> <span class='ocrx_word' id='word_1_234' title='bbox 1087 1991 1189 2039; x_wconf 71' lang='lat' dir='ltr'>(Qid</span> <span class='ocrx_word' id='word_1_235' title='bbox 1211 1992 1305 2030; x_wconf 82' lang='lat' dir='ltr'>enim</span> <span class='ocrx_word' id='word_1_236' title='bbox 1341 2036 1344 2048; x_wconf 46' lang='grc' dir='ltr'>Ι</span> 
     </span>
     <span class='ocr_line' id='line_1_35' title="bbox 281 2042 1344 2093; baseline -0.006 -7"><span class='ocrx_word' id='word_1_237' title='bbox 281 2048 401 2086; x_wconf 79' lang='lat' dir='ltr'>minus</span> <span class='ocrx_word' id='word_1_238' title='bbox 432 2049 566 2085; x_wconf 85' lang='lat' dir='ltr'>oratori</span> <span class='ocrx_word' id='word_1_239' title='bbox 603 2046 768 2084; x_wconf 81' lang='lat' dir='ltr'>convenit</span> <span class='ocrx_word' id='word_1_240' title='bbox 801 2056 910 2093; x_wconf 69' lang='lat' dir='ltr'>quam</span> <span class='ocrx_word' id='word_1_241' title='bbox 932 2042 1127 2080; x_wconf 83' lang='lat' dir='ltr'>modulatio</span> <span class='ocrx_word' id='word_1_242' title='bbox 1137 2042 1308 2089; x_wconf 81' lang='lat' dir='ltr'>scenica?</span> <span class='ocrx_word' id='word_1_243' title='bbox 1341 2053 1344 2060; x_wconf 80' lang='grc'>’</span> 
     </span>
    </p>
   </div>
   <div class='ocr_carea' id='block_1_7' title="bbox 1338 1597 1345 2105">
    <p class='ocr_par' dir='ltr' id='par_1_12' title="bbox 1338 1597 1345 2105">
     <span class='ocr_line' id='line_1_36' title="bbox 1338 1597 1345 2105; baseline 0 0"><span class='ocrx_word' id='word_1_244' title='bbox 1338 1597 1345 2105; x_wconf 95' lang='lat' dir='ltr'> </span> 
     </span>
    </p>
   </div>
   <div class='ocr_carea' id='block_1_8' title="bbox 1362 975 2401 1484">
    <p class='ocr_par' dir='ltr' id='par_1_13' title="bbox 1362 975 2401 1332">
     <span class='ocr_line' id='line_1_37' title="bbox 1367 975 2396 1028; baseline 0.002 -13"><span class='ocrx_word' id='word_1_245' title='bbox 1367 988 1432 1027; x_wconf 86' lang='lat' dir='ltr'>per</span> <span class='ocrx_word' id='word_1_246' title='bbox 1455 987 1496 1014; x_wconf 83' lang='lat' dir='ltr'>ac</span> <span class='ocrx_word' id='word_1_247' title='bbox 1515 976 1627 1028; x_wconf 84' lang='lat' dir='ltr'>potius</span> <span class='ocrx_word' id='word_1_248' title='bbox 1649 975 1808 1027; x_wconf 90' lang='lat' dir='ltr'>superius</span> <span class='ocrx_word' id='word_1_249' title='bbox 1832 975 1927 1014; x_wconf 69' lang='lat' dir='ltr'>dicta</span> <span class='ocrx_word' id='word_1_250' title='bbox 1951 975 2065 1015; x_wconf 89' lang='lat' dir='ltr'>veluti</span> <span class='ocrx_word' id='word_1_251' title='bbox 2078 977 2280 1025; x_wconf 84' lang='lat' dir='ltr'>corrigere:</span> <span class='ocrx_word' id='word_1_252' title='bbox 2306 979 2396 1028; x_wconf 60' lang='lat' dir='ltr'>qua-&gt;</span> 
     </span>
     <span class='ocr_line' id='line_1_38' title="bbox 1369 1026 2397 1080; baseline 0 -14"><span class='ocrx_word' id='word_1_253' title='bbox 1369 1029 1410 1067; x_wconf 89' lang='lat' dir='ltr'>lis</span> <span class='ocrx_word' id='word_1_254' title='bbox 1445 1028 1626 1067; x_wconf 66' lang='lat' dir='ltr'>correaio</span> <span class='ocrx_word' id='word_1_255' title='bbox 1658 1028 1718 1066; x_wconf 89' lang='lat' dir='ltr'>hic</span> <span class='ocrx_word' id='word_1_256' title='bbox 1752 1037 1931 1077; x_wconf 82' lang='lat' dir='ltr'><strong>perquam</strong></span> <span class='ocrx_word' id='word_1_257' title='bbox 1955 1026 2148 1066; x_wconf 79' lang='lat' dir='ltr'>neceffaria</span> <span class='ocrx_word' id='word_1_258' title='bbox 2172 1035 2248 1065; x_wconf 90' lang='lat' dir='ltr'>erat</span> <span class='ocrx_word' id='word_1_259' title='bbox 2272 1056 2282 1072; x_wconf 96' lang='lat'>,</span> <span class='ocrx_word' id='word_1_260' title='bbox 2310 1032 2397 1080; x_wconf 78' lang='lat' dir='ltr'>quia</span> 
     </span>
     <span class='ocr_line' id='line_1_39' title="bbox 1362 1076 2397 1129; baseline 0.005 -14"><span class='ocrx_word' id='word_1_261' title='bbox 1362 1078 1506 1129; x_wconf 75' lang='lat' dir='ltr'><em>plausus</em></span> <span class='ocrx_word' id='word_1_262' title='bbox 1529 1080 1765 1118; x_wconf 84' lang='lat' dir='ltr'>mentionem</span> <span class='ocrx_word' id='word_1_263' title='bbox 1790 1077 1924 1116; x_wconf 79' lang='lat' dir='ltr'><strong>fecerat</strong></span> <span class='ocrx_word' id='word_1_264' title='bbox 1957 1105 1967 1121; x_wconf 93' lang='lat'><strong><em>‚</em></strong></span> <span class='ocrx_word' id='word_1_265' title='bbox 1995 1078 2056 1126; x_wconf 89' lang='lat' dir='ltr'>qui</span> <span class='ocrx_word' id='word_1_266' title='bbox 2076 1077 2120 1114; x_wconf 86' lang='lat' dir='ltr'>ab</span> <span class='ocrx_word' id='word_1_267' title='bbox 2140 1076 2336 1117; x_wconf 81' lang='lat' dir='ltr'><em>immodicis</em></span> <span class='ocrx_word' id='word_1_268' title='bbox 2353 1092 2397 1120; x_wconf 73' lang='grc' dir='ltr'>ο·</span> 
     </span>
     <span class='ocr_line' id='line_1_40' title="bbox 1370 1125 2398 1179; baseline 0.003 -12"><span class='ocrx_word' id='word_1_269' title='bbox 1370 1129 1521 1179; x_wconf 82' lang='lat' dir='ltr'>insolitis</span> <span class='ocrx_word' id='word_1_270' title='bbox 1543 1129 1753 1168; x_wconf 78' lang='lat' dir='ltr'>clamoribus</span> <span class='ocrx_word' id='word_1_271' title='bbox 1780 1128 1986 1168; x_wconf 88' lang='lat' dir='ltr'>faventium</span> <span class='ocrx_word' id='word_1_272' title='bbox 2011 1128 2073 1165; x_wconf 86' lang='lat' dir='ltr'>vix</span> <span class='ocrx_word' id='word_1_273' title='bbox 2086 1125 2201 1165; x_wconf 82' lang='lat' dir='ltr'>abeffe</span> <span class='ocrx_word' id='word_1_274' title='bbox 2213 1127 2310 1168; x_wconf 89' lang='lat' dir='ltr'>solet.</span> <span class='ocrx_word' id='word_1_275' title='bbox 2340 1132 2398 1170; x_wconf 88' lang='lat' dir='ltr'>Sic</span> 
     </span>
     <span class='ocr_line' id='line_1_41' title="bbox 1371 1176 2399 1230; baseline 0.001 -13"><span class='ocrx_word' id='word_1_276' title='bbox 1371 1181 1473 1230; x_wconf 85' lang='lat' dir='ltr'>supra</span> <span class='ocrx_word' id='word_1_277' title='bbox 1499 1180 1609 1229; x_wconf 80' lang='lat' dir='ltr'>Epist.</span> <span class='ocrx_word' id='word_1_278' title='bbox 1630 1180 1737 1218; x_wconf 88' lang='lat' dir='ltr'><strong>XIII.</strong></span> <span class='ocrx_word' id='word_1_279' title='bbox 1759 1192 1793 1218; x_wconf 90' lang='lat' dir='ltr'>n.</span> <span class='ocrx_word' id='word_1_280' title='bbox 1818 1192 1850 1230; x_wconf 87' lang='lat'>3.</span> <span class='ocrx_word' id='word_1_281' title='bbox 1903 1176 2034 1225; x_wconf 82' lang='lat' dir='ltr'>Sufficit</span> <span class='ocrx_word' id='word_1_282' title='bbox 2065 1189 2158 1215; x_wconf 86' lang='lat' dir='ltr'>unus</span> <span class='ocrx_word' id='word_1_283' title='bbox 2183 1188 2250 1214; x_wconf 81' lang='lat' dir='ltr'>aut</span> <span class='ocrx_word' id='word_1_284' title='bbox 2281 1180 2399 1228; x_wconf 85' lang='lat' dir='ltr'>alter,</span> 
     </span>
     <span class='ocr_line' id='line_1_42' title="bbox 1372 1229 2401 1280; baseline 0 -12"><span class='ocrx_word' id='word_1_285' title='bbox 1372 1242 1415 1268; x_wconf 90' lang='lat' dir='ltr'>ac</span> <span class='ocrx_word' id='word_1_286' title='bbox 1437 1232 1558 1280; x_wconf 88' lang='lat' dir='ltr'>potius</span> <span class='ocrx_word' id='word_1_287' title='bbox 1580 1245 1682 1270; x_wconf 78' lang='lat' dir='ltr'>unus.</span> <span class='ocrx_word' id='word_1_288' title='bbox 1711 1230 1820 1280; x_wconf 89' lang='lat' dir='ltr'>Epist.</span> <span class='ocrx_word' id='word_1_289' title='bbox 1843 1229 1969 1268; x_wconf 92' lang='lat' dir='ltr'><strong>XVII.</strong></span> <span class='ocrx_word' id='word_1_290' title='bbox 1992 1240 2026 1266; x_wconf 83' lang='lat' dir='ltr'>n.</span> <span class='ocrx_word' id='word_1_291' title='bbox 2059 1241 2117 1280; x_wconf 64' lang='grc' dir='ltr'>ις.</span> <span class='ocrx_word' id='word_1_292' title='bbox 2163 1229 2230 1266; x_wconf 88' lang='lat' dir='ltr'>Sed</span> <span class='ocrx_word' id='word_1_293' title='bbox 2254 1238 2401 1279; x_wconf 84' lang='lat' dir='ltr'>puteos,</span> 
     </span>
     <span class='ocr_line' id='line_1_43' title="bbox 1373 1280 1835 1332; baseline -0.002 -13"><span class='ocrx_word' id='word_1_294' title='bbox 1373 1293 1416 1319; x_wconf 87' lang='lat' dir='ltr'>ac</span> <span class='ocrx_word' id='word_1_295' title='bbox 1437 1283 1558 1332; x_wconf 89' lang='lat' dir='ltr'>potius</span> <span class='ocrx_word' id='word_1_296' title='bbox 1570 1283 1691 1326; x_wconf 84' lang='lat' dir='ltr'><em>fontes</em></span> <span class='ocrx_word' id='word_1_297' title='bbox 1715 1280 1835 1318; x_wconf 86' lang='lat' dir='ltr'><em>habet.</em></span> 
     </span>
    </p>

    <p class='ocr_par' dir='ltr' id='par_1_14' title="bbox 1374 1331 2401 1484">
     <span class='ocr_line' id='line_1_44' title="bbox 1424 1331 2401 1381; baseline 0.002 -11"><span class='ocrx_word' id='word_1_298' title='bbox 1424 1332 1445 1370; x_wconf 89' lang='lat'>8</span> <span class='ocrx_word' id='word_1_299' title='bbox 1474 1331 1694 1381; x_wconf 70' lang='lat' dir='ltr'>Cymbala]</span> <span class='ocrx_word' id='word_1_300' title='bbox 1723 1332 1833 1371; x_wconf 73' lang='lat' dir='ltr'>Dicta</span> <span class='ocrx_word' id='word_1_301' title='bbox 1855 1342 1875 1368; x_wconf 88' lang='lat' dir='ltr'>a</span> <span class='ocrx_word' id='word_1_302' title='bbox 1898 1332 2130 1369; x_wconf 84' lang='lat' dir='ltr'>concavitate</span> <span class='ocrx_word' id='word_1_303' title='bbox 2153 1331 2192 1368; x_wconf 70' lang='grc' dir='ltr'>δε</span> <span class='ocrx_word' id='word_1_304' title='bbox 2216 1335 2401 1372; x_wconf 87' lang='lat' dir='ltr'>curvatio-</span> 
     </span>
     <span class='ocr_line' id='line_1_45' title="bbox 1375 1379 2400 1435; baseline 0.002 -15"><span class='ocrx_word' id='word_1_305' title='bbox 1375 1394 1421 1422; x_wconf 90' lang='lat' dir='ltr'>ne</span> <span class='ocrx_word' id='word_1_306' title='bbox 1448 1412 1458 1429; x_wconf 91' lang='lat'>,</span> <span class='ocrx_word' id='word_1_307' title='bbox 1495 1382 1585 1420; x_wconf 86' lang='lat' dir='ltr'>ficut</span> <span class='ocrx_word' id='word_1_308' title='bbox 1612 1382 1752 1432; x_wconf 71' lang='lat' dir='ltr'>cymbia</span> <span class='ocrx_word' id='word_1_309' title='bbox 1778 1380 1915 1435; x_wconf 80' lang='lat' dir='ltr'><em>pocula.</em></span> <span class='ocrx_word' id='word_1_310' title='bbox 1949 1379 2057 1424; x_wconf 66' lang='grc' dir='ltr'>κυφὸς</span> <span class='ocrx_word' id='word_1_311' title='bbox 2087 1382 2186 1418; x_wconf 89' lang='lat' dir='ltr'>enim</span> <span class='ocrx_word' id='word_1_312' title='bbox 2219 1393 2400 1430; x_wconf 88' lang='lat' dir='ltr'>curvum,</span> 
     </span>
     <span class='ocr_line' id='line_1_46' title="bbox 1374 1432 2400 1484; baseline 0.002 -12"><span class='ocrx_word' id='word_1_313' title='bbox 1374 1433 1474 1484; x_wconf 82' lang='lat' dir='ltr'>quafi</span> <span class='ocrx_word' id='word_1_314' title='bbox 1494 1437 1647 1480; x_wconf 74' lang='grc' dir='ltr'><strong><em>κυφαιλᾰ</em></strong></span> <span class='ocrx_word' id='word_1_315' title='bbox 1661 1462 1672 1480; x_wconf 89' lang='grc'><em>,</em></span> <span class='ocrx_word' id='word_1_316' title='bbox 1703 1434 1742 1472; x_wconf 85' lang='lat' dir='ltr'>id</span> <span class='ocrx_word' id='word_1_317' title='bbox 1765 1433 1813 1473; x_wconf 89' lang='lat' dir='ltr'>est</span> <span class='ocrx_word' id='word_1_318' title='bbox 1835 1443 1947 1470; x_wconf 83' lang='lat' dir='ltr'>curva</span> <span class='ocrx_word' id='word_1_319' title='bbox 1965 1432 2097 1482; x_wconf 79' lang='lat' dir='ltr'>aliqua.</span> <span class='ocrx_word' id='word_1_320' title='bbox 2126 1432 2227 1469; x_wconf 89' lang='lat' dir='ltr'>Hinc</span> <span class='ocrx_word' id='word_1_321' title='bbox 2250 1433 2400 1474; x_wconf 86' lang='lat' dir='ltr'>Lucret.</span> 
     </span>
    </p>
   </div>
   <div class='ocr_carea' id='block_1_9' title="bbox 1428 1534 2398 1623">
    <p class='ocr_par' dir='ltr' id='par_1_15' title="bbox 1428 1534 2398 1623">
     <span class='ocr_line' id='line_1_47' title="bbox 1428 1534 2398 1591; baseline 0.002 -20"><span class='ocrx_word' id='word_1_322' title='bbox 1428 1538 1614 1591; x_wconf 68' lang='lat' dir='ltr'>Tyrnpana</span> <span class='ocrx_word' id='word_1_323' title='bbox 1665 1544 1765 1572; x_wconf 86' lang='lat' dir='ltr'>tenta</span> <span class='ocrx_word' id='word_1_324' title='bbox 1813 1544 1943 1571; x_wconf 83' lang='lat' dir='ltr'>tonant</span> <span class='ocrx_word' id='word_1_325' title='bbox 1983 1534 2114 1584; x_wconf 85' lang='lat' dir='ltr'>palmis</span> <span class='ocrx_word' id='word_1_326' title='bbox 2150 1543 2195 1574; x_wconf 53' lang='lat' dir='ltr'>Cr·</span> <span class='ocrx_word' id='word_1_327' title='bbox 2232 1535 2398 1583; x_wconf 71' lang='lat' dir='ltr'>cymbala</span> 
     </span>
     <span class='ocr_line' id='line_1_48' title="bbox 1479 1593 1710 1623; baseline 0.004 -1"><span class='ocrx_word' id='word_1_328' title='bbox 1479 1597 1607 1623; x_wconf 83' lang='lat' dir='ltr'>ctrcum</span> <span class='ocrx_word' id='word_1_329' title='bbox 1708 1593 1710 1596; x_wconf 81' lang='grc'>’</span> 
     </span>
    </p>
   </div>
   <div class='ocr_carea' id='block_1_10' title="bbox 1427 1633 2375 1686">
    <p class='ocr_par' dir='ltr' id='par_1_16' title="bbox 1427 1633 2375 1686">
     <span class='ocr_line' id='line_1_49' title="bbox 1427 1633 2375 1686; baseline 0.001 -12"><span class='ocrx_word' id='word_1_330' title='bbox 1427 1640 1600 1674; x_wconf 84' lang='lat' dir='ltr'>Concava</span> <span class='ocrx_word' id='word_1_331' title='bbox 1623 1635 1866 1686; x_wconf 74' lang='lat' dir='ltr'>raucisonoque</span> <span class='ocrx_word' id='word_1_332' title='bbox 1886 1633 2078 1672; x_wconf 83' lang='lat' dir='ltr'>minantur</span> <span class='ocrx_word' id='word_1_333' title='bbox 2100 1647 2228 1674; x_wconf 81' lang='lat' dir='ltr'>cornua</span> <span class='ocrx_word' id='word_1_334' title='bbox 2252 1647 2375 1675; x_wconf 81' lang='lat' dir='ltr'><em>cantu.</em></span> 
     </span>
    </p>
   </div>
   <div class='ocr_carea' id='block_1_11' title="bbox 1377 1736 2404 1839">
    <p class='ocr_par' dir='ltr' id='par_1_17' title="bbox 1377 1736 2404 1839">
     <span class='ocr_line' id='line_1_50' title="bbox 1377 1736 2400 1788; baseline 0.004 -12"><span class='ocrx_word' id='word_1_335' title='bbox 1377 1739 1479 1776; x_wconf 90' lang='lat' dir='ltr'>Nam</span> <span class='ocrx_word' id='word_1_336' title='bbox 1500 1737 1666 1788; x_wconf 76' lang='lat' dir='ltr'>cymbala</span> <span class='ocrx_word' id='word_1_337' title='bbox 1692 1738 1868 1776; x_wconf 78' lang='lat' dir='ltr'>tinnitum</span> <span class='ocrx_word' id='word_1_338' title='bbox 1893 1765 1904 1782; x_wconf 90' lang='lat'><strong>,</strong></span> <span class='ocrx_word' id='word_1_339' title='bbox 1932 1736 2022 1775; x_wconf 81' lang='lat' dir='ltr'>sicut</span> <span class='ocrx_word' id='word_1_340' title='bbox 2043 1747 2216 1788; x_wconf 61' lang='lat' dir='ltr'>tympana</span> <span class='ocrx_word' id='word_1_341' title='bbox 2240 1737 2400 1780; x_wconf 82' lang='lat' dir='ltr'>sonitum</span> 
     </span>
     <span class='ocr_line' id='line_1_51' title="bbox 1378 1788 2404 1839; baseline 0.003 -13"><span class='ocrx_word' id='word_1_342' title='bbox 1378 1789 1493 1827; x_wconf 88' lang='lat' dir='ltr'>edunt</span> <span class='ocrx_word' id='word_1_343' title='bbox 1513 1790 1665 1827; x_wconf 70' lang='lat' dir='ltr'>austore</span> <span class='ocrx_word' id='word_1_344' title='bbox 1686 1789 1858 1839; x_wconf 86' lang='lat' dir='ltr'>Apuleio.</span> <span class='ocrx_word' id='word_1_345' title='bbox 1883 1788 1921 1826; x_wconf 89' lang='lat'>&amp;</span> <span class='ocrx_word' id='word_1_346' title='bbox 1942 1789 1979 1827; x_wconf 91' lang='lat' dir='ltr'>in</span> <span class='ocrx_word' id='word_1_347' title='bbox 1992 1790 2104 1839; x_wconf 86' lang='lat' dir='ltr'><strong>epigr.</strong></span> <span class='ocrx_word' id='word_1_348' title='bbox 2134 1789 2296 1829; x_wconf 82' lang='lat' dir='ltr'>Alexidis</span> <span class='ocrx_word' id='word_1_349' title='bbox 2307 1803 2404 1839; x_wconf 71' lang='lat' dir='ltr'>cym-</span> 
     </span>
    </p>
   </div>
   <div class='ocr_carea' id='block_1_12' title="bbox 1339 1837 2403 1888">
    <p class='ocr_par' dir='ltr' id='par_1_18' title="bbox 1339 1837 2403 1888">
     <span class='ocr_line' id='line_1_52' title="bbox 1339 1837 2403 1888; baseline 0.006 -14"><span class='ocrx_word' id='word_1_350' title='bbox 1339 1882 1340 1888; x_wconf 15' lang='grc' dir='ltr'><strong>Ὶ</strong></span> <span class='ocrx_word' id='word_1_351' title='bbox 1376 1838 1460 1876; x_wconf 86' lang='lat' dir='ltr'><em>bala</em></span> <span class='ocrx_word' id='word_1_352' title='bbox 1483 1841 1579 1878; x_wconf 87' lang='lat' dir='ltr'>acuti</span> <span class='ocrx_word' id='word_1_353' title='bbox 1600 1839 1679 1878; x_wconf 89' lang='lat' dir='ltr'>soni</span> <span class='ocrx_word' id='word_1_354' title='bbox 1702 1847 1844 1878; x_wconf 81' lang='lat' dir='ltr'>vocata.</span> <span class='ocrx_word' id='word_1_355' title='bbox 1876 1839 2086 1878; x_wconf 78' lang='lat' dir='ltr'><strong>Athenaeus</strong></span> <span class='ocrx_word' id='word_1_356' title='bbox 2107 1837 2223 1878; x_wconf 87' lang='lat' dir='ltr'>scribit</span> <span class='ocrx_word' id='word_1_357' title='bbox 2246 1841 2283 1879; x_wconf 91' lang='lat' dir='ltr'>in</span> <span class='ocrx_word' id='word_1_358' title='bbox 2307 1841 2403 1880; x_wconf 63' lang='lat' dir='ltr'>tibiis</span> 
     </span>
    </p>
   </div>
   <div class='ocr_carea' id='block_1_13' title="bbox 1376 1889 2409 2094">
    <p class='ocr_par' dir='ltr' id='par_1_19' title="bbox 1376 1889 2409 2094">
     <span class='ocr_line' id='line_1_53' title="bbox 1376 1889 2404 1941; baseline 0.002 -15"><span class='ocrx_word' id='word_1_359' title='bbox 1376 1889 1557 1929; x_wconf 82' lang='lat' dir='ltr'>bombum</span> <span class='ocrx_word' id='word_1_360' title='bbox 1584 1920 1594 1936; x_wconf 95' lang='lat'><strong><em>‚</em></strong></span> <span class='ocrx_word' id='word_1_361' title='bbox 1631 1892 1668 1929; x_wconf 87' lang='lat' dir='ltr'>in</span> <span class='ocrx_word' id='word_1_362' title='bbox 1703 1889 1873 1938; x_wconf 59' lang='lat' dir='ltr'>cymbalis</span> <span class='ocrx_word' id='word_1_363' title='bbox 1906 1892 2082 1929; x_wconf 87' lang='lat' dir='ltr'>tinnitum</span> <span class='ocrx_word' id='word_1_364' title='bbox 2104 1918 2115 1934; x_wconf 95' lang='lat'><strong><em>,</em></strong></span> <span class='ocrx_word' id='word_1_365' title='bbox 2154 1892 2193 1928; x_wconf 90' lang='lat'>&amp;</span> <span class='ocrx_word' id='word_1_366' title='bbox 2224 1895 2404 1941; x_wconf 68' lang='lat' dir='ltr'>tympanis</span> 
     </span>
     <span class='ocr_line' id='line_1_54' title="bbox 1379 1939 2407 1989; baseline 0.005 -12"><span class='ocrx_word' id='word_1_367' title='bbox 1379 1939 1539 1980; x_wconf 88' lang='lat' dir='ltr'>sonitum</span> <span class='ocrx_word' id='word_1_368' title='bbox 1563 1942 1643 1980; x_wconf 87' lang='lat' dir='ltr'>dici.</span> <span class='ocrx_word' id='word_1_369' title='bbox 1696 1941 1811 1980; x_wconf 83' lang='lat' dir='ltr'>Erant</span> <span class='ocrx_word' id='word_1_370' title='bbox 1832 1948 1958 1979; x_wconf 85' lang='lat' dir='ltr'>autem</span> <span class='ocrx_word' id='word_1_371' title='bbox 1981 1939 2147 1989; x_wconf 72' lang='lat' dir='ltr'>cymbala</span> <span class='ocrx_word' id='word_1_372' title='bbox 2169 1942 2303 1980; x_wconf 87' lang='lat' dir='ltr'>tutelae</span> <span class='ocrx_word' id='word_1_373' title='bbox 2327 1955 2407 1982; x_wconf 88' lang='lat' dir='ltr'>ma·-</span> 
     </span>
     <span class='ocr_line' id='line_1_55' title="bbox 1380 1991 2407 2043; baseline 0.005 -15"><span class='ocrx_word' id='word_1_374' title='bbox 1380 1993 1440 2031; x_wconf 92' lang='lat' dir='ltr'>tris</span> <span class='ocrx_word' id='word_1_375' title='bbox 1463 1993 1619 2031; x_wconf 89' lang='lat' dir='ltr'>deorum</span> <span class='ocrx_word' id='word_1_376' title='bbox 1641 1991 1790 2042; x_wconf 87' lang='lat' dir='ltr'>ascripta</span> <span class='ocrx_word' id='word_1_377' title='bbox 1814 2020 1824 2036; x_wconf 93' lang='lat'><strong>,</strong></span> <span class='ocrx_word' id='word_1_378' title='bbox 1862 1991 1967 2041; x_wconf 87' lang='lat' dir='ltr'>quod</span> <span class='ocrx_word' id='word_1_379' title='bbox 1989 1991 2115 2029; x_wconf 80' lang='lat' dir='ltr'>similia</span> <span class='ocrx_word' id='word_1_380' title='bbox 2137 1991 2218 2029; x_wconf 88' lang='lat' dir='ltr'>sunt</span> <span class='ocrx_word' id='word_1_381' title='bbox 2239 1993 2407 2043; x_wconf 88' lang='lat' dir='ltr'>hemicy-</span> 
     </span>
     <span class='ocr_line' id='line_1_56' title="bbox 1382 2042 2409 2094; baseline 0.004 -14"><span class='ocrx_word' id='word_1_382' title='bbox 1382 2042 1441 2081; x_wconf 90' lang='lat' dir='ltr'>clis</span> <span class='ocrx_word' id='word_1_383' title='bbox 1464 2045 1582 2089; x_wconf 89' lang='lat' dir='ltr'>coeli,</span> <span class='ocrx_word' id='word_1_384' title='bbox 1606 2044 1734 2094; x_wconf 90' lang='lat' dir='ltr'>quibus</span> <span class='ocrx_word' id='word_1_385' title='bbox 1761 2050 1856 2080; x_wconf 90' lang='lat' dir='ltr'>terra</span> <span class='ocrx_word' id='word_1_386' title='bbox 1869 2042 2025 2079; x_wconf 89' lang='lat' dir='ltr'>deorum</span> <span class='ocrx_word' id='word_1_387' title='bbox 2038 2049 2156 2078; x_wconf 87' lang='lat' dir='ltr'>mater</span> <span class='ocrx_word' id='word_1_388' title='bbox 2169 2045 2333 2092; x_wconf 82' lang='lat' dir='ltr'>cingitur.</span> <span class='ocrx_word' id='word_1_389' title='bbox 2361 2045 2409 2084; x_wconf 90' lang='lat' dir='ltr'>Et</span> 
     </span>
    </p>
   </div>
   <div class='ocr_carea' id='block_1_14' title="bbox 282 2091 2406 2147">
    <p class='ocr_par' dir='ltr' id='par_1_20' title="bbox 282 2091 2406 2147">
     <span class='ocr_line' id='line_1_57' title="bbox 282 2091 2406 2147; baseline -0 -14"><span class='ocrx_word' id='word_1_390' title='bbox 282 2109 327 2138; x_wconf 71' lang='grc' dir='ltr'>ο·</span> <span class='ocrx_word' id='word_1_391' title='bbox 351 2109 610 2147; x_wconf 72' lang='lat' dir='ltr'>nonnunquam</span> <span class='ocrx_word' id='word_1_392' title='bbox 624 2097 824 2138; x_wconf 76' lang='lat' dir='ltr'>ebrioram,</span> <span class='ocrx_word' id='word_1_393' title='bbox 851 2104 917 2131; x_wconf 82' lang='lat' dir='ltr'>aut</span> <span class='ocrx_word' id='word_1_394' title='bbox 930 2092 1191 2142; x_wconf 76' lang='lat' dir='ltr'>comessantium</span> <span class='ocrx_word' id='word_1_395' title='bbox 1204 2092 1309 2131; x_wconf 81' lang='lat' dir='ltr'>licen-</span> <span class='ocrx_word' id='word_1_396' title='bbox 1343 2111 1345 2115; x_wconf 55' lang='lat'><strong><em>⁴</em></strong></span> <span class='ocrx_word' id='word_1_397' title='bbox 1382 2094 1575 2133; x_wconf 90' lang='lat' dir='ltr'>Diodorus</span> <span class='ocrx_word' id='word_1_398' title='bbox 1608 2095 1756 2138; x_wconf 87' lang='lat' dir='ltr'>scribit,</span> <span class='ocrx_word' id='word_1_399' title='bbox 1795 2091 1947 2141; x_wconf 65' lang='lat' dir='ltr'>Cybelen</span> <span class='ocrx_word' id='word_1_400' title='bbox 1980 2092 2146 2141; x_wconf 83' lang='lat' dir='ltr'>inveniffe</span> <span class='ocrx_word' id='word_1_401' title='bbox 2176 2094 2341 2143; x_wconf 68' lang='lat' dir='ltr'>cymbala</span> <span class='ocrx_word' id='word_1_402' title='bbox 2363 2106 2406 2136; x_wconf 64' lang='grc' dir='ltr'>εν</span> 
     </span>
    </p>
   </div>
   <div class='ocr_carea' id='block_1_15' title="bbox 283 2148 756 2198">
    <p class='ocr_par' dir='ltr' id='par_1_21' title="bbox 283 2148 756 2198">
     <span class='ocr_line' id='line_1_58' title="bbox 283 2148 756 2198; baseline -0.011 -11"><span class='ocrx_word' id='word_1_403' title='bbox 283 2148 357 2187; x_wconf 79' lang='lat' dir='ltr'>tiae</span> <span class='ocrx_word' id='word_1_404' title='bbox 372 2148 499 2198; x_wconf 81' lang='lat' dir='ltr'>fimilis</span> <span class='ocrx_word' id='word_1_405' title='bbox 515 2157 529 2186; x_wconf 71' lang='lat'><em>3</em></span> <span class='ocrx_word' id='word_1_406' title='bbox 560 2148 593 2186; x_wconf 91' lang='lat' dir='ltr'>C</span> <span class='ocrx_word' id='word_1_407' title='bbox 608 2160 628 2184; x_wconf 78' lang='grc' dir='ltr'>Α</span> <span class='ocrx_word' id='word_1_408' title='bbox 646 2161 667 2186; x_wconf 84' lang='lat' dir='ltr'>T</span> <span class='ocrx_word' id='word_1_409' title='bbox 684 2160 706 2183; x_wconf 74' lang='lat' dir='ltr'><strong>A</strong></span> <span class='ocrx_word' id='word_1_410' title='bbox 721 2158 756 2182; x_wconf 76' lang='lat' dir='ltr'>N.</span> 
     </span>
    </p>
   </div>
   <div class='ocr_carea' id='block_1_16' title="bbox 1381 2142 2404 2194">
    <p class='ocr_par' dir='ltr' id='par_1_22' title="bbox 1381 2142 2404 2194">
     <span class='ocr_line' id='line_1_59' title="bbox 1381 2142 2404 2194; baseline 0.004 -14"><span class='ocrx_word' id='word_1_411' title='bbox 1381 2154 1568 2194; x_wconf 66' lang='lat' dir='ltr'>tympana.</span> <span class='ocrx_word' id='word_1_412' title='bbox 1606 2145 1655 2182; x_wconf 87' lang='lat' dir='ltr'>Et</span> <span class='ocrx_word' id='word_1_413' title='bbox 1678 2142 1923 2192; x_wconf 68' lang='lat' dir='ltr'>cymbalistam</span> <span class='ocrx_word' id='word_1_414' title='bbox 1945 2142 2099 2181; x_wconf 86' lang='lat' dir='ltr'>dicimus</span> <span class='ocrx_word' id='word_1_415' title='bbox 2122 2146 2183 2193; x_wconf 90' lang='lat' dir='ltr'>qui</span> <span class='ocrx_word' id='word_1_416' title='bbox 2207 2146 2404 2192; x_wconf 57' lang='lat' dir='ltr'>cymbalis,</span> 
     </span>
    </p>
   </div>
   <div class='ocr_carea' id='block_1_17' title="bbox 335 2193 2404 2249">
    <p class='ocr_par' dir='ltr' id='par_1_23' title="bbox 335 2193 2404 2249">
     <span class='ocr_line' id='line_1_60' title="bbox 335 2193 2404 2249; baseline -0 -15"><span class='ocrx_word' id='word_1_417' title='bbox 335 2199 358 2234; x_wconf 94' lang='lat'><strong>6</strong></span> <span class='ocrx_word' id='word_1_418' title='bbox 387 2196 662 2249; x_wconf 82' lang='lat' dir='ltr'>Excipiantur.]</span> <span class='ocrx_word' id='word_1_419' title='bbox 692 2196 855 2246; x_wconf 80' lang='lat' dir='ltr'>Excipere</span> <span class='ocrx_word' id='word_1_420' title='bbox 876 2193 924 2232; x_wconf 91' lang='lat' dir='ltr'>est</span> <span class='ocrx_word' id='word_1_421' title='bbox 945 2204 1023 2231; x_wconf 89' lang='lat' dir='ltr'>rem</span> <span class='ocrx_word' id='word_1_422' title='bbox 1045 2193 1088 2230; x_wconf 86' lang='lat' dir='ltr'>ab</span> <span class='ocrx_word' id='word_1_423' title='bbox 1110 2194 1183 2231; x_wconf 83' lang='lat' dir='ltr'>aliis</span> <span class='ocrx_word' id='word_1_424' title='bbox 1207 2205 1310 2242; x_wconf 83' lang='lat' dir='ltr'>prae-</span> <span class='ocrx_word' id='word_1_425' title='bbox 1346 2208 1350 2241; x_wconf 58' lang='lat' dir='ltr'><strong>q</strong></span> <span class='ocrx_word' id='word_1_426' title='bbox 1383 2193 1472 2232; x_wconf 86' lang='lat' dir='ltr'>ficut</span> <span class='ocrx_word' id='word_1_427' title='bbox 1494 2194 1748 2246; x_wconf 66' lang='lat' dir='ltr'>tympanistam</span> <span class='ocrx_word' id='word_1_428' title='bbox 1772 2195 1834 2244; x_wconf 90' lang='lat' dir='ltr'>qui</span> <span class='ocrx_word' id='word_1_429' title='bbox 1855 2195 2040 2243; x_wconf 88' lang='lat' dir='ltr'>tympanis</span> <span class='ocrx_word' id='word_1_430' title='bbox 2063 2196 2184 2233; x_wconf 86' lang='lat' dir='ltr'>utitur.</span> <span class='ocrx_word' id='word_1_431' title='bbox 2213 2196 2282 2233; x_wconf 71' lang='lat' dir='ltr'>CA</span> <span class='ocrx_word' id='word_1_432' title='bbox 2297 2211 2319 2235; x_wconf 77' lang='grc' dir='ltr'><strong><em>τ</em></strong></span> <span class='ocrx_word' id='word_1_433' title='bbox 2334 2208 2404 2234; x_wconf 74' lang='grc' dir='ltr'>ΑΝ.</span> 
     </span>
    </p>
   </div>
   <div class='ocr_carea' id='block_1_18' title="bbox 280 2245 1319 3052">
    <p class='ocr_par' dir='ltr' id='par_1_24' title="bbox 280 2245 1315 2744">
     <span class='ocr_line' id='line_1_61' title="bbox 280 2245 1311 2298; baseline -0.005 -10"><span class='ocrx_word' id='word_1_434' title='bbox 280 2248 500 2288; x_wconf 69' lang='lat' dir='ltr'>&#39;nunciatam</span> <span class='ocrx_word' id='word_1_435' title='bbox 523 2250 653 2298; x_wconf 85' lang='lat' dir='ltr'>pariter</span> <span class='ocrx_word' id='word_1_436' title='bbox 676 2247 809 2286; x_wconf 89' lang='lat' dir='ltr'>referre</span> <span class='ocrx_word' id='word_1_437' title='bbox 832 2246 890 2283; x_wconf 81' lang='lat' dir='ltr'>vel</span> <span class='ocrx_word' id='word_1_438' title='bbox 912 2245 1061 2283; x_wconf 85' lang='lat' dir='ltr'>scribere</span> <span class='ocrx_word' id='word_1_439' title='bbox 1086 2272 1095 2288; x_wconf 94' lang='lat'>,</span> <span class='ocrx_word' id='word_1_440' title='bbox 1135 2246 1173 2282; x_wconf 89' lang='lat'>&amp;</span> <span class='ocrx_word' id='word_1_441' title='bbox 1205 2254 1311 2283; x_wconf 82' lang='lat' dir='ltr'>nota-</span> 
     </span>
     <span class='ocr_line' id='line_1_62' title="bbox 287 2294 1312 2349; baseline -0.004 -12"><span class='ocrx_word' id='word_1_442' title='bbox 287 2300 356 2349; x_wconf 50' lang='lat' dir='ltr'>ress:</span> <span class='ocrx_word' id='word_1_443' title='bbox 424 2312 460 2339; x_wconf 91' lang='lat' dir='ltr'>er</span> <span class='ocrx_word' id='word_1_444' title='bbox 490 2298 762 2337; x_wconf 85' lang='lat' dir='ltr'>transsationem</span> <span class='ocrx_word' id='word_1_445' title='bbox 791 2296 944 2336; x_wconf 82' lang='lat' dir='ltr'>dicimus</span> <span class='ocrx_word' id='word_1_446' title='bbox 976 2303 1115 2344; x_wconf 80' lang='lat' dir='ltr'>excepta</span> <span class='ocrx_word' id='word_1_447' title='bbox 1145 2294 1312 2333; x_wconf 84' lang='lat' dir='ltr'>vulnera.</span> 
     </span>
     <span class='ocr_line' id='line_1_63' title="bbox 287 2345 1314 2398; baseline -0.004 -10"><span class='ocrx_word' id='word_1_448' title='bbox 287 2352 383 2389; x_wconf 79' lang='lat' dir='ltr'>inter</span> <span class='ocrx_word' id='word_1_449' title='bbox 411 2363 475 2389; x_wconf 88' lang='lat' dir='ltr'>um</span> <span class='ocrx_word' id='word_1_450' title='bbox 497 2358 622 2390; x_wconf 87' lang='lat' dir='ltr'>tamen</span> <span class='ocrx_word' id='word_1_451' title='bbox 646 2348 850 2398; x_wconf 78' lang='lat' dir='ltr'>simpliciter</span> <span class='ocrx_word' id='word_1_452' title='bbox 871 2358 938 2397; x_wconf 85' lang='lat' dir='ltr'>pro</span> <span class='ocrx_word' id='word_1_453' title='bbox 960 2345 1141 2395; x_wconf 81' lang='lat' dir='ltr'>suscipere.</span> <span class='ocrx_word' id='word_1_454' title='bbox 1163 2354 1204 2383; x_wconf 90' lang='lat' dir='ltr'>ut</span> <span class='ocrx_word' id='word_1_455' title='bbox 1221 2346 1314 2384; x_wconf 83' lang='lat' dir='ltr'>Cur-</span> 
     </span>
     <span class='ocr_line' id='line_1_64' title="bbox 288 2395 1312 2451; baseline -0.005 -12"><span class='ocrx_word' id='word_1_456' title='bbox 288 2403 359 2439; x_wconf 87' lang='lat' dir='ltr'>tius</span> <span class='ocrx_word' id='word_1_457' title='bbox 384 2430 394 2447; x_wconf 95' lang='lat'>,</span> <span class='ocrx_word' id='word_1_458' title='bbox 434 2405 575 2451; x_wconf 80' lang='lat' dir='ltr'>Legatos</span> <span class='ocrx_word' id='word_1_459' title='bbox 595 2401 639 2438; x_wconf 83' lang='lat' dir='ltr'>ab</span> <span class='ocrx_word' id='word_1_460' title='bbox 664 2399 875 2438; x_wconf 78' lang='lat' dir='ltr'>Alexandro</span> <span class='ocrx_word' id='word_1_461' title='bbox 895 2406 1048 2447; x_wconf 75' lang='lat' dir='ltr'>exceptos</span> <span class='ocrx_word' id='word_1_462' title='bbox 1073 2425 1083 2442; x_wconf 92' lang='lat'>‚</span> <span class='ocrx_word' id='word_1_463' title='bbox 1121 2395 1156 2434; x_wconf 80' lang='lat' dir='ltr'>id</span> <span class='ocrx_word' id='word_1_464' title='bbox 1181 2395 1229 2435; x_wconf 89' lang='lat' dir='ltr'><strong>est</strong></span> <span class='ocrx_word' id='word_1_465' title='bbox 1251 2398 1312 2435; x_wconf 87' lang='lat' dir='ltr'>ad-</span> 
     </span>
     <span class='ocr_line' id='line_1_65' title="bbox 290 2445 1310 2498; baseline -0.005 -10"><span class='ocrx_word' id='word_1_466' title='bbox 290 2451 422 2490; x_wconf 77' lang='lat' dir='ltr'>missos.</span> <span class='ocrx_word' id='word_1_467' title='bbox 447 2455 485 2491; x_wconf 83' lang='lat'>&amp;</span> <span class='ocrx_word' id='word_1_468' title='bbox 506 2453 596 2491; x_wconf 87' lang='lat' dir='ltr'>Plin.</span> <span class='ocrx_word' id='word_1_469' title='bbox 619 2451 735 2490; x_wconf 83' lang='lat' dir='ltr'>senior</span> <span class='ocrx_word' id='word_1_470' title='bbox 759 2448 935 2498; x_wconf 76' lang='lat' dir='ltr'>excipalas</span> <span class='ocrx_word' id='word_1_471' title='bbox 948 2455 1057 2485; x_wconf 84' lang='lat' dir='ltr'>vocat</span> <span class='ocrx_word' id='word_1_472' title='bbox 1071 2445 1181 2484; x_wconf 78' lang='lat' dir='ltr'>nassas</span> <span class='ocrx_word' id='word_1_473' title='bbox 1196 2476 1205 2492; x_wconf 88' lang='lat'><strong><em>‚</em></strong></span> <span class='ocrx_word' id='word_1_474' title='bbox 1233 2450 1310 2498; x_wconf 76' lang='lat' dir='ltr'>qui-</span> 
     </span>
     <span class='ocr_line' id='line_1_66' title="bbox 285 2499 1315 2552; baseline -0.003 -13"><span class='ocrx_word' id='word_1_475' title='bbox 285 2502 352 2540; x_wconf 88' lang='lat' dir='ltr'>bus</span> <span class='ocrx_word' id='word_1_476' title='bbox 385 2504 560 2551; x_wconf 75' lang='lat' dir='ltr'>anguillae</span> <span class='ocrx_word' id='word_1_477' title='bbox 582 2503 780 2552; x_wconf 67' lang='lat' dir='ltr'>capiuntur.</span> <span class='ocrx_word' id='word_1_478' title='bbox 820 2499 935 2537; x_wconf 67' lang='lat' dir='ltr'>lom.</span> <span class='ocrx_word' id='word_1_479' title='bbox 963 2499 1200 2546; x_wconf 35' lang='lat' dir='ltr'>Exciioiantur</span> <span class='ocrx_word' id='word_1_480' title='bbox 1223 2527 1234 2544; x_wconf 91' lang='lat'>‚</span> <span class='ocrx_word' id='word_1_481' title='bbox 1271 2500 1315 2537; x_wconf 83' lang='lat' dir='ltr'>ab</span> 
     </span>
     <span class='ocr_line' id='line_1_67' title="bbox 290 2549 1311 2591; baseline -0.002 -2"><span class='ocrx_word' id='word_1_482' title='bbox 290 2553 512 2591; x_wconf 74' lang='lat' dir='ltr'>auditoribus</span> <span class='ocrx_word' id='word_1_483' title='bbox 547 2553 715 2591; x_wconf 79' lang='lat' dir='ltr'>videlicet</span> <span class='ocrx_word' id='word_1_484' title='bbox 749 2551 937 2589; x_wconf 77' lang='lat' dir='ltr'>edentibus</span> <span class='ocrx_word' id='word_1_485' title='bbox 971 2549 1148 2586; x_wconf 80' lang='lat' dir='ltr'>clamores</span> <span class='ocrx_word' id='word_1_486' title='bbox 1174 2577 1183 2591; x_wconf 88' lang='lat'>‚</span> <span class='ocrx_word' id='word_1_487' title='bbox 1223 2549 1311 2587; x_wconf 88' lang='lat' dir='ltr'>dum</span> 
     </span>
     <span class='ocr_line' id='line_1_68' title="bbox 290 2599 1315 2653; baseline -0.001 -14"><span class='ocrx_word' id='word_1_488' title='bbox 290 2603 439 2641; x_wconf 82' lang='lat' dir='ltr'>laudant</span> <span class='ocrx_word' id='word_1_489' title='bbox 473 2606 510 2642; x_wconf 86' lang='lat'>&amp;</span> <span class='ocrx_word' id='word_1_490' title='bbox 542 2603 755 2653; x_wconf 79' lang='lat' dir='ltr'>adprobant.</span> <span class='ocrx_word' id='word_1_491' title='bbox 813 2603 923 2650; x_wconf 85' lang='lat' dir='ltr'>Supra</span> <span class='ocrx_word' id='word_1_492' title='bbox 949 2613 956 2637; x_wconf 90' lang='lat'>:</span> <span class='ocrx_word' id='word_1_493' title='bbox 995 2599 1128 2648; x_wconf 82' lang='lat' dir='ltr'>infiniti</span> <span class='ocrx_word' id='word_1_494' title='bbox 1148 2599 1315 2638; x_wconf 76' lang='lat' dir='ltr'>clamores</span> 
     </span>
     <span class='ocr_line' id='line_1_69' title="bbox 287 2653 1315 2703; baseline 0 -13"><span class='ocrx_word' id='word_1_495' title='bbox 287 2665 565 2694; x_wconf 75' lang='lat' dir='ltr'>commoventur.</span> <span class='ocrx_word' id='word_1_496' title='bbox 619 2655 727 2703; x_wconf 82' lang='lat' dir='ltr'>Quae</span> <span class='ocrx_word' id='word_1_497' title='bbox 748 2654 807 2690; x_wconf 86' lang='lat' dir='ltr'>hic</span> <span class='ocrx_word' id='word_1_498' title='bbox 832 2653 1034 2690; x_wconf 83' lang='lat' dir='ltr'>Catanaeus</span> <span class='ocrx_word' id='word_1_499' title='bbox 1057 2658 1162 2689; x_wconf 83' lang='lat' dir='ltr'>notat</span> <span class='ocrx_word' id='word_1_500' title='bbox 1177 2679 1186 2697; x_wconf 89' lang='lat'>‚</span> <span class='ocrx_word' id='word_1_501' title='bbox 1213 2653 1315 2701; x_wconf 84' lang='lat' dir='ltr'>pretii</span> 
     </span>
     <span class='ocr_line' id='line_1_70' title="bbox 289 2705 1297 2744; baseline -0.005 -3"><span class='ocrx_word' id='word_1_502' title='bbox 289 2707 419 2744; x_wconf 77' lang='lat' dir='ltr'>nullius</span> <span class='ocrx_word' id='word_1_503' title='bbox 440 2705 530 2743; x_wconf 84' lang='lat' dir='ltr'>sunt.</span> <span class='ocrx_word' id='word_1_504' title='bbox 559 2706 776 2743; x_wconf 57' lang='lat' dir='ltr'>Senam-211.</span> <span class='ocrx_word' id='word_1_505' title='bbox 1296 2733 1297 2736; x_wconf 75' lang='grc'>,</span> 
     </span>
    </p>

    <p class='ocr_par' dir='ltr' id='par_1_25' title="bbox 293 2751 1319 3052">
     <span class='ocr_line' id='line_1_71' title="bbox 345 2751 1315 2805; baseline -0.002 -13"><span class='ocrx_word' id='word_1_506' title='bbox 345 2768 363 2801; x_wconf 92' lang='lat'>7</span> <span class='ocrx_word' id='word_1_507' title='bbox 396 2761 452 2792; x_wconf 83' lang='lat' dir='ltr'>Ac</span> <span class='ocrx_word' id='word_1_508' title='bbox 470 2754 586 2805; x_wconf 58' lang='lat' dir='ltr'>sola]</span> <span class='ocrx_word' id='word_1_509' title='bbox 628 2756 732 2793; x_wconf 82' lang='lat' dir='ltr'>Haec</span> <span class='ocrx_word' id='word_1_510' title='bbox 757 2752 803 2791; x_wconf 87' lang='lat' dir='ltr'>est</span> <span class='ocrx_word' id='word_1_511' title='bbox 820 2753 931 2790; x_wconf 68' lang='lat' dir='ltr'>lectio</span> <span class='ocrx_word' id='word_1_512' title='bbox 954 2753 1057 2791; x_wconf 89' lang='lat' dir='ltr'>Vett.</span> <span class='ocrx_word' id='word_1_513' title='bbox 1080 2751 1161 2790; x_wconf 87' lang='lat' dir='ltr'>edd.</span> <span class='ocrx_word' id='word_1_514' title='bbox 1184 2754 1222 2791; x_wconf 90' lang='lat'>&amp;</span> <span class='ocrx_word' id='word_1_515' title='bbox 1242 2754 1315 2791; x_wconf 86' lang='lat' dir='ltr'>Pal.</span> 
     </span>
     <span class='ocr_line' id='line_1_72' title="bbox 295 2803 1316 2855; baseline 0 -14"><span class='ocrx_word' id='word_1_516' title='bbox 295 2805 510 2844; x_wconf 75' lang='lat' dir='ltr'>Posteriores</span> <span class='ocrx_word' id='word_1_517' title='bbox 531 2806 741 2855; x_wconf 66' lang='lat' dir='ltr'>adjecerunt</span> <span class='ocrx_word' id='word_1_518' title='bbox 765 2815 899 2841; x_wconf 85' lang='lat' dir='ltr'>vocem</span> <span class='ocrx_word' id='word_1_519' title='bbox 928 2807 980 2840; x_wconf 87' lang='lat' dir='ltr'>Ac</span> <span class='ocrx_word' id='word_1_520' title='bbox 1002 2803 1116 2853; x_wconf 84' lang='lat' dir='ltr'>potius</span> <span class='ocrx_word' id='word_1_521' title='bbox 1128 2803 1205 2852; x_wconf 89' lang='lat' dir='ltr'>sola</span> <span class='ocrx_word' id='word_1_522' title='bbox 1219 2815 1316 2852; x_wconf 73' lang='lat' dir='ltr'>cym-</span> 
     </span>
     <span class='ocr_line' id='line_1_73' title="bbox 295 2853 1316 2898; baseline 0.001 -9"><span class='ocrx_word' id='word_1_523' title='bbox 295 2853 378 2889; x_wconf 74' lang='lat' dir='ltr'>bala</span> <span class='ocrx_word' id='word_1_524' title='bbox 395 2883 404 2898; x_wconf 93' lang='lat'>,</span> <span class='ocrx_word' id='word_1_525' title='bbox 431 2856 504 2892; x_wconf 54' lang='lat' dir='ltr'>&#39;cyon</span> <span class='ocrx_word' id='word_1_526' title='bbox 535 2858 669 2892; x_wconf 50' lang='lat' dir='ltr'>Natam</span> <span class='ocrx_word' id='word_1_527' title='bbox 694 2858 729 2892; x_wconf 84' lang='lat' dir='ltr'>in</span> <span class='ocrx_word' id='word_1_528' title='bbox 742 2854 887 2892; x_wconf 82' lang='lat' dir='ltr'>officina</span> <span class='ocrx_word' id='word_1_529' title='bbox 903 2855 985 2892; x_wconf 83' lang='lat' dir='ltr'>Aldi</span> <span class='ocrx_word' id='word_1_530' title='bbox 1002 2855 1169 2891; x_wconf 83' lang='lat' dir='ltr'>Manutii.</span> <span class='ocrx_word' id='word_1_531' title='bbox 1199 2856 1316 2892; x_wconf 73' lang='lat' dir='ltr'>Gau-</span> 
     </span>
     <span class='ocr_line' id='line_1_74' title="bbox 297 2904 1317 2954; baseline 0.001 -13"><span class='ocrx_word' id='word_1_532' title='bbox 297 2916 387 2941; x_wconf 66' lang='grc' dir='ltr'>τειι.</span> <span class='ocrx_word' id='word_1_533' title='bbox 418 2904 574 2941; x_wconf 67' lang='lat' dir='ltr'>Mssnime</span> <span class='ocrx_word' id='word_1_534' title='bbox 600 2905 712 2942; x_wconf 67' lang='lat' dir='ltr'>Aldus</span> <span class='ocrx_word' id='word_1_535' title='bbox 737 2907 940 2954; x_wconf 72' lang='lat' dir='ltr'>procreavit</span> <span class='ocrx_word' id='word_1_536' title='bbox 975 2906 1146 2943; x_wconf 73' lang='lat' dir='ltr'>voculam</span> <span class='ocrx_word' id='word_1_537' title='bbox 1178 2906 1317 2954; x_wconf 77' lang='lat' dir='ltr'>potius,</span> 
     </span>
     <span class='ocr_line' id='line_1_75' title="bbox 293 2953 1317 3000; baseline 0.001 -9"><span class='ocrx_word' id='word_1_538' title='bbox 293 2953 356 2992; x_wconf 71' lang='lat' dir='ltr'>scd</span> <span class='ocrx_word' id='word_1_539' title='bbox 380 2965 420 2990; x_wconf 62' lang='lat' dir='ltr'>ca</span> <span class='ocrx_word' id='word_1_540' title='bbox 443 2953 551 2990; x_wconf 55' lang='lat' dir='ltr'>exilit</span> <span class='ocrx_word' id='word_1_541' title='bbox 576 2956 609 2991; x_wconf 87' lang='lat' dir='ltr'>in</span> <span class='ocrx_word' id='word_1_542' title='bbox 634 2957 835 2992; x_wconf 67' lang='lat' dir='ltr'>veterrimis</span> <span class='ocrx_word' id='word_1_543' title='bbox 863 2957 1083 2993; x_wconf 79' lang='lat' dir='ltr'>membranis</span> <span class='ocrx_word' id='word_1_544' title='bbox 1114 2955 1317 3000; x_wconf 72' lang='lat' dir='ltr'>Mediceis,</span> 
     </span>
     <span class='ocr_line' id='line_1_76' title="bbox 296 3001 1319 3052; baseline 0.005 -13"><span class='ocrx_word' id='word_1_545' title='bbox 296 3001 398 3039; x_wconf 73' lang='lat' dir='ltr'>Vols</span> <span class='ocrx_word' id='word_1_546' title='bbox 416 3003 719 3038; x_wconf 64' lang='lat' dir='ltr'>Ritcard.(&#39;)x‹›n.</span> <span class='ocrx_word' id='word_1_547' title='bbox 744 3006 782 3040; x_wconf 50' lang='grc' dir='ltr'>ἃς</span> <span class='ocrx_word' id='word_1_548' title='bbox 806 3005 972 3052; x_wconf 78' lang='lat' dir='ltr'>Bongari&#39;.</span> <span class='ocrx_word' id='word_1_549' title='bbox 1006 3008 1242 3043; x_wconf 71' lang='lat' dir='ltr'>Recentiores</span> <span class='ocrx_word' id='word_1_550' title='bbox 1277 3018 1319 3043; x_wconf 91' lang='lat' dir='ltr'>o-</span> 
     </span>
    </p>
   </div>
   <div class='ocr_carea' id='block_1_19' title="bbox 298 3048 2340 3104">
    <p class='ocr_par' dir='ltr' id='par_1_26' title="bbox 298 3048 2340 3104">
     <span class='ocr_line' id='line_1_77' title="bbox 298 3048 2340 3104; baseline -0.002 -15"><span class='ocrx_word' id='word_1_551' title='bbox 298 3052 470 3093; x_wconf 80' lang='lat' dir='ltr'>miserunt</span> <span class='ocrx_word' id='word_1_552' title='bbox 497 3081 506 3097; x_wconf 94' lang='lat'>,</span> <span class='ocrx_word' id='word_1_553' title='bbox 546 3054 853 3101; x_wconf 66' lang='lat' dir='ltr'>quiaignorarunt</span> <span class='ocrx_word' id='word_1_554' title='bbox 871 3056 987 3093; x_wconf 76' lang='lat' dir='ltr'>Plinio</span> <span class='ocrx_word' id='word_1_555' title='bbox 1012 3059 1202 3104; x_wconf 64' lang='lat' dir='ltr'>propi-mm</span> <span class='ocrx_word' id='word_1_556' title='bbox 1226 3054 1320 3101; x_wconf 70' lang='lat' dir='ltr'>effe,</span> <span class='ocrx_word' id='word_1_557' title='bbox 1397 3048 1729 3103; x_wconf 77' lang='lat' dir='ltr'>&amp;interpositione</span> <span class='ocrx_word' id='word_1_558' title='bbox 1756 3049 1841 3097; x_wconf 35' lang='lat' dir='ltr'>im)</span> <span class='ocrx_word' id='word_1_559' title='bbox 1868 3048 2094 3088; x_wconf 66' lang='lat' dir='ltr'>deductum:</span> <span class='ocrx_word' id='word_1_560' title='bbox 2123 3050 2340 3089; x_wconf 82' lang='lat' dir='ltr'>baccharum</span> 
     </span>
    </p>
   </div>
   <div class='ocr_carea' id='block_1_20' title="bbox 1383 2245 2415 3048">
    <p class='ocr_par' dir='ltr' id='par_1_27' title="bbox 1385 2245 1976 2285">
     <span class='ocr_line' id='line_1_78' title="bbox 1385 2245 1976 2285; baseline -0.003 -2"><span class='ocrx_word' id='word_1_561' title='bbox 1385 2245 1497 2283; x_wconf 86' lang='lat' dir='ltr'>Conf.</span> <span class='ocrx_word' id='word_1_562' title='bbox 1523 2246 1689 2285; x_wconf 88' lang='lat' dir='ltr'>Turneb.</span> <span class='ocrx_word' id='word_1_563' title='bbox 1713 2245 1811 2283; x_wconf 85' lang='lat' dir='ltr'>Adv.</span> <span class='ocrx_word' id='word_1_564' title='bbox 1833 2245 1976 2283; x_wconf 85' lang='lat' dir='ltr'><strong>XXVI.</strong></span> 
     </span>
    </p>

    <p class='ocr_par' dir='ltr' id='par_1_28' title="bbox 1383 2295 2404 2849">
     <span class='ocr_line' id='line_1_79' title="bbox 1432 2295 2399 2347; baseline -0.002 -13"><span class='ocrx_word' id='word_1_565' title='bbox 1432 2309 1455 2345; x_wconf 93' lang='lat'><strong>9</strong></span> <span class='ocrx_word' id='word_1_566' title='bbox 1484 2295 1712 2347; x_wconf 58' lang='lat' dir='ltr'>Tympana]</span> <span class='ocrx_word' id='word_1_567' title='bbox 1742 2297 1872 2334; x_wconf 82' lang='lat' dir='ltr'>Bellica</span> <span class='ocrx_word' id='word_1_568' title='bbox 1897 2296 2077 2334; x_wconf 88' lang='lat' dir='ltr'>Indorum</span> <span class='ocrx_word' id='word_1_569' title='bbox 2089 2296 2322 2341; x_wconf 86' lang='lat' dir='ltr'>instrumenta</span> <span class='ocrx_word' id='word_1_570' title='bbox 2334 2306 2399 2345; x_wconf 89' lang='lat' dir='ltr'>pro</span> 
     </span>
     <span class='ocr_line' id='line_1_80' title="bbox 1383 2346 2397 2398; baseline -0.001 -16"><span class='ocrx_word' id='word_1_571' title='bbox 1383 2347 1475 2386; x_wconf 88' lang='lat' dir='ltr'>tubis</span> <span class='ocrx_word' id='word_1_572' title='bbox 1490 2376 1500 2392; x_wconf 92' lang='lat'>,</span> <span class='ocrx_word' id='word_1_573' title='bbox 1528 2350 1592 2398; x_wconf 88' lang='lat' dir='ltr'>qui</span> <span class='ocrx_word' id='word_1_574' title='bbox 1615 2351 1654 2386; x_wconf 89' lang='lat' dir='ltr'>in</span> <span class='ocrx_word' id='word_1_575' title='bbox 1677 2351 1763 2386; x_wconf 82' lang='lat' dir='ltr'>ae‘re</span> <span class='ocrx_word' id='word_1_576' title='bbox 1782 2346 1942 2396; x_wconf 78' lang='lat' dir='ltr'>suspensa</span> <span class='ocrx_word' id='word_1_577' title='bbox 1951 2347 2091 2386; x_wconf 87' lang='lat' dir='ltr'>scuticis</span> <span class='ocrx_word' id='word_1_578' title='bbox 2105 2347 2397 2388; x_wconf 83' lang='lat' dir='ltr'>diverberabant‚</span> 
     </span>
     <span class='ocr_line' id='line_1_81' title="bbox 1385 2395 2398 2449; baseline -0.002 -16"><span class='ocrx_word' id='word_1_579' title='bbox 1385 2398 1483 2436; x_wconf 89' lang='lat' dir='ltr'>unde</span> <span class='ocrx_word' id='word_1_580' title='bbox 1502 2398 1706 2437; x_wconf 88' lang='lat' dir='ltr'>horrendus</span> <span class='ocrx_word' id='word_1_581' title='bbox 1719 2397 1870 2449; x_wconf 81' lang='lat' dir='ltr'>quidam</span> <span class='ocrx_word' id='word_1_582' title='bbox 1881 2396 2016 2436; x_wconf 73' lang='lat' dir='ltr'>sonitus</span> <span class='ocrx_word' id='word_1_583' title='bbox 2030 2399 2271 2437; x_wconf 82' lang='lat' dir='ltr'>emittebatur.</span> <span class='ocrx_word' id='word_1_584' title='bbox 2299 2395 2398 2432; x_wconf 90' lang='lat' dir='ltr'>Con-</span> 
     </span>
     <span class='ocr_line' id='line_1_82' title="bbox 1385 2444 2398 2498; baseline 0 -11"><span class='ocrx_word' id='word_1_585' title='bbox 1385 2447 1596 2487; x_wconf 85' lang='lat' dir='ltr'>ficiebantur</span> <span class='ocrx_word' id='word_1_586' title='bbox 1627 2459 1753 2487; x_wconf 85' lang='lat' dir='ltr'>autem</span> <span class='ocrx_word' id='word_1_587' title='bbox 1787 2460 1832 2487; x_wconf 81' lang='lat' dir='ltr'>ex</span> <span class='ocrx_word' id='word_1_588' title='bbox 1863 2456 1995 2487; x_wconf 79' lang='lat' dir='ltr'>trunco</span> <span class='ocrx_word' id='word_1_589' title='bbox 2028 2450 2152 2489; x_wconf 83' lang='lat' dir='ltr'>abietis</span> <span class='ocrx_word' id='word_1_590' title='bbox 2181 2453 2307 2483; x_wconf 85' lang='lat' dir='ltr'>cavato</span> <span class='ocrx_word' id='word_1_591' title='bbox 2328 2444 2398 2498; x_wconf 64' lang='lat'>911·</span> 
     </span>
     <span class='ocr_line' id='line_1_83' title="bbox 1385 2497 2395 2541; baseline -0.004 -4"><span class='ocrx_word' id='word_1_592' title='bbox 1385 2499 1499 2538; x_wconf 85' lang='lat' dir='ltr'>chalci</span> <span class='ocrx_word' id='word_1_593' title='bbox 1520 2501 1804 2540; x_wconf 86' lang='lat' dir='ltr'>tintinnabulum</span> <span class='ocrx_word' id='word_1_594' title='bbox 1827 2500 1924 2537; x_wconf 84' lang='lat' dir='ltr'>ineo</span> <span class='ocrx_word' id='word_1_595' title='bbox 1938 2501 2177 2541; x_wconf 86' lang='lat' dir='ltr'>collocantes,</span> <span class='ocrx_word' id='word_1_596' title='bbox 2205 2497 2395 2533; x_wconf 83' lang='lat' dir='ltr'>&amp;taurmo</span> 
     </span>
     <span class='ocr_line' id='line_1_84' title="bbox 1387 2541 2398 2600; baseline -0.007 -13"><span class='ocrx_word' id='word_1_597' title='bbox 1387 2553 1489 2588; x_wconf 88' lang='lat' dir='ltr'>corio</span> <span class='ocrx_word' id='word_1_598' title='bbox 1522 2553 1835 2600; x_wconf 79' lang='lat' dir='ltr'>circumtegentes.</span> <span class='ocrx_word' id='word_1_599' title='bbox 1890 2551 1995 2588; x_wconf 89' lang='lat' dir='ltr'>Haec</span> <span class='ocrx_word' id='word_1_600' title='bbox 2023 2551 2060 2587; x_wconf 92' lang='lat' dir='ltr'>in</span> <span class='ocrx_word' id='word_1_601' title='bbox 2083 2555 2215 2596; x_wconf 81' lang='lat' dir='ltr'>pugnas</span> <span class='ocrx_word' id='word_1_602' title='bbox 2235 2543 2322 2582; x_wconf 80' lang='lat' dir='ltr'>elata</span> <span class='ocrx_word' id='word_1_603' title='bbox 2346 2541 2398 2580; x_wconf 78' lang='lat' dir='ltr'>fe-</span> 
     </span>
     <span class='ocr_line' id='line_1_85' title="bbox 1387 2591 2398 2651; baseline -0.01 -13"><span class='ocrx_word' id='word_1_604' title='bbox 1387 2601 1535 2647; x_wconf 82' lang='lat' dir='ltr'>rebant,</span> <span class='ocrx_word' id='word_1_605' title='bbox 1563 2614 1649 2639; x_wconf 87' lang='lat' dir='ltr'>cum</span> <span class='ocrx_word' id='word_1_606' title='bbox 1674 2614 1763 2640; x_wconf 85' lang='lat' dir='ltr'>vero</span> <span class='ocrx_word' id='word_1_607' title='bbox 1775 2601 1958 2651; x_wconf 81' lang='lat' dir='ltr'>strepitum</span> <span class='ocrx_word' id='word_1_608' title='bbox 1971 2600 2196 2638; x_wconf 77' lang='lat' dir='ltr'>maximum,</span> <span class='ocrx_word' id='word_1_609' title='bbox 2224 2601 2284 2630; x_wconf 89' lang='lat' dir='ltr'>aut</span> <span class='ocrx_word' id='word_1_610' title='bbox 2296 2591 2398 2640; x_wconf 80' lang='lat' dir='ltr'>{igno</span> 
     </span>
     <span class='ocr_line' id='line_1_86' title="bbox 1389 2642 2399 2702; baseline -0.009 -14"><span class='ocrx_word' id='word_1_611' title='bbox 1389 2653 1523 2702; x_wconf 82' lang='lat' dir='ltr'>aliquid</span> <span class='ocrx_word' id='word_1_612' title='bbox 1546 2652 1742 2701; x_wconf 82' lang='lat' dir='ltr'>significare</span> <span class='ocrx_word' id='word_1_613' title='bbox 1766 2653 1936 2690; x_wconf 79' lang='lat' dir='ltr'>volebant</span> <span class='ocrx_word' id='word_1_614' title='bbox 1958 2679 1968 2695; x_wconf 93' lang='lat'>‚</span> <span class='ocrx_word' id='word_1_615' title='bbox 1997 2651 2246 2699; x_wconf 81' lang='lat' dir='ltr'>convertentes</span> <span class='ocrx_word' id='word_1_616' title='bbox 2267 2642 2312 2679; x_wconf 84' lang='lat' dir='ltr'>ad</span> <span class='ocrx_word' id='word_1_617' title='bbox 2337 2655 2375 2680; x_wconf 78' lang='lat' dir='ltr'>os</span> <span class='ocrx_word' id='word_1_618' title='bbox 2390 2673 2399 2688; x_wconf 91' lang='lat'><strong><em>,</em></strong></span> 
     </span>
     <span class='ocr_line' id='line_1_87' title="bbox 1388 2703 2400 2750; baseline -0.007 -11"><span class='ocrx_word' id='word_1_619' title='bbox 1388 2703 1552 2750; x_wconf 86' lang='lat' dir='ltr'>ligneum</span> <span class='ocrx_word' id='word_1_620' title='bbox 1583 2715 1646 2741; x_wconf 63' lang='lat' dir='ltr'>vas</span> <span class='ocrx_word' id='word_1_621' title='bbox 1677 2703 1932 2742; x_wconf 78' lang='lat' dir='ltr'>concutiebant</span> <span class='ocrx_word' id='word_1_622' title='bbox 1955 2713 1963 2737; x_wconf 93' lang='lat'>:</span> <span class='ocrx_word' id='word_1_623' title='bbox 2000 2705 2035 2734; x_wconf 87' lang='lat' dir='ltr'>at</span> <span class='ocrx_word' id='word_1_624' title='bbox 2056 2706 2149 2744; x_wconf 74' lang='lat' dir='ltr'>quac</span> <span class='ocrx_word' id='word_1_625' title='bbox 2172 2706 2208 2731; x_wconf 76' lang='grc' dir='ltr'>ιιι</span> <span class='ocrx_word' id='word_1_626' title='bbox 2231 2705 2400 2749; x_wconf 45' lang='grc' dir='ltr'>ςοριιιηῖ</span> 
     </span>
     <span class='ocr_line' id='line_1_88' title="bbox 1391 2744 2403 2796; baseline -0.009 -6"><span class='ocrx_word' id='word_1_627' title='bbox 1391 2755 1628 2793; x_wconf 79' lang='lat' dir='ltr'>tintinnabula</span> <span class='ocrx_word' id='word_1_628' title='bbox 1650 2754 1763 2791; x_wconf 82' lang='lat' dir='ltr'>multa</span> <span class='ocrx_word' id='word_1_629' title='bbox 1788 2780 1798 2796; x_wconf 93' lang='lat'>‚</span> <span class='ocrx_word' id='word_1_630' title='bbox 1837 2754 1875 2789; x_wconf 69' lang='grc' dir='ltr'>ὅ(</span> <span class='ocrx_word' id='word_1_631' title='bbox 1896 2757 2024 2796; x_wconf 81' lang='lat' dir='ltr'>magna</span> <span class='ocrx_word' id='word_1_632' title='bbox 2043 2747 2081 2784; x_wconf 90' lang='lat' dir='ltr'>in</span> <span class='ocrx_word' id='word_1_633' title='bbox 2102 2744 2202 2782; x_wconf 76' lang='lat' dir='ltr'>arc&#39;to</span> <span class='ocrx_word' id='word_1_634' title='bbox 2235 2748 2403 2782; x_wconf 81' lang='lat' dir='ltr'>reionan-</span> 
     </span>
     <span class='ocr_line' id='line_1_89' title="bbox 1390 2795 2404 2849; baseline -0.01 -8"><span class='ocrx_word' id='word_1_635' title='bbox 1390 2805 1437 2843; x_wconf 84' lang='lat' dir='ltr'>tia</span> <span class='ocrx_word' id='word_1_636' title='bbox 1453 2833 1463 2849; x_wconf 91' lang='lat'>,</span> <span class='ocrx_word' id='word_1_637' title='bbox 1492 2806 1585 2843; x_wconf 87' lang='lat' dir='ltr'>intus</span> <span class='ocrx_word' id='word_1_638' title='bbox 1608 2805 1798 2842; x_wconf 72' lang='lat' dir='ltr'>obscurum</span> <span class='ocrx_word' id='word_1_639' title='bbox 1821 2798 2001 2848; x_wconf 79' lang='lat' dir='ltr'>quendam</span> <span class='ocrx_word' id='word_1_640' title='bbox 2024 2795 2182 2833; x_wconf 83' lang='lat' dir='ltr'>sonitum</span> <span class='ocrx_word' id='word_1_641' title='bbox 2206 2795 2404 2832; x_wconf 69' lang='lat' dir='ltr'>faciebant:</span> 
     </span>
    </p>

    <p class='ocr_par' dir='ltr' id='par_1_29' title="bbox 1393 2845 2415 3048">
     <span class='ocr_line' id='line_1_90' title="bbox 1420 2845 2408 2902; baseline -0.011 -10"><span class='ocrx_word' id='word_1_642' title='bbox 1420 2867 1506 2892; x_wconf 89' lang='lat' dir='ltr'>uem</span> <span class='ocrx_word' id='word_1_643' title='bbox 1528 2857 1670 2902; x_wconf 81' lang='lat' dir='ltr'>mugitu</span> <span class='ocrx_word' id='word_1_644' title='bbox 1693 2863 1769 2889; x_wconf 86' lang='lat' dir='ltr'>non</span> <span class='ocrx_word' id='word_1_645' title='bbox 1791 2847 1992 2887; x_wconf 85' lang='lat' dir='ltr'>dissimilem</span> <span class='ocrx_word' id='word_1_646' title='bbox 2014 2845 2120 2895; x_wconf 72' lang='lat' dir='ltr'>liujus</span> <span class='ocrx_word' id='word_1_647' title='bbox 2144 2847 2193 2884; x_wconf 90' lang='lat' dir='ltr'>rei</span> <span class='ocrx_word' id='word_1_648' title='bbox 2215 2847 2324 2894; x_wconf 78' lang='lat' dir='ltr'>ignari</span> <span class='ocrx_word' id='word_1_649' title='bbox 2339 2845 2408 2883; x_wconf 75' lang='lat' dir='ltr'>dif-</span> 
     </span>
     <span class='ocr_line' id='line_1_91' title="bbox 1393 2869 2410 2953; baseline -0.01 -11"><span class='ocrx_word' id='word_1_650' title='bbox 1393 2869 1485 2944; x_wconf 65' lang='lat' dir='ltr'>iicile</span> <span class='ocrx_word' id='word_1_651' title='bbox 1518 2911 1686 2953; x_wconf 85' lang='lat' dir='ltr'>poterant</span> <span class='ocrx_word' id='word_1_652' title='bbox 1719 2900 1914 2936; x_wconf 79' lang='lat' dir='ltr'>discerncre</span> <span class='ocrx_word' id='word_1_653' title='bbox 1947 2895 2173 2934; x_wconf 83' lang='lat' dir='ltr'>instrumenti</span> <span class='ocrx_word' id='word_1_654' title='bbox 2203 2907 2247 2933; x_wconf 88' lang='lat' dir='ltr'>an</span> <span class='ocrx_word' id='word_1_655' title='bbox 2282 2897 2410 2934; x_wconf 79' lang='lat' dir='ltr'>belnae</span> 
     </span>
     <span class='ocr_line' id='line_1_92' title="bbox 1711 2945 2410 2997; baseline -0.003 -13"><span class='ocrx_word' id='word_1_656' title='bbox 1711 2948 1959 2985; x_wconf 77' lang='lat' dir='ltr'>Hammonius</span> <span class='ocrx_word' id='word_1_657' title='bbox 1988 2975 1997 2991; x_wconf 93' lang='lat'>‚</span> <span class='ocrx_word' id='word_1_658' title='bbox 2037 2956 2244 2997; x_wconf 70' lang='lat' dir='ltr'>tympanum</span> <span class='ocrx_word' id='word_1_659' title='bbox 2265 2945 2410 2995; x_wconf 78' lang='lat' dir='ltr'>pellibus</span> 
     </span>
     <span class='ocr_line' id='line_1_93' title="bbox 1834 2998 2415 3048; baseline -0.002 -15"><span class='ocrx_word' id='word_1_660' title='bbox 1834 2998 1867 3033; x_wconf 80' lang='lat' dir='ltr'>A</span> <span class='ocrx_word' id='word_1_661' title='bbox 1891 2998 2003 3035; x_wconf 78' lang='lat' dir='ltr'>verbo</span> <span class='ocrx_word' id='word_1_662' title='bbox 2025 3000 2143 3038; x_wconf 68' lang='grc' dir='ltr'><em>τύπἾω</em></span> <span class='ocrx_word' id='word_1_663' title='bbox 2180 3009 2389 3048; x_wconf 77' lang='lat' dir='ltr'>tympanum</span> <span class='ocrx_word' id='word_1_664' title='bbox 2405 3024 2415 3038; x_wconf 88' lang='lat'><strong><em>‚</em></strong></span> 
     </span>
    </p>
   </div>
   <div class='ocr_carea' id='block_1_21' title="bbox 1394 2953 1776 3048">
    <p class='ocr_par' dir='ltr' id='par_1_30' title="bbox 1394 2953 1776 3048">
     <span class='ocr_line' id='line_1_94' title="bbox 1394 2953 1655 2993; baseline -0.019 0"><span class='ocrx_word' id='word_1_665' title='bbox 1394 2957 1530 2993; x_wconf 88' lang='lat' dir='ltr'>ruditus</span> <span class='ocrx_word' id='word_1_666' title='bbox 1562 2953 1655 2989; x_wconf 87' lang='lat' dir='ltr'>esset.</span> 
     </span>
     <span class='ocr_line' id='line_1_95' title="bbox 1394 3000 1776 3048; baseline -0.018 -9"><span class='ocrx_word' id='word_1_667' title='bbox 1394 3005 1585 3041; x_wconf 71' lang='lat' dir='ltr'>contec&#39;lum</span> <span class='ocrx_word' id='word_1_668' title='bbox 1603 3000 1776 3048; x_wconf 62' lang='lat' dir='ltr'>pulfizrmz</span> 
     </span>
    </p>
   </div>
   <div class='ocr_carea' id='block_1_22' title="bbox 2341 3047 2454 3136">
    <p class='ocr_par' dir='ltr' id='par_1_31' title="bbox 2341 3047 2454 3136">
     <span class='ocr_line' id='line_1_96' title="bbox 2365 3047 2419 3084; baseline -0.056 0"><span class='ocrx_word' id='word_1_669' title='bbox 2365 3047 2419 3084; x_wconf 85' lang='lat' dir='ltr'>in-</span> 
     </span>
     <span class='ocr_line' id='line_1_97' title="bbox 2341 3097 2454 3136; baseline -0.018 -2"><span class='ocrx_word' id='word_1_670' title='bbox 2341 3097 2420 3136; x_wconf 52' lang='lat' dir='ltr'>stru‘</span> <span class='ocrx_word' id='word_1_671' title='bbox 2448 3121 2454 3124; x_wconf 82' lang='lat'><em>-</em></span> 
     </span>
    </p>
   </div>
  </div>
 </body>
</html>
