2616 3686
577 184 921 234 LIBER
989 185 1698 252 x.EP1.s'roLA
1761 192 1906 243 xix.
2203 215 2301 266 727

179 269 389 344 iquem
413 261 626 316 abunde
653 267 909 330 conipexi
945 268 964 291 ²
996 261 1307 316 instruRum
1332 267 1654 320 commilitio
1680 281 1777 322 tuo
1803 306 1819 331 ,
1861 271 2007 339 cujus
2040 279 2057 309 ³
2075 272 2302 345 discipli-

178 360 282 400 nae
308 337 468 403 debet
486 374 502 400 ‚
555 336 707 407 quod
730 335 1065 405 indulgentia
1093 350 1184 391 tua
1204 336 1395 406 dignus
1431 338 1520 393 est.
1597 341 1762 412 Apud
1792 360 1879 396 me
1903 350 1924 378 ⁴
1950 344 2003 397 &
2030 347 2221 400 milites
2246 347 2300 401 ὅ(
2319 366 2346 399 2.

177 414 370 488 pagani
400 449 417 475 ,
455 427 484 464 a
503 409 696 482 quibus
721 408 917 480 justitia
934 409 1050 480 ejus
1073 410 1128 464 &
1156 410 1455 466 humanitas
1474 414 1687 485 penitus
1713 415 1942 486 inspeeia
1977 416 2050 471 est
2072 458 2087 481 ,
2136 435 2305 475 certa«

184 491 285 543 tim
313 487 389 549 ei,
423 490 440 520 ⁵
465 501 569 556 qua
592 485 871 555 privatim,
913 501 1014 556 qua
1042 484 1252 556 publice
1276 486 1678 543 ‘testimonium
1701 490 2123 561 pertribuerunt.¹
2151 494 2303 566 quod

179 564 243 618 in
269 559 517 618 notitiam
544 571 691 613 tuam
716 558 931 630 perfero
958 576 1019 613 ea
1042 559 1180 623 fide,
1218 577 1381 632 quam
1407 561 1503 616 tibi
1528 562 1722 619 debeo,

406 703 1010 768 XIX.LXXXV111.
1090 707 1525 765 PLINIUS
1598 710 2099 782 TRAJANo.

854 849 1222 929 Nymphidium
1255 857 1462 930 Lupum
1482 857 1679 932 probat.

372 1000 732 1072 Ymphidium
761 1001 984 1074 Lupum
1009 1039 1025 1064 ,
1063 980 1304 1058 D⁵omine
1328 1044 1343 1068 ‚
1383 1010 1402 1043 ⁷
1425 1007 1802 1078 primipilarem
1823 1044 1837 1070 ,
1879 1008 2310 1066 commilitonem

373 1076 564 1140 habui,
608 1093 733 1129 cum
757 1076 867 1148 ipse
889 1075 1132 1130 tribunus
1162 1077 1318 1132 essem
1347 1118 1361 1140 ,
1414 1079 1498 1132 ille
1522 1082 1538 1109 ⁸
1562 1082 1858 1152 praefeffffls
1888 1102 1898 1137 :
1939 1083 2066 1137 inde
2093 1083 2311 1140 familia-

186 1156 320 1209 riter
338 1152 558 1222 diligere
580 1152 751 1221 coepi.
780 1158 798 1185 ⁹
817 1153 987 1205 crevit
1000 1149 1181 1222 postea
1200 1156 1389 1207 caritas
1407 1153 1510 1223 ipsa
1528 1158 1744 1211 mutuae
1759 1157 2016 1211 vetustate
2032 1160 2312 1214 amicitiae.

2212 1231 2312 1285 Ite-

1279 1313 1372 1354 nium
1390 1317 1645 1367 pertribuerunt
1665 1346 1676 1364 ,
1719 1322 1819 1371 quod
1841 1321 2015 1372 adprobo.
2057 1325 2179 1363 Verba
2212 1327 2309 1364 enim

188 1370 290 1420 zum]
330 1369 398 1408 Ed.
428 1368 572 1406 Veron.
600 1380 706 1416 quam
724 1381 764 1404 ea
791 1380 878 1417 quae
896 1369 1000 1416 speret
1020 1369 1223 1414 instructum
1277 1368 1332 1406 illa
1353 1379 1439 1405 cum
1460 1368 1726 1418 Praepofitione
1747 1379 1810 1410 Der
1829 1374 2030 1422 composita
2042 1376 2309 1415 universitatem

187 1433 220 1459 c.
246 1430 272 1458 t.
299 1420 548 1470 Alduszquam
569 1418 706 1455 abunde
723 1418 1000 1468 ea‚quaesperet
1019 1418 1222 1462 instructum
1281 1418 1475 1466 quamdam
1499 1447 1510 1464 ,
1549 1422 1588 1457 &
1607 1421 1708 1468 quod
1728 1422 1865 1461 fastum
1884 1423 1926 1461 fit
1944 1426 1987 1462 ab
2012 1426 2181 1464 omnibus
2206 1455 2216 1470 ‚
2243 1439 2314 1464 no.

185 1483 218 1509 c.
244 1480 273 1508 t.
302 1471 432 1518 Longe
455 1470 582 1506 melior
601 1468 650 1504 est
671 1468 1030 1516 Catanaei‚Gryphii
1051 1468 1224 1505 aliorum-
1253 1467 1258 1562 ,
1283 1477 1357 1506 tare
1381 1469 1503 1507 solent.
1530 1470 1586 1507 Sic
1604 1472 1752 1510 verbum
1770 1483 1949 1524 perrogare
1967 1487 2050 1513 cum
2072 1476 2151 1515 alibi
2172 1477 2313 1526 usurpat

188 1531 267 1569 que
285 1519 472 1568 scriptura,
500 1530 568 1555 nec
591 1526 776 1555 remotum
798 1519 903 1555 nimis
926 1519 995 1555 fuit
1014 1518 1154 1556 librariis
1172 1531 1218 1556 ex
1283 1519 1429 1562 auctor,
1456 1527 1536 1556 tum
1566 1520 1728 1560 Lib.IV.
1757 1525 1861 1572 Epist.
1882 1525 2000 1562 XXII.
2029 1537 2063 1563 n.
2077 1538 2110 1576 3.
2138 1528 2197 1566 ubi
2219 1528 2316 1568 vide.

197 1570 346 1619 conspexi
368 1571 484 1607 facere
511 1581 596 1618 quae
611 1566 726 1615 speret.
1280 1569 1368 1607 item
1383 1578 1538 1619 peragere
1551 1597 1560 1613 ,
1584 1576 1796 1619 pertrablare
1819 1575 1858 1612 &
1878 1576 1954 1613 alia.
1980 1576 2012 1612 C
2025 1589 2048 1612 ο
2064 1590 2086 1614 R
2102 1589 2170 1616 TE.

248 1631 285 1656 2.
316 1620 520 1667 Instructam
544 1617 738 1655 commilitio
759 1616 854 1666 tum]
884 1617 925 1655 ld
948 1618 996 1655 est
1016 1645 1026 1662 ,
1055 1630 1100 1656 ex
1119 1630 1220 1657 corn-
1338 1630 1371 1665 7.
1409 1620 1700 1672 primipilarem]
1745 1625 1799 1662 Ut
1823 1625 2022 1675 Consularis
2054 1627 2180 1665 dicitur
2203 1656 2214 1673 ,
2250 1631 2315 1678 qui

193 1670 330 1709 >militio
348 1679 415 1708 tuo
441 1698 447 1705 .
487 1668 562 1706 five
592 1669 673 1715 quia
703 1668 763 1704 sub
794 1676 830 1705 te
857 1667 1031 1706 militavit.
1059 1669 1223 1718 Sequitur
1282 1669 1506 1707 consulatum
1528 1672 1720 1719 aliquando
1742 1675 1870 1721 geffit:
1901 1678 1949 1713 ita
1972 1677 2196 1724 primipilaris
2215 1706 2224 1722 ‚
2250 1682 2315 1728 qui

196 1721 317 1758 enim:
348 1722 458 1770 Cujus
477 1718 670 1768 disciplinae
691 1718 809 1763 debet,
834 1729 904 1757 wc.
933 1719 1140 1756 commilitio
1159 1731 1221 1756 au-
1287 1720 1392 1767 primi
1424 1720 1484 1767 pili
1509 1731 1640 1758 munus
1669 1723 1931 1763 administravit.
1964 1726 2049 1764 Vid.
2075 1729 2160 1776 quid
2181 1729 2254 1766 hoc
2276 1730 2317 1769 fit

191 1777 274 1808 tem
294 1771 398 1815 dicit,
427 1770 526 1819 quod
548 1769 786 1818 Imperatores
810 1769 937 1806 milites
960 1769 1040 1806 suos
1071 1770 1221 1817 appella·
1287 1770 1380 1816 apud
1409 1770 1534 1819 Cujac.
1561 1772 1606 1809 ad
1627 1771 1681 1811 tit.
1705 1774 1751 1810 C.
1777 1774 1823 1813 de
1849 1777 2041 1824 primipilo.
2071 1778 2150 1817 Lib.
2167 1779 2252 1818 ΧΙΙ.
2279 1783 2319 1819 ὃς

191 1822 267 1858 turi
301 1822 480 1864 comiter,
521 1819 775 1857 commilitones
801 1818 946 1856 salutare
974 1819 1138 1857 solerent.
1166 1826 1224 1856 In·
1285 1820 1440 1867 Giphan.
1484 1821 1646 1859 nostrum
1682 1823 1727 1862 ad
1765 1826 1816 1864 tit.
1853 1826 1898 1864 C.
1933 1828 1993 1865 Ne
2020 1826 2084 1866 fil.
2115 1841 2182 1877 pro
2208 1839 2320 1878 patre,

192 1869 364 1917 strustus,
389 1871 426 1908 id
444 1871 515 1914 est,
541 1879 680 1919 paratus
699 1870 742 1907 ab
760 1870 797 1906 iis
819 1869 969 1912 artibus,
989 1881 1082 1918 quae
1104 1871 1223 1908 neces·
1287 1870 1437 1908 Gloffar.
1460 1880 1532 1909 vet.
1560 1876 1692 1919 πρῶτον
1719 1875 1798 1915 δόρυ
1822 1905 1832 1921 ,
1873 1877 2100 1925 Priinipilum.
2127 1884 2261 1927 πρῶτος
2287 1883 2316 1918 ἔ,

197 1920 304 1959 fatiae
322 1920 366 1959 ad
384 1920 551 1958 obeunda
570 1920 666 1972 recte
685 1920 765 1958 belli
785 1921 950 1969 pacisque
969 1921 1114 1969 negotia
1134 1921 1224 1959 sunt.
1256 1933 1257 1940 ¹
1285 1919 1403 1969 δόρατι
1420 1950 1430 1964 ,
1445 1921 1705 1972 primipilarius.
1733 1925 1939 1976 Utramque
1958 1928 2041 1966 hinc
2062 1928 2224 1968 discimus
2245 1940 2318 1970 ter-

202 1970 232 2009 B
246 1985 269 2008 u
285 1982 307 2007 c
318 1982 342 2006 Η
355 1984 377 2008 N
391 1983 413 2008 Ε
428 1985 465 2009 u.

245 1329 278 1358 1.
302 1320 417 1368 §Luem
449 1317 587 1355 abunde
617 1317 768 1365 conspexi
792 1316 997 1364 instruam
1030 1317 1221 1355 commilitio

1256 2011 1258 2021 .
1287 1973 1529 2010 minationem
1550 2001 1562 2018 ,
1601 1975 1830 2018 primipilaris
1849 1978 1886 2014 ὃς
1908 1978 2173 2029 Primipilarius.
2203 1982 2234 2019 R
2248 1994 2322 2021 11*-

255 2033 289 2072 3.
318 2021 566 2071 Disciplina]
594 2019 703 2058 Tuae
722 2019 884 2065 militari,
910 2031 1019 2069 quam
1041 2032 1136 2069 pene
1147 2021 1225 2070 post
1256 2024 1258 2064 ἓ
1288 2035 1311 2058 τ
1327 2034 1382 2060 ER
1397 2036 1412 2058 s
1426 2035 1451 2059 H
1466 2035 1490 2060 u
1505 2037 1536 2060 s.
1566 2024 1669 2073 Lege
1688 2055 1698 2070 ‚
1721 2038 1815 2076 quae
1838 2027 1994 2066 diximus
2014 2030 2058 2068 ad
2083 2030 2215 2070 Sallust.
2233 2032 2317 2083 Jug.

200 2070 406 2119 Augustum
424 2072 600 2122 abje&am
625 2071 801 2119 Traianus
817 2071 975 2109 restituit.
1001 2072 1032 2107 C
1048 2083 1068 2107 A
1082 2084 1101 2107 τ
1120 2084 1140 2107 Α
1156 2085 1192 2110 κ.
1257 2078 1258 2081 ’
1282 2084 1360 2122 cap.
1378 2073 1589 2112 XXXVIII.
1614 2088 1651 2113 n.
1674 2078 1698 2113 6

255 2133 287 2164 4.
319 2127 363 2158 Et
383 2123 525 2164 milites,
552 2131 593 2160 <9¹
611 2121 776 2170 pagani]
816 2121 877 2159 De
906 2122 959 2160 his
978 2121 1060 2161 vide
1081 2121 1126 2159 ad
1146 2123 1226 2160 Lib.
1258 2162 1259 2166 ,
1338 2123 1372 2160 8.
1401 2124 1630 2173 Ρναεῇέίιις.]
1662 2129 1857 2172 Praefectus
1877 2127 2020 2168 cohortis
2045 2147 2055 2167 .·
2082 2142 2195 2181 quem
2221 2134 2319 2174 ordi-

203 2171 291 2209 VII.
318 2171 425 2220 Epist.
441 2172 560 2210 XXV.
586 2183 621 2209 n.
646 2175 679 2210 ὢ.
1258 2168 1259 2178 ’
1286 2185 1374 2211 nem
1399 2176 1437 2211 ὃς
1458 2173 1548 2212 filius
1565 2176 1698 2215 habuit.
1748 2179 1798 2216 Et
1821 2179 1963 2217 cohortis
1986 2197 1997 2218 .·
2027 2180 2152 2220 scilicet
2173 2187 2322 2224 auxilia-

254 2234 288 2269 ς.
312 2223 397 2269 Qu
418 2223 585 2267 privatim
599 2234 687 2270 ,qua
705 2220 870 2272 publica]
901 2221 1038 2259 Eadem
1069 2222 1228 2260 formula
1288 2224 1343 2262 ris.
1369 2236 1455 2262 nam
1480 2223 1567 2262 ficut
1587 2228 1808 2276 Legionan'is
1829 2231 1972 2268 Tribuni
1995 2259 2004 2274 ‚
2032 2232 2077 2268 ita
2097 2235 2319 2275 auxiliaribus

203 2272 242 2309 δε
259 2272 338 2309 alibi
360 2273 409 2309 uti
431 2272 560 2320 gaudet
586 2272 734 2309 Plinius:
765 2279 804 2307 ut
827 2272 1047 2320 Panegyrico
1073 2284 1082 2310 t
1121 2275 1228 2311 Satis-
1291 2275 1456 2319 Praefecti
1481 2283 1592 2315 erant.
1629 2278 1655 2314 B
1671 2292 1691 2315 υ
1707 2289 1731 2314 c
1747 2291 1767 2315 Η
1784 2292 1807 2315 N
1822 2293 1842 2317 E
1858 2294 1895 2317 n.
1947 2281 2079 2329 Neque
2108 2284 2165 2321 hic
2197 2285 2321 2325 inutile

188 2323 335 2375 facium
356 2333 425 2370 qua
456 2323 582 2359 civium
611 2332 682 2370 qua
701 2320 870 2369 sociorum
903 2321 1126 2360 utilitatibus.
1180 2327 1227 2362 fit
1288 2326 1356 2362 erit
1373 2324 1593 2373 comparasse
1610 2354 1619 2369 ‚
1655 2339 1747 2376 quae
1769 2328 1813 2366 de
1835 2330 1973 2368 tribuno
1996 2333 2033 2369 ὅ(
2048 2335 2213 2380 praeficio
2234 2348 2323 2374 mo-

200 2373 266 2410 alia
287 2372 394 2420 Epist.
421 2372 694 2420 diflrii‘tiffimum
709 2371 806 2418 fuisse
823 2373 957 2419 negotiis
983 2400 992 2415 ‚
1019 2384 1088 2421 qua
1105 2375 1226 2421 priva·
1295 2376 1441 2412 nuimus
1466 2375 1511 2412 ad
1534 2376 1695 2425 ejusdem
1721 2379 1832 2426 Crispi
1852 2381 1932 2419 Cat.
1954 2393 2028 2430 cap.
2051 2383 2152 2422 LIX.
2179 2397 2213 2423 n.
2234 2388 2269 2423 6.

208 2423 251 2460 tis
272 2433 344 2471 qua
359 2421 508 2472 publicis.
561 2422 606 2458 Et
630 2421 735 2469 Epist.
759 2421 932 2459 XXXIII.
962 2422 1038 2459 Lib.
1061 2423 1129 2461 III.
1156 2436 1228 2472 qua
1347 2437 1382 2471 9.
1410 2427 1534 2463 Crevit
1567 2428 1678 2476 postea
1713 2431 1841 2468 caritas
1874 2431 1943 2480 ipsa
1980 2445 2123 2472 mutuae
2152 2438 2321 2486 vetustate

191 2473 372 2519 fiminae,
400 2484 469 2521 qua
489 2472 557 2509 viri
574 2470 821 2509 imminebant.
849 2472 1048 2509 rlautinum
1059 2474 1132 2510 hoc
1143 2473 1227 2520 effe,
1293 2476 1502 2526 amicitiae]
1533 2476 1678 2526 junge:
1712 2480 1784 2528 ipsa
1812 2481 1979 2528 vetustate
2001 2501 2011 2521 .-
2048 2496 2154 2531 non,
2191 2490 2320 2525 caritas

197 2533 328 2560 vverum
353 2522 479 2561 alicubi
497 2521 732 2571 depravatum
754 2549 763 2565 ,
802 2522 931 2559 monui
953 2523 1028 2570 jam
1066 2524 1152 2561 olim
1182 2526 1226 2563 ad
1292 2527 1376 2575 ipsa.
1408 2528 1512 2564 Latet
1537 2536 1658 2566 autern
1681 2530 1739 2567 hic
1760 2533 1976 2577 praeclarum
2001 2546 2133 2573 noema
2161 2549 2168 2572 :
2204 2537 2320 2575 Vete-

205 2573 382 2611 Guntheri
404 2574 563 2621 Ligurin.
616 2571 799 2619 Exemplis
817 2572 863 2609 ibi
883 2573 1061 2610 annotatis
1080 2573 1176 2611 addo
1190 2576 1228 2613 ὃς
1287 2587 1346 2613 Ἰτες
1365 2578 1505 2615 amicos
1525 2577 1595 2616 efl'e
1619 2580 1801 2627 optimos,
1828 2583 1866 2620 δε
1885 2583 2113 2624 diuturnitate
2133 2586 2200 2633 ipsa
2220 2595 2317 2624 tem-

199 2622 275 2660 ‘hoc
295 2624 578 2662 ciceronianum
601 2633 647 2660 ex
676 2622 753 2660 Lib.
774 2621 843 2659 III.
869 2622 913 2659 ad
932 2624 982 2668 Q.
997 2625 1074 2660 irat.
1086 2623 1190 2671 Epist.
1202 2626 1229 2663 I.
1289 2628 1384 2674 poris
1404 2629 1505 2666 velut
1527 2628 1685 2668 adultam
1719 2632 1900 2671 caritatem
1935 2637 2065 2683 augeri.
2117 2637 2233 2674 Placet
2255 2637 2314 2674 hic

201 2674 399 2721 'Topiarium
419 2672 580 2712 laudavi.
633 2678 691 2710 Ita
717 2672 832 2709 omnia
854 2671 1055 2711 convestivit
1078 2672 1228 2720 hedera,
1289 2676 1483 2734 adpingere
1512 2689 1620 2725 puros
1644 2681 1787 2725 lambos
1811 2711 1822 2727 ‚
1867 2685 1993 2732 quibus
2023 2694 2176 2733 quatuor
2199 2695 2318 2727 vetera

208 2732 278 2769 qua
298 2724 403 2776 basim
427 2724 533 2762 villae
554 2752 564 2768 ‚
602 2734 672 2772 qua
691 2722 950 2760 intercolumnia
972 2722 1229 2779 ambulationis.
1286 2739 1396 2766 ,novis
1412 2729 1562 2767 meliora
1584 2733 1796 2780 complexus
1815 2734 2009 2783 aliquando
2028 2737 2094 2774 fui.

208 2768 291 2809 ‘'Vid.
311 2776 346 2811 ὃ(
363 2774 570 2813 Taubman.
591 2774 699 2811 nostri
721 2773 808 2810 Not.
830 2772 875 2810 ad
895 2775 1007 2811 Plaut.
1028 2773 1106 2810 Mil.
1127 2775 1228 2813 Glor.

214 2819 296 2858 Aa.
318 2824 382 2860 lV.
408 2825 463 2862 Sc.
484 2825 548 2863 111.
575 2825 635 2862 R1
653 2835 747 2863 τΤε
766 2835 891 2860 Rsnu
907 2837 934 2861 s.
963 2825 1059 2860 Plura
1077 2823 1120 2861 ad
1148 2825 1224 2865 Lib.
1262 2819 1264 2896 j
1392 2828 1485 2867 Nion
1507 2831 1624 2867 παλαιῖ
1647 2829 1788 2876 ἀμείνον’
1812 2833 1863 2872 le}
1888 2832 2053 2882 τέσσαρα.

209 2867 281 2907 VI.
305 2872 407 2919 Epist.
426 2875 604 2912 XXVIII.
631 2887 668 2913 n.
698 2887 730 2912 1.
764 2878 918 2911 Tantum
939 2874 1024 2911 mihi
1055 2875 1224 2923 copiarum
1263 2900 1264 2922 ;
1389 2879 1481 2922 Νέας
1508 2883 1650 2917 παλαιοὶ
1677 2883 1726 2920 ἔς(
1754 2884 1894 2926 βελτίων
1915 2886 2052 2930 βίβλος,

209 2928 282 2966 qua
302 2922 511 2962 urbanarum
526 2953 537 2969 ‚
563 2936 632 2974 qua
651 2925 854 2975 rusticarum
873 2924 1027 2963 oblatum
1049 2925 1103 2971 est.
1264 2959 1265 2964 ,
1394 2928 1470 2966 Ns'&
1496 2933 1645 2968 παλαιόν
1671 2933 1720 2970 ἔςι
1744 2936 1876 2978 βέλτιον
1904 2933 2016 2983 ξίφος.

262 2969 298 3004 6.
321 2971 545 3016 Testimonium
575 2975 845 3025 retribuerunt.]
884 2975 949 3012 Ed.
980 2976 1118 3012 Veron.
1141 2975 1229 3023 testi·
1264 3017 1265 3021 Ἰ
1391 2978 1468 3016 Νέε
1494 2982 1644 3024 παλαιὰς
1671 2980 1749 3024 οἶνός
1777 2984 1828 3022 ἐςι
1855 2983 2007 3031 βελτίων.

207 3018 320 3058 monio
347 3023 622 3073 pertribuerun13
659 3026 773 3066 Aldus
803 3027 840 3065 ὃ(
872 3026 1052 3076 Gryphius
1084 3026 1228 3076 testimof
1264 3048 1265 3074 3
1388 3028 1478 3069 Νέων
1507 3033 1657 3071 παλαιοί
1683 3033 1746 3068 εἰσι
1771 3034 1913 3081 peaes&
1939 3036 2046 3088 φίλοι.

1683 3083 1812 3125 Zzzz
2202 3093 2324 3133 Pom.-
