2616 3686
517 191 2005 260 LIBER1X.EPIST0LA.Xxx1v.
2219 225 2318 284 697

186 287 258 344 ad
282 281 633 355 spectaculum
662 293 851 330 omnes
874 272 1232 346 magistrum,
1257 293 1494 347 quorum
1529 281 1765 337 adventu
1792 285 1843 338 ἅ
1873 305 2022 342 mora
2045 327 2060 352 ‚
2100 296 2117 318 ¹
2142 297 2313 350 modi-

191 379 254 417 ca
283 358 442 426 Resp.
481 353 633 407 novis
667 348 963 423 sumptibus
1002 349 1348 404 atterebatur.
1440 351 1719 409 Postremo
1758 359 1907 412 locus
1939 362 2046 432 ipse
2069 366 2309 432 quietem

187 437 364 494 suam,
405 428 781 498 secretumque
808 422 1087 496 perdebat.
1164 424 1367 479 Placuit
1395 429 1613 482 occulte
1643 432 1906 496 interfici,
1934 436 1999 488 ad
2027 437 2178 508 quod
2203 446 2311 494 coi-

185 510 358 564 batur.
438 503 594 558 Haec
618 515 677 554 tu
707 516 811 571 qua
842 498 1209 563 miseratione,
1250 517 1353 572 qua
1379 503 1534 572 copia
1562 503 1786 560 deflebis
1811 546 1827 570 ‚
1868 510 2079 564 ornabis
2100 547 2116 568 ,
2158 516 2311 568 attol..
2335 533 2386 566 11

185 583 294 638 les?
336 594 644 652 quanquam
666 592 777 630 non
802 573 876 629 est
899 591 1034 646 opus
1058 580 1074 602 ²
1099 572 1320 645 affingas
1340 576 1568 649 aliquid,
1609 595 1697 635 aut
1723 581 1980 639 adstruas:
2023 581 2221 641 sufficit
2243 605 2310 643 ne

187 675 282 722 ea,
321 654 596 729 quaesunt
618 668 770 705 vera,
809 649 1136 705 minuantur.
1176 649 1317 706 Vale.

322 799 596 861 XXXW.
673 799 739 854 C.
815 799 1171 856 Pmmus
1249 799 1807 869 TRANQUILLO
1886 809 2047 866 Suo
2124 810 2176 866 S..

188 951 414 1028 Consulit
436 948 793 1025 Tranquillum
807 988 822 1013 ,
850 967 915 1003 an
929 953 1222 1024 experiatur
1237 949 1510 1027 Encolpam
1532 952 1931 1029 libertitmsaum
1952 961 2002 1013 in
2024 961 2321 1016 recitatione

685 1035 925 1096 versuum
931 1028 1148 1098 suorum
1164 1070 1180 1097 ‚
1217 1045 1329 1081 cum
1353 1031 1447 1102 ipse
1449 1028 1551 1100 fibi
1572 1028 1794 1103 diffidat.

189 1186 207 1216 ὃ
351 1177 547 1247 Xplica
571 1173 770 1231 aestum
795 1193 993 1232 meum.
1071 1175 1256 1231 Audio
1284 1220 1296 1240 ‚
1351 1197 1438 1234 me
1466 1181 1600 1234 male
1619 1180 1801 1252 legere
1830 1181 2090 1241 duntaxat
2113 1185 2317 1240 versus:

350 1259 370 1288 ⁴
394 1252 665 1307 orationes
705 1251 847 1305 enim
876 1253 1218 1306 commodius
1248 1294 1264 1319 ,
1321 1253 1413 1309 sed
1453 1269 1604 1310 tanto
1636 1258 1808 1311 minus
1837 1258 2031 1314 versUS.
2110 1260 2317 1330 Cogito

188 1345 322 1399 ergo
352 1331 670 1383 recitaturus
703 1324 1044 1381 familiaribus
1081 1328 1262 1381 amicis
1291 1369 1306 1394 ,
1364 1332 1595 1400 experiri
1620 1331 1876 1386 libertum
1904 1351 2102 1391 meum.
2178 1335 2313 1389 Hoc

189 1421 413 1476 quoque
443 1410 458 1439 ⁵
496 1401 753 1457 familiare
780 1439 796 1461 ‚
847 1401 999 1472 quod
1032 1402 1205 1472 elegi,
1259 1419 1371 1457 non
1413 1404 1549 1459 bene
1573 1445 1588 1469 ‚
1643 1409 1660 1434 ⁶
1687 1406 1776 1460 sed
1803 1409 1991 1463 melius
2020 1410 2315 1473 leciurum3

190 1478 230 1532 fi
273 1493 452 1531 tamen
493 1494 605 1529 non
631 1474 791 1527 fuerit
813 1475 1166 1544 perturbatus
1241 1475 1333 1530 Est
1373 1481 1514 1534 enim
1551 1494 1660 1534 tam
1699 1498 1869 1535 novus
1905 1482 2072 1538 lector
2100 1525 2114 1549 ‚
2155 1503 2317 1558 quam

188 1570 294 1622 ego
356 1564 529 1622 poeta.
625 1547 740 1619 Ipse
800 1549 981 1604 nescio
1008 1588 1023 1613 ‚
1088 1550 1221 1622 quid
1267 1552 1356 1605 illo
1404 1554 1619 1625 legente
1671 1558 1889 1610 interim
1951 1559 2178 1614 faciam:
2243 1560 2364 1614 se·2

190 1627 348 1681 deam
389 1625 596 1679 defixus
649 1623 701 1674 δε
745 1637 919 1677 mutus
948 1662 966 1687 ,
1033 1624 1086 1677 δε
1127 1623 1302 1680 similis
1336 1629 1514 1682 otioso
1549 1653 1562 1690 3
1619 1646 1680 1682 an
1709 1672 1721 1691 ,
1781 1645 1841 1684 ut
1881 1634 2101 1702 quidam
2131 1674 2146 1698 ‚
2185 1653 2324 1708 quae

189 1699 601 1774 pronunciabit‚
645 1714 959 1767 murmure,
996 1700 1165 1754 oculis
1189 1739 1205 1765 ‚
1248 1718 1407 1757 manu
1436 1703 1803 1776 ⁷prosequar?
1857 1704 1966 1760 Sed
2003 1722 2137 1779 puto
2162 1748 2177 1771 ,
2232 1727 2322 1764 me

2159 1789 2174 1814 ¹
2212 1802 2325 1840 non

245 1849 281 1887 ⁷1.
317 1849 507 1889 immodicis
530 1848 547 1898 ]
576 1847 748 1885 Maximis
788 1858 873 1884 nam
893 1846 1053 1896 sumptus
1062 1846 1108 1886 cle
1120 1848 1230 1897 publi·
1256 1863 1261 1902 ῃ
1290 1850 1454 1888 orationes
1474 1851 1564 1888 enim
1586 1852 1814 1896 commodius,
1841 1862 1941 1891 tanto
1960 1855 2074 1893 minus
2094 1870 2132 1894 v.
2153 1856 2218 1895 Ed.
2236 1858 2325 1896 Vet.

196 1910 245 1937 co
255 1899 431 1937 faciebant
454 1899 705 1947 magistratibus
725 1896 998 1936 confluentibus.
1023 1899 1121 1937 Hinc
1140 1901 1228 1938 Plin.
1257 1903 1261 1949 l
1292 1911 1335 1939 ω’
1357 1912 1457 1939 tanto
1474 1902 1600 1941 minus.
1628 1903 1704 1941 Has
1722 1914 1838 1941 meras
1859 1906 2096 1945 aberrationes
2114 1905 2206 1954 effe,
2238 1920 2325 1948 cen·

196 1950 316 1989 senior
339 1958 501 1987 enarrato
523 1950 697 1986 miraculo
727 1950 840 1986 scribit
861 1959 870 1986 :
912 1948 1067 1995 injuriae
1085 1950 1226 1994 potesta·
1294 1950 1367 1990 seo,

198 2010 275 2038 tum
296 2000 509 2049 inhospitales
529 2001 576 2035 ad
598 1999 780 2048 visendum
802 1998 1016 2037 venientium
1042 2000 1228 2050 Hipponem·
1348 2015 1381 2051 ς,
1410 2003 1639 2055 Familiare]
1677 2005 1827 2053 Signum
1851 2007 2092 2045 familiaritatis
2114 2020 2198 2047 cum
2223 2010 2326 2048 audi·

187 2051 243 2099 ses
262 2053 298 2088 in
317 2063 426 2088 necem
447 2050 519 2096 ejus
540 2051 781 2099 compulerunt,
833 2050 879 2087 Er
913 2051 1030 2088 Cicer.
1058 2052 1138 2090 Lib.
1161 2052 1230 2090 111.
1293 2053 1429 2091 toribus
1452 2082 1462 2098 ,
1497 2055 1598 2104 quod
1617 2057 1704 2104 elegi
1724 2057 1825 2094 illum
1847 2085 1857 2101 ,
1893 2069 2005 2106 quem
2039 2059 2111 2097 scio
2134 2072 2210 2099 non
2230 2062 2325 2100 bene

196 2102 242 2138 ad
266 2104 450 2152 Appium:
480 2107 655 2150 Apameae
671 2113 746 2138 cum
765 2099 858 2148 effem
885 2128 894 2144 ‚
923 2100 1118 2139 multarum
1142 2103 1220 2140 civi*
1293 2104 1471 2142 leonii-um
1494 2132 1504 2148 ,
1541 2106 1601 2144 led
1630 2107 1756 2144 melius
1779 2120 1840 2145 me
1861 2110 2092 2147 recitaturum
2110 2114 2210 2150 novi.
2237 2113 2269 2149 C
2284 2125 2324 2148 A·

199 2161 316 2189 tatum
345 2153 502 2201 principes
535 2151 583 2188 ad
603 2164 654 2189 me
676 2152 871 2189 detulerunt
886 2180 895 2193 ,
909 2152 1067 2202 sumptus
1096 2153 1228 2191 decerni
1298 2168 1322 2192 τ
1336 2168 1408 2192 AN.
1444 2156 1500 2193 Sic
1523 2157 1628 2194 MSS.
1669 2158 1776 2196 etiam
1804 2159 1926 2196 nostri.
1958 2160 2057 2197 Male
2077 2161 2225 2209 quidam
2246 2163 2323 2200 alii:

195 2203 300 2240 nimis
322 2203 514 2251 magnificos
532 2230 542 2246 ‚
581 2214 655 2238 cum
671 2202 836 2251 fhlvena'o
854 2204 1013 2240 civitates
1031 2217 1096 2240 non
1118 2205 1227 2251 eſjent.

197 2254 260 2290 An
289 2256 399 2302 magis
419 2255 529 2299 placet
548 2253 666 2298 legere
684 2252 817 2289 modica
836 2252 926 2301 Resp.
945 2254 1082 2291 modicis
1103 2266 1225 2292 &me-

196 2303 366 2341 diocribus
380 2301 611 2347 facuftatihus
632 2303 757 2338 cos'onia
771 2302 1011 2354 Hipponensis?
1040 2306 1070 2341 C
1082 2316 1142 2342 AT
1155 2318 1172 2341 Α
1188 2319 1227 2343 N.

197 2354 297 2393 Nihil
320 2355 387 2390 tale
406 2356 441 2391 in
464 2353 553 2391 libris
571 2352 696 2389 nostris
716 2380 724 2392 .
766 2354 826 2400 qui
850 2354 1022 2390 consensu
1044 2354 1223 2402 vulgatam

196 2406 461 2453 repraesentant
483 2432 491 2446 ‚
523 2410 771 2451 praeterquam
793 2403 892 2450 quod
916 2403 953 2439 in
974 2405 1223 2448 pot'erioribus

196 2458 334 2493 variant
355 2455 504 2492 Helmst.
526 2454 632 2490 Arnz.
653 2456 688 2489 ὃς
712 2452 778 2490 Ed.
798 2452 873 2489 Vct
901 2454 1032 2490 modica
1051 2456 1134 2504 resp.
1157 2468 1225 2494 no-

197 2507 379 2544 vissimum
403 2505 554 2554 partibus
576 2504 812 2540 adterekatur.

250 2570 285 2595 2.
315 2557 486 2594 Adfnras
509 2554 644 2604 aliquid
658 2582 667 2597 ‚
685 2567 748 2591 aut
765 2552 952 2602 adstruas]
982 2554 1138 2594 Helmst.
1159 2558 1226 2594 ad-

195 2606 294 2654 figias
321 2623 330 2648 ς
365 2602 473 2644 Amo,
512 2607 676 2653 adseruas
698 2633 707 2646 ‚
747 2615 812 2653 pro
848 2604 1008 2649 adstruas
1061 2607 1140 2644 Lib.
1161 2607 1226 2645 111.

1296 2206 1362 2243 Hic
1379 2219 1506 2256 quoque
1519 2207 1698 2256 simliter,
1725 2222 1822 2258 quem
1837 2210 1937 2258 elegi,
1963 2223 2031 2246 non
2053 2211 2132 2248 bene
2150 2221 2220 2250 cet.

1347 2258 1382 2293 6.
1414 2259 1478 2294 Sed
1496 2258 1614 2295 melius
1627 2258 1691 2307 scio
1711 2259 1916 2309 lazarum]
1955 2261 2155 2298 Habuerim
2192 2273 2325 2302 vocem

1288 2306 1357 2352 scio
1372 2334 1382 2351 ,
1409 2318 1477 2355 pro
1500 2309 1622 2355 spuria.
1652 2307 1724 2345 ΜΓ]
1744 2310 1839 2346 forre
1860 2310 1958 2348 altius
1969 2311 2076 2348 subest
2091 2314 2200 2352 ulcus.
2223 2315 2324 2352 Nam

1293 2357 1400 2394 Palat.
1423 2359 1461 2394 ὃς
1485 2357 1604 2395 Editio
1624 2358 1742 2396 Vetus
1759 2372 1846 2396 :non
1867 2359 1944 2398 bene
1956 2359 2005 2410 stt
2025 2361 2143 2400 melius
2163 2363 2326 2403 lefiarus.

1296 2407 1535 2445 GRUTER.
1582 2408 1680 2446 Nihil
1711 2411 1787 2448 vitii
1818 2411 1942 2448 subest.
1977 2413 2177 2451 tollendum
2209 2415 2328 2453 modo

1295 2459 1446 2496 verbum
1457 2458 1547 2505 scio,
1576 2459 1678 2507 quod
1700 2461 1735 2498 in
1759 2462 1857 2498 nullo
1880 2475 1924 2500 ex
1944 2465 2067 2502 nostris
2089 2465 2197 2503 MSS.
2218 2467 2255 2504 δε
2277 2477 2325 2504 ne

1297 2509 1443 2558 quidem
1464 2510 1500 2546 in
1525 2509 1589 2546 Fd.
1609 2510 1694 2547 Ver.
1719 2511 1877 2550 habetur.

1351 2570 1388 2606 7.
1413 2559 1639 2610 Prosequar]
1671 2561 1889 2612 Subsequar,
1915 2564 2100 2603 imitabor:
2127 2566 2224 2603 unde
2246 2566 2325 2604 sub-

1292 2611 1381 2659 jecit
1392 2610 1528 2658 saltare
1548 2639 1557 2654 ,
1576 2611 1677 2659 quod
1697 2613 2016 2652 Pantomimorum
2040 2618 2100 2654 est.
2128 2617 2159 2652 C
2176 2629 2198 2652 A
2213 2629 2235 2652 τ
2251 2631 2270 2652 Α
2284 2628 2323 2655 κ.

202 2655 307 2703 Epist.
332 2658 377 2696 Il.
404 2669 441 2696 n.
465 2670 497 2706 ς.
526 2662 644 2705 Itaque
665 2657 781 2704 magni
795 2654 952 2700 aestimo,
980 2656 1143 2704 dignitati
1154 2657 1226 2704 ejus
1300 2661 1377 2697 Lib.
1396 2661 1423 2697 I.
1452 2661 1559 2709 Epist.
1579 2662 1687 2699 V111.
1722 2675 1745 2700 n
1782 2665 1814 2702 8.
1842 2665 1925 2714 quid
1947 2666 2067 2703 utilius
2084 2666 2155 2709 fuit
2177 2694 2186 2710 ,
2214 2679 2320 2716 quam

204 2704 334 2756 aliquid
351 2708 537 2745 adstruere.
564 2717 672 2755 atque
688 2707 732 2743 ita
760 2705 895 2753 paffim.
1297 2711 1549 2757 munificentiae
1572 2714 1738 2750 rationem
1764 2716 1869 2751 etiam
1899 2714 1976 2752 stilo
1999 2717 2174 2764 prosequi.
2207 2730 2242 2754 n.
2266 2730 2323 2756 η.

257 2767 276 2805 3
314 2759 453 2800 Explica
473 2757 638 2808 aestum]
669 2756 799 2793 Exime
810 2756 1010 2805 scrupulum
1026 2784 1036 2801 ‚
1057 2757 1228 2796 dubitanti
1260 2761 1262 2791 l
1296 2761 1416 2797 medici
1422 2761 1578 2809 salubres
1595 2791 1604 2806 ,
1619 2762 1683 2810 jed
1703 2764 1879 2812 voluptate
1899 2777 2047 2804 carentes
2064 2767 2149 2805 cibos
2166 2767 2324 2805 blandio-

207 2801 575 2847 consulejCA-FAN,
1296 2810 1385 2846 ribus
1415 2811 1588 2860 adloquiis
1609 2813 1880 2860 prosequuntur.
1908 2816 1945 2851 &
1969 2816 2015 2853 fic
2039 2818 2131 2857 alibi.
2172 2817 2318 2863 Eodem

261 2865 295 2900 4.
319 2860 495 2897 Orationes
517 2859 606 2898 enim
629 2857 867 2906 commedius]
909 2858 1033 2906 Dispar
1060 2869 1148 2906 ergo
1175 2859 1224 2896 le-
1291 2860 1390 2897 sensu
1403 2861 1499 2911 sequi
1517 2861 1612 2910 apud
1639 2864 1777 2900 Lucan.
1805 2866 1884 2903 Lib.
1904 2865 1950 2903 11.
1979 2877 2035 2905 vs.
2056 2869 2143 2917 596.

206 2900 526 3003 {iffllqtatcipsusse
543 2907 1224 2999 ὃῑζχῐέξῒῗῗξ’ςέἐζάὶὲνῗῗῖᾞὲἲεξῇὲῗζ
1342 2937 1462 2976 Verba
1488 2940 1582 2978 ducis
1604 2942 1698 2981 nullo
1714 2953 1831 2993 partes
1851 2946 2009 2986 clamore
2029 2948 2236 2999 sequuntur.

202 3014 280 3050 cap.
296 3004 393 3044 XIX.
421 3008 445 3043 R
461 3020 599 3048 ARTH.
626 3010 739 3049 Aldus
759 3024 768 3048 z
806 3010 970 3048 orationes
1000 3012 1090 3066 enim
1114 3022 1217 3048 com·
1289 3015 1330 3052 In
1351 3028 1427 3054 rem
1451 3017 1534 3056 vide
1556 3019 1634 3061 Lib,
1657 3021 1724 3061 VI.
1750 3022 1857 3072 Epist.
1868 3024 1995 3066 XV11.
2013 3038 2095 3069 τω..
2123 3029 2255 3070 &Lib.
2267 3031 2319 3069 V.

205 3052 316 3092 mode
338 3081 350 3100 ,
377 3055 440 3104 sed
468 3067 566 3098 tanto
594 3074 644 3112 no.¹
675 3075 714 3115 p.
749 3061 863 3101 Arnz.
888 3061 1065 3102 commodis
1074 3076 1086 3106 ;
1114 3059 1217 3102 Voss‘.
1287 3065 1400 3116 Epist.
1420 3067 1486 3108 111.
1513 3081 1549 3109 n.
1576 3081 1615 3120 9.

1691 3122 1807 3164 Tttt
2177 3137 2320 3169 1-Nm
