2616 3686
289 192 410 249 774*
505 179 569 228 cr
631 177 1021 230 PL1N11
1089 161 1599 229 CAECILII
1667 175 2184 230 SECUNnr

256 256 641 333 2fibus,quanti
654 261 904 334 aprivatis
919 258 1473 330 mutuanturDispice
1488 277 1618 332 ergo
1631 258 2166 333 Domine‚numquid
2184 260 2437 317 minuens

301 336 428 392 dam
454 336 690 398 usuram,
711 354 770 392 ac
798 354 891 410 per
910 335 1261 391 hocidoneos
1278 334 1869 390 debitores-invitandos
1883 349 2065 407 putes,
2085 340 2137 391 &
2165 336 2200 389 fi
2230 349 2240 368 ¹
2269 354 2336 390 ne
2358 338 2428 391 sic
2453 387 2457 392 .

2342 428 2435 466 »re-

297 556 519 598 centefimae
536 560 573 598 in
594 567 779 600 centenos.
802 558 996 608 Numquid
1018 569 1106 607 ergo
1123 559 1250 597 Latine
1271 558 1338 597 dici

1365 601 1367 609 i

302 612 509 658 putavimus
521 610 639 648 debere
654 612 757 648 alicui
778 612 942 648 (laoderus
952 609 1071 659 affibus
1088 638 1098 654 ‚
1110 611 1225 647 debere
1233 609 1334 647 alicui
1365 611 1369 644 ἕ

301 659 456 708 fiestertiis
471 661 768 705 duodenis,debere
781 662 930 699 denariis
941 670 1005 697 aut
1018 660 1142 698 daleris
1157 660 1334 705 duodenis,

303 722 391 748 eum
417 711 479 759 qui
508 710 663 748 creditos
695 711 823 749 habeat
850 719 999 748 centum
1022 711 1202 758 ejusmodi
1224 722 1336 748 nurn-

302 771 386 797 mos
401 764 461 804 ,ὅς
482 759 527 798 de
544 761 606 798 illis
627 761 823 799 duodecim
835 773 975 798 annuos
986 760 1142 808 pendat?
1165 762 1334 799 Nerrunc

302 809 452 859 quidem
464 822 736 858 purgatasaures
752 812 787 849 id
809 811 1033 850 conceffirras
1052 819 1164 854 puto:
1193 812 1332 850 nedum

303 868 430 899 uttam
443 861 571 898 subtilis
585 863 622 898 &
633 861 746 899 cultus
759 862 888 901 Plinius
900 863 934 901 id
949 866 1049 899 auius
1063 863 1184 900 fuerit.
1213 864 1291 909 jam
1307 862 1331 900 ii

307 911 377 949 dici
395 909 496 959 poffe
524 912 812 950 concederemus
835 940 846 956 ,
879 914 915 951 id
950 914 1045 950 foret
1073 914 1210 961 prorsus
1235 921 1335 951 extra

304 961 553 1011 quaestionem
575 963 756 1003 nostram:
785 964 870 1002 nihil
891 965 992 1002 enim
1014 963 1114 1001 sonat
1135 964 1203 1001 tale
1217 991 1227 1008 ,
1247 975 1336 1012 qua-

301 1012 347 1050 lia
372 1013 547 1050 Romanis
570 1014 607 1051 in
630 1014 738 1051 usuris
752 1015 996 1062 exprimendis
1010 1015 1227 1063 placuerunt
1254 1015 1335 1052 De·

301 1064 414 1112 nique
431 1074 509 1100 non
529 1074 620 1112 opus
651 1065 817 1112 castigare
850 1064 1011 1113 singula:
1047 1073 1200 1113 peccant
1234 1066 1333 1102 enirn

305 1114 432 1151 omnia
455 1125 531 1151 uno
547 1141 557 1157 ,
584 1115 685 1163 quod
706 1117 743 1153 in
761 1115 958 1154 centesima
971 1124 1336 1164 quaeruntannuurn.

304 1165 361 1202 At
383 1164 558 1214 centesima
580 1166 750 1203 Romana
770 1166 857 1204 nihil
884 1166 948 1204 nisi
980 1166 1202 1203 menstruum
1224 1167 1335 1214 expli-

305 1222 364 1253 cat
384 1228 392 1252 :
423 1215 525 1264 quod
544 1217 606 1264 qui
639 1228 766 1265 capere
789 1217 915 1266 nequit
929 1245 938 1260 ,
966 1217 1049 1254 nihil
1070 1217 1135 1254 hac
1156 1218 1193 1254 in
1214 1226 1252 1253 re
1271 1229 1334 1265 po·

305 1265 371 1308 ¹-ssst
395 1265 467 1304 sani
496 1265 633 1305 sentire.
686 1269 737 1306 At
767 1277 853 1305 ecce
882 1266 1155 1304 difl'ulutionem
1192 1275 1335 1315 turp-em

299 1315 468 1366 junctam
498 1317 721 1365 impudentia
753 1317 977 1355 incredibili:
1018 1344 1044 1362 ,‚
1073 1317 1229 1355 Nolebat
1266 1318 1337 1357 hoc

310 1394 338 1412 ‚,
365 1374 470 1405 antea
490 1366 680 1406 admittere
696 1375 750 1411 ‚at
767 1379 865 1404 nunc
891 1370 1015 1405 volens
1036 1369 1164 1405 nolens
1183 1369 1337 1416 cogitur,

311 1443 339 1462 ‚‚
367 1418 450 1466 quia
473 1418 643 1466 expedire
671 1419 705 1457 se
737 1429 813 1455 non
835 1427 986 1466 poter-at.
1035 1419 1161 1456 Deum
1182 1419 1337 1457 immor·

307 1468 418 1505 talem
442 1470 449 1504 !
490 1467 589 1516 poffe
629 1480 853 1517 quemquam
892 1476 967 1506 tam
1003 1469 1168 1517 perfricfta
1192 1469 1336 1517 fronte,

305 1525 380 1555 tam
403 1526 525 1567 aperte
546 1530 587 1557 ac
604 1522 728 1568 palam
747 1520 907 1568 populo,
927 1528 1001 1556 tarn
1025 1520 1125 1558 stulte
1138 1522 1332 1568 atqueinu-

306 1569 412 1611 tiliter
430 1570 607 1607 mentiri!
645 1570 774 1617 Egone
810 1579 850 1608 ut
881 1570 1080 1620 quidquam
1098 1572 1247 1609 istorum
1267 1583 1335 1610 un-

311 1630 421 1668 quam
443 1619 644 1658 admiserim
658 1622 679 1660 P
694 1621 768 1657 Cur
786 1631 873 1669 ergo
893 1621 1044 1658 verbum
1072 1621 1185 1670 adjeci
1197 1622 1335 1670 postea,

307 1669 410 1718 quod
431 1668 515 1708 effet
534 1678 660 1708 contra
681 1670 908 1709 voluntatem
927 1671 1104 1717 hominiS,
1117 1674 1173 1710 cui
1195 1681 1336 1712 tantum

309 1719 556 1762 indulseram?
583 1721 685 1758 Alius
702 1722 904 1771 triumphus
927 1734 935 1759 ε
976 1749 1001 1767 ,,
1031 1722 1157 1760 [mmo
1180 1735 1255 1761 non
1275 1737 1336 1763 me

309 1772 337 1816 ‚,'
361 1771 477 1811 solum
513 1771 559 1808 fic
590 1770 743 1810 statuiffe
766 1771 955 1820 profitetur
975 1799 985 1817 ‚
1026 1773 1084 1810 sed
1106 1774 1335 1814 Matthaeum

309 1848 337 1866 ,,,
365 1833 517 1871 quoque
541 1821 713 1860 Hostum.
767 1823 932 1871 Dignum
953 1833 1042 1860 vero
1063 1823 1173 1870 gloria
1194 1852 1204 1869 ,
1234 1827 1335 1874 quod

309 1871 416 1922 hujus
437 1873 650 1911 sententiam
666 1874 780 1918 ,retuli
803 1901 813 1917 ,
843 1882 880 1912 ut
901 1875 1096 1912 vanitatem
1121 1875 1197 1921 ejus
1219 1876 1336 1914 osten-

310 1921 435 1961 derem
451 1951 462 1967 ‚
490 1924 527 1960 &
549 1924 729 1972 optimum
752 1923 908 1962 Hostum
933 1952 943 1968 ,
992 1924 1109 1962 virum
1144 1933 1259 1963 cetera
1285 1928 1337 1966 illi

310 1971 585 2015 dissimillimum
600 2002 610 2019 ‚
623 1975 660 2012 in
672 1973 806 2013 eodem
821 1974 1312 2015 valetudinariolaborantem
1327 2006 1337 2023 ,

311 2024 428 2062 obiter
445 2025 584 2062 notavi.
636 2025 741 2064 Turn
764 2026 840 2075 post
863 2026 972 2064 verba
995 2026 1100 2064 Hosti
1121 2037 1165 2064 ex
1188 2039 1274 2066 meo
1296 2030 1334 2066 li-

311 2074 407 2113 bello
426 2074 665 2123 transscripta:
694 2103 719 2120 ‚‚
741 2076 794 2114 Ita
815 2078 942 2114 verinis
959 2085 1081 2114 mutos
1100 2077 1137 2113 ὅ(
1159 2077 1335 2116 reluctan—

310 2152 341 2170 „
367 2133 421 2163 tes
438 2125 595 2173 subigere
618 2137 769 2175 quoque
800 2127 927 2175 potest.
980 2127 1081 2172 Quid
1101 2127 1256 2167 stolidius
1273 2138 1336 2168 aut

309 2175 481 2214 alienius!
511 2175 585 2214 Ubi
607 2177 768 2215 veritas?
795 2179 854 2215 ubi
880 2177 981 2228 quod
1000 2177 1132 2226 subegit
1156 2177 1171 2215 ?
1201 2180 1259 2218 ubi
1281 2191 1338 2219 re-
1364 2209 1370 2212 ἡ

311 2226 449 2264 ructans
467 2226 524 2265 ille
542 2235 652 2276 atque
672 2227 803 2266 invitus
822 2240 933 2277 quem
952 2229 1072 2267 nescio
1083 2229 1168 2278 quid
1178 2229 1338 2279 subegit?

310 2275 441 2315 Statim
463 2276 596 2315 allinit:
623 2304 647 2319 ..
675 2278 751 2315 Cur
773 2279 967 2317 maledicus
983 2280 1104 2317 homo
1124 2281 1252 2328 pariter
1276 2282 1340 2320 fas-

313 2354 341 2377 „
368 2326 422 2365 sus
440 2338 517 2364 non
538 2328 606 2366 tuit
631 2327 794 2367 Hostum
827 2330 916 2368 mihi
947 2327 1018 2368 effe
1051 2330 1231 2374 ὁμόψηφον
1252 2333 1273 2371 ,Ρ
1303 2333 1339 2371 Si

309 2388 388 2416 non
410 2376 571 2432 fecissem
586 2406 597 2423 ,
625 2378 713 2428 quid
735 2387 809 2418 erat
829 2380 866 2417 in
887 2392 934 2419 eo
955 2381 1091 2426 peccati
1114 2378 1130 2418 ?
1155 2381 1193 2419 δε
1211 2389 1338 2421 tamen

311 2428 388 2476 iarn
410 2429 571 2466 feceram
596 2440 675 2478 pag.
699 2443 754 2469 ιι.
789 2432 866 2480 ejus
897 2431 1101 2480 posterioris
1133 2432 1340 2482 Antexege-

309 2478 400 2523 scos.
450 2478 556 2516 Haec
577 2481 690 2528 prima
708 2481 765 2518 illa
789 2481 980 2530 responsio.
1010 2482 1134 2520 Nihilo
1162 2483 1339 2523 feliciores

312 2529 426 2576 aliae:
441 2529 597 2578 denique
615 2531 688 2568 talis
709 2531 757 2569 est
776 2533 896 2570 omnis
915 2533 1071 2570 omnino
1091 2544 1167 2570 non
1188 2534 1338 2579 libellus,

310 2579 372 2618 sed
392 2581 575 2623 vomitus,
603 2593 714 2629 quem
738 2594 822 2620 cum
844 2583 913 2632 ipsa
936 2583 1206 2632 propemodum
1218 2586 1340 2624 anima

312 2629 457 2675 ebulliit.
498 2631 592 2668 -Nec
612 2631 733 2670 fallere
753 2641 878 2671 tamen
898 2633 969 2672 doli
991 2661 1000 2677 ‚
1029 2633 1190 2684 strophae
1211 2662 1221 2679 ‚
1249 2635 1338 2674 ludi-

311 2680 385 2719 bria
404 2690 574 2730 perpetua
597 2682 634 2719 δι
656 2683 841 2721 manifesta
866 2684 923 2722 vel
946 2684 1175 2723 mediocriter
1185 2685 1336 2725 <loetum

315 2742 543 2782 Quemquam
566 2740 762 2780 potuerunt
784 2761 794 2777 ‚
823 2735 882 2784 qui
902 2735 1018 2772 nostra
1039 2747 1124 2773 cum
1145 2736 1212 2774 istis
1234 2748 1340 2775 com-

314 2784 500 2829 paraverit.
553 2783 670 2830 Quod
691 2785 729 2822 ὃς
756 2785 826 2833 ipse
848 2797 1124 2835 vnonnunquam
1154 2794 1278 2835 optare
1305 2788 1338 2827 se
1370 2809 1371 2812 =

314 2832 473 2887 praefert
501 2860 511 2879 ,
538 2833 665 2882 infigni
685 2843 746 2872 aut
767 2836 1006 2883 imprudentia
1025 2845 1086 2874 aut
1113 2839 1334 2885 arrogantia,

316 2890 405 2937 qui,-
431 2882 453 2918 si
476 2883 562 2930 quid
587 2884 717 2932 sapuit,
747 2886 833 2924 nihil
852 2887 1030 2925 horruerit
1052 2888 1237 2936 magis,&
1257 2889 1340 2927 scri·-

318 2929 423 2985 pserit
445 2943 484 2986 ea
496 2935 587 2986 31pe,
617 2936 804 2973 neminem
828 2938 1172 2987 fore,quioriumin
1192 2947 1326 2977 conten

314 2978 441 3036 ciendis
459 2981 524 3017 lstls
541 2983 635 3020 abuti
656 2987 753 3022 velit,
793 2988 888 3024 Nam
915 2987 961 3025 de
983 2988 1196 3036 sponsione,
1225 3000 1336 3038 quam

302 3029 401 3076 {nihi
424 3030 548 3069 tulerat
570 3033 605 3069 in
625 3035 798 3081 prioribus
820 3038 851 3072 V
857 3037 993 3076 indiciis
1014 3065 1026 3083 ‚
1055 3040 1106 3077 Ni
1126 3039 1193 3088 lege
1213 3039 1340 3085 nulla,

1366 657 1369 687 l

1403 559 1497 598 nullo
1516 559 1809 611 senatusconsulto
1825 586 1836 605 ,
1864 569 1934 598 σε.
1953 559 2146 610 centefimae
2163 561 2200 599 in
2218 559 2300 598 urbe
2309 562 2431 607 suffiae

1403 610 1502 660 effent
1529 612 1700 662 legitimae
1719 639 1730 655 ,
1768 610 1957 659 postquam
1993 613 2146 649 invento
2176 623 2222 649 eo
2263 612 2432 650 Senatus-

1367 692 1369 704 ,
1402 663 1567 700 consulto
1589 673 1664 700 tam
1695 662 1813 700 illustri
1836 661 1996 700 faucibus
2015 671 2160 700 tenetur
2183 689 2194 706 ‚
2225 662 2250 699 ὲ
2269 665 2306 697 δὲ
2331 667 2431 712 ογςὺ,

1402 712 1475 750 hoc
1494 713 1564 757 est,
1593 713 1704 751 fidem
1730 713 1902 761 decoquit
1918 728 1930 756 ;
1971 714 2010 750 ὃς
2030 723 2139 762 quam
2159 711 2274 761 lepida
2295 712 2432 751 calum-

1405 764 1461 800 nia
1481 764 1604 801 locum
1625 764 1729 802 istum
1749 775 1768 801 a
1790 773 1868 812 pag.
1882 765 1948 813 65.
1975 766 2049 802 mei
2069 763 2175 801 libelli
2202 762 2248 800 ad
2264 773 2344 811 pag.
2369 774 2386 809 7
2397 775 2432 814 3.

1406 813 1598 852 transvolet
1622 841 1633 858 ,
1669 814 1765 862 apud
1795 814 1908 862 ipsum
1930 824 2009 863 pag.
2036 815 2124 862 ⁸63·
2148 813 2272 851 videre
2298 826 2431 862 operae

1403 865 1558 912 pretium
1581 863 1641 902 est.
1690 864 1856 902 Similiter
1876 863 1922 901 ad
1941 867 2036 903 illam
2059 865 2253 902 sententiae
2276 867 2431 911 nostrae,

1405 926 1516 962 quam
1543 914 1692 962 pessime
1709 925 1752 951 ac
1771 915 1954 952 teterrime
1985 916 2241 964 depravaverat
2269 917 2306 954 in
2340 916 2432 953 Vin-

1405 965 1501 1007 diciis
1529 965 1725 1013 prioribus,
1763 965 1968 1002 uberiorem
2008 966 2271 1014 expositionem
2295 994 2305 1010 ,
2335 977 2431 1014 quae

1406 1015 1517 1053 solem
1536 1016 1651 1064 ipsum
1672 1014 1756 1052 huic
1782 1015 1952 1053 materiae
1977 1016 2084 1053 infert
2109 1043 2120 1060 ,
2159 1026 2280 1054 mutus
2312 1024 2360 1053 ert
2389 1019 2428 1054 ὃς

1408 1078 1450 1104 ea
1480 1077 1517 1104 re
1537 1077 1556 1102 a
1579 1076 1659 1115 pag.
1688 1076 1747 1113 73.
1779 1066 1826 1102 ad
1857 1076 1935 1114 pag.
1957 1064 2018 1102 80.
2052 1065 2214 1103 transsilit
2245 1077 2323 1115 pag.
2349 1068 2429 1107 166.

1407 1117 1521 1164 Spero
1544 1116 1861 1154 clemenriffimum
1883 1117 1921 1153 in
1946 1115 2054 1153 coelis
2080 1117 2245 1160 Patrem,
2271 1117 2362 1153 inter
2375 1128 2430 1154 te-

1407 1167 1520 1215 liquas
1537 1168 1675 1216 culpas,
1705 1168 1742 1204 &
1763 1166 1847 1211 has,
1876 1167 2154 1215 qualescumque
2175 1167 2254 1204 sunt
2274 1193 2284 1209 ,
2321 1168 2354 1205 ei
2374 1178 2432 1205 re·

1408 1216 1535 1255 mififfe
1557 1245 1568 1262 ,
1595 1217 1676 1264 jesu
1701 1217 1828 1256 Christi
1848 1218 2057 1254 communis
2075 1217 2271 1256 Servatoris
2281 1217 2431 1257 honoris

1404 1269 1523 1315 gratia.
1576 1269 1674 1306 Nam
1695 1270 1849 1317 probra,
1869 1269 1995 1316 quibus
2016 1279 2076 1305 me
2097 1276 2251 1313 onerat,
2277 1269 2429 1307 minime

1404 1325 1576 1366 gravant,
1603 1330 1720 1368 quum
1743 1320 1883 1355 nullum
1908 1319 2082 1360 haereat;
2121 1321 2244 1357 omnia
2275 1319 2344 1356 sint
2370 1329 2432 1358 aut

1407 1369 1487 1406 falsa
1510 1371 1547 1406 ὅ(
1570 1371 1696 1418 procul
1717 1381 1737 1406 a
1758 1369 1973 1406 conscientia
2004 1369 2122 1407 nostra
2144 1383 2152 1407 :
2191 1369 2291 1419 quod
2321 1370 2432 1413 habe-

1406 1431 1486 1457 mus
1515 1431 1578 1457 cur
1618 1421 1690 1459 Dei
1725 1419 1968 1468 indulgentiae
2002 1428 2193 1468 acceptum
2224 1421 2433 1459 referamus.

1405 1470 1629 1509 Gitonov,
1681 1471 1737 1508 Cl.
1762 1470 1892 1508 Noodt
1919 1469 1964 1508 de
1994 1470 2162 1508 Foenore
2183 1472 2220 1508 ὃς
2244 1471 2360 1509 Usuris
2382 1471 2428 1511 de

1403 1521 1575 1558 hocloco
1597 1521 1646 1559 ita
1668 1521 1790 1558 sentit:
1819 1520 2002 1568 ingeniose
2022 1521 2060 1558 ὃ(
2084 1532 2169 1559 vere
2188 1521 2336 1559 scribere
2357 1523 2430 1560 Sal-

1405 1572 1556 1610 masium
1574 1599 1584 1616 ,
1613 1572 1724 1620 usuris
1744 1570 1866 1622 affibus
1885 1585 1896 1614 ;
1933 1571 2037 1609 malle
2056 1578 2178 1609 tamen
2200 1572 2424 1620 simpliciter,

1403 1622 1599 1672 praesertim
1621 1622 1744 1673 affibus
1764 1650 1775 1667 ,
1808 1621 1959 1672 quanti,
1994 1620 2067 1660 fine
2099 1622 2304 1672 adjectione
2330 1626 2430 1663 verbi

1403 1673 1535 1722 usuris,
1562 1673 1758 1722 quomodo
1778 1672 1872 1721 apud
1893 1673 2113 1710 Ciceronem
2145 1674 2225 1711 Lib.
2244 1673 2290 1711 V.
2321 1674 2428 1721 Epist.

1406 1723 1472 1761 VI.
1505 1736 1540 1762 n.
1562 1728 1596 1762 ό.
1621 1725 1725 1762 Bonis
1751 1723 1943 1762 seminibus
1969 1736 2099 1772 magna
2135 1725 2224 1773 copia
2250 1723 2294 1770 est
2311 1752 2322 1769 ‚
2358 1737 2424 1773 pro

1395 1773 1579 1824 semiffihus
1600 1773 1720 1823 usuris.
1748 1774 1897 1812 Interim
1918 1785 1995 1812 non
2006 1782 2131 1821 negat,
2141 1774 2287 1825 semisses
2304 1777 2426 1824 usuras

1404 1825 1502 1863 rec‘te
1538 1826 1575 1862 ὅ(
1602 1825 1705 1874 saepe
1727 1824 1826 1870 dici,
1862 1833 1901 1862 ut
1931 1826 2016 1873 Leg.
2037 1826 2084 1864 X.
2111 1842 2150 1862 π.
2179 1825 2224 1863 de
2247 1826 2428 1874 pollicitar⁴

1407 1875 1496 1924 Leg.
1517 1875 1600 1913 CH.
1623 1877 1654 1925 ς,
1681 1887 1714 1925 3.
1741 1893 1781 1914 π.
1806 1876 1852 1914 de
1872 1876 2112 1914 solutionibus,
2141 1875 2427 1923 Legxxxtv.

1405 1925 1582 1963 Mandati.
1607 1928 1754 1964 Omnes
1774 1926 1881 1965 nostri
1901 1927 1984 1974 nihil
1998 1933 2178 1971 movent,
2207 1926 2280 1965 fine
2299 1927 2426 1976 quibus

1404 1983 1528 2015 tamen
1545 1977 1685 2026 semper
1704 1978 1937 2016 temerarium
1959 1976 2045 2016 duxi
2063 1976 2262 2026 quidquam
2275 1989 2428 2025 novare,

1405 2026 1468 2065 nifi
1501 2039 1585 2065 cum
1628 2028 1743 2065 nullus
1775 2028 1889 2066 sensus
1919 2036 2091 2075 emergat.
2136 2025 2305 2066 Cauffam
2327 2056 2338 2074 ‚
2377 2031 2426 2068 ob

1403 2089 1513 2127 quam
1534 2089 1647 2117 nemo
1670 2079 1822 2116 voluerit
1840 2079 1987 2126 reipubl.
2017 2079 2147 2116 debere
2167 2106 2177 2123 ,
2197 2077 2289 2123 effe,
2324 2078 2426 2129 quod

1402 2129 1560 2176 publicae
1584 2130 1759 2177 pecuniae
1776 2140 1853 2166 non
1875 2128 1948 2166 fine
1977 2129 2181 2177 pignoribus
2211 2130 2425 2176 credantur,

1401 2180 1581 2228 eleganter
1602 2179 1755 2217 ostendit
1781 2179 1880 2217 idem
1909 2180 2040 2217 Noodt
2063 2192 2093 2218 c.
2112 2181 2138 2217 l.
2166 2191 2242 2229 cap.
2259 2182 2306 2219 X.
2329 2182 2423 2219 Mox

1402 2241 1469 2278 pro
1486 2240 1696 2268 mutuantur
1717 2228 1820 2267 Voff.
1855 2231 1893 2267 ἃ
1920 2229 1988 2267 Ed.
2018 2229 2103 2268 Vct.
2123 2232 2355 2277 muniantur,
2381 2233 2421 2269 &

1401 2282 1491 2319 infra
1525 2292 1592 2329 pro
1622 2289 1719 2331 putes
1746 2280 1929 2330 Gryphius
1958 2281 2121 2330 expressit
2140 2291 2261 2330 putas.
2297 2282 2422 2320 Lou-

1406 2342 1607 2370 cortus

1465 2394 1496 2420 1.
1525 2389 1581 2422 Ne
1601 2382 1652 2431 sic
1669 2382 1862 2433 quiderm]
1903 2381 2011 2420 Abest
2031 2383 2171 2434 quidem
2189 2393 2210 2421 a
2231 2378 2332 2420 V-oss]
2351 2391 2421 2418 nec

1400 2434 1599 2481 agnoscunt
1623 2444 1708 2470 cum
1747 2434 1860 2482 prima
1898 2433 2060 2473 editione
2097 2433 2210 2472 Aldus
2234 2459 2245 2476 ,
2280 2431 2414 2478 Junta‚

1403 2483 1610 2522 Schurerius
1632 2511 1644 2529 ‚
1680 2483 1791 2533 idque
1827 2495 1904 2522 non
1938 2495 2077 2533 praeter
2103 2493 2258 2522 rnorem.
2291 2481 2416 2518 Livius

1405 2535 1484 2572 Lib.
1509 2535 1555 2574 11.
1591 2545 1669 2583 cap.
1694 2535 1800 2572 XIV.
1837 2547 1924 2585 quae
1949 2547 1997 2573 ne
2026 2537 2063 2572 in
2088 2531 2283 2586 potestatfm
2305 2529 2419 2579 populi

1407 2586 1551 2624 Romani
1569 2584 1663 2634 esset,
1692 2592 1732 2624 ut
1750 2585 1852 2624 estin
1873 2585 1968 2622 Cod.
1995 2585 2081 2622 Bibl.
2114 2579 2275 2628 Amphff.
2296 2581 2417 2620 Senat.

1406 2636 1577 2683 Lipsiens.
1604 2637 1714 2684 vulgo
1736 2649 1777 2674 ne
1792 2636 1830 2674 in
1849 2634 2040 2684 potestatem
2058 2632 2202 2683 quidem.
2228 2628 2322 2686 Iterrt
2334 2630 2416 2668 Lib.

1406 2686 1472 2725 IV.
1499 2698 1578 2736 cap.
1591 2685 1655 2724 [ΙΙ.
1681 2691 1745 2723 An
1759 2714 1770 2729 ‚
1789 2687 1872 2737 nesi
1883 2686 1932 2736 fit
1945 2711 1954 2728 ,
1967 2684 2016 2720 ad
2031 2678 2256 2731 gubernacula
2276 2679 2417 2728 mpubl.

1406 2740 1562 2776 accedere
1580 2750 1657 2774 eum
1679 2737 1861 2785 patiemur.
1895 2735 1942 2771 ibi
1968 2733 2071 2770 eriam
2095 2731 2254 2777 vulgatae
2276 2730 2416 2777 praese-

1407 2796 1490 2826 runt
1513 2801 1553 2825 ne
1563 2788 1596 2840 fi
1608 2788 1658 2839 fit
1679 2786 1829 2836 quidem.
1861 2783 1929 2821 Sed
1960 2782 2051 2819 hanc
2073 2780 2275 2834 particulam
2296 2782 2418 2818 exclu-

1403 2838 1493 2876 dunt
1513 2838 1594 2876 istae
1614 2837 1858 2875 membranae.
1885 2831 2012 2868 Noster
2028 2831 2108 2868 Lib·
2131 2829 2176 2867 ll·
2200 2829 2295 2878 Epist
2317 2831 2421 2875 ΧΙΙΙ.

1405 2902 1441 2926 n.
1463 2899 1496 2933 3.
1517 2893 1722 2926 Convertere
1741 2885 1791 2921 ad
1822 2880 1943 2928 nostros
1963 2896 1973 2916 .·
2014 2893 2071 2917 nac
2101 2879 2160 2916 hos
2188 2880 2325 2918 multos.
2354 2884 2418 2928 ubi

1404 2931 1513 2987 aliqui
1531 2948 1600 2976 nec
1620 2936 1677 2972 hos
1696 2933 1841 2982 quidem
1864 2931 1988 2968 multos
2002 2957 2011 2973 ,
2031 2931 2087 2968 cui
2105 2929 2223 2967 adfine
2244 2930 2292 2968 est
2314 2934 2418 2978 unius

1405 2988 1500 3025 Cod.
1522 2999 1541 3024 a
1575 2986 1790 3023 Brummero
1812 2981 1969 3025 excussi,
1995 2993 2051 3018 nec
2078 2982 2159 3029 quia
2194 2980 2252 3019 hos
2281 2982 2420 3027 multos,

1402 3038 1494 3079 adde
1518 3037 1683 3075 Cortium
1712 3032 1758 3070 ad
1788 3030 1919 3070 Sallust.
1946 3031 2030 3080 Jug.
2063 3042 2139 3080 cap.
2170 3031 2292 3072 LVII.
2317 3041 2419 3120 nb6-

2382 3101 2421 3129 c.
