2616 3686
362 269 381 273 ,,
494 209 917 267 '‘“LIB‘E'R
962 210 1030 262 11.
1077 209 1207 262 ἘΡ
1252 208 1672 263 ISTO‘LA
1740 218 1804 266 V.
2172 240 2263 283 109

194 309 370 362 tamen-
397 301 533 356 haec
554 297 689 370 ipsa,
724 307 982 370 quantum
1009 294 1151 348 ratio
1170 292 1415 361 exegerit
1437 331 1455 357 ,
1494 292 1686 346 reseca.
1745 294 1994 363 Quoties
2031 298 2170 353 enim
2187 305 2255 358 ad

190 375 450 432 fastidium
472 371 801 442 legentium,
831 365 1147 437 deliciasque
1172 365 1395 432 respicio
1411 402 1426 426 ‚
1466 365 1711 434 intelligo
1735 364 1886 419 nobis
1910 372 2254 426 commenda-

184 450 394 504 tionem
415 443 428 464 ¹
453 459 522 496 ex
549 443 652 513 ipsa
685 439 1055 495 mediocritate
1080 435 1197 490 libri
1221 436 1526 506 petendam.
1603 436 1749 490 Idem
1777 448 1987 498 tamen,
2026 442 2116 507 qui
2143 461 2168 495 a
2197 458 2250 497 te

188 519 324 574 hanc
355 517 371 536 ²
410 513 758 568 austeritatem
796 510 984 579 exigo,
1023 526 1194 579 cogor
1219 508 1303 570 id,
1340 508 1492 578 quod
1518 507 1783 562 diversum
1810 508 1913 571 est,
1957 510 2249 579 postulare,

191 605 251 645 ut
285 592 338 644 in
373 584 631 659 plerisque
672 583 697 610 ³*
727 583 962 637 frontem
990 581 1244 635 remittas,
1319 579 1455 634 Sunt
1485 582 1627 634 enim
1654 579 1918 649 quaedam
1946 579 2253 639 adolescen-

192 664 328 716 tium
350 656 551 713 auribus
576 654 779 716 danda,
815 652 1123 725 praesertim
1150 652 1183 706 fi
1204 652 1428 706 materia
1457 669 1565 706 non
1594 652 1910 722 refragetur.
1986 652 2122 706 Nam
2159 656 2255 711 de-

194 733 496 803 scriptiones
517 726 790 790 locorum‚
825 742 963 797 quae
986 726 1038 778 in
1066 725 1172 778 hoc
1195 725 1333 778 libro
1361 723 1750 794 frequentiores
1776 736 1961 788 erunt,
1998 740 2107 778 non
2131 732 2150 756 ⁴
2175 728 2256 783 hi-

196 805 383 860 storice
418 811 621 852 tantum
645 835 662 860 ‚
697 797 789 852 sed
825 812 994 867 prope
1021 798 1236 866 poe'tice
1272 794 1524 867 prosequi
1562 796 1634 851 fas
1673 797 1762 850 est.
1802 796 1970 868 Quod
2007 810 2185 854 tamen
2221 799 2257 856 fi
2337 826 2341 831 ·

195 876 308 947 quis
334 870 570 928 extiterit
591 871 682 941 qui
706 882 859 942 putet
885 885 984 924 nos
1021 880 1033 907 ⁵
1060 870 1243 924 laetius
1267 865 1478 931 fecisse‚
1517 885 1689 939 quam·
1713 871 1969 925 orationis
2007 868 2256 930 severitas

2147 948 2265 1013 CXI-g

191 1091 275 1121 mm
290 1082 418 1121 librarii
439 1082 572 1133 saepius
593 1089 796 1134 peccarunt.
852 1081 1080 1131 Deservimus
1113 1083 1193 1121 vul-

190 1143 240 1182 go
285 1133 466 1180 legebatur
491 1162 500 1178 ‚
528 1142 637 1185 atque
685 1134 743 1171 ita-
779 1132 914 1171 Plinius
949 1134 1079 1181 Paneg.
1119 1144 1195 1182 cap.

192 1183 386 1220 LXXVII.
432 1183 618 1222 honoribus
663 1184 836 1234 deservire
883 1183 980 1221 dixit.
1047 1183 1217 1234 Tamen,

191 1233 296 1271 MSS.
317 1233 482 1282 Bongars.
506 1235 702 1273 Lindenbr.
725 1233 825 1272 Voff.
850 1234 1058 1283 praeferunt
1082 1234 1200 1282 servi·
1215 1270 1216 1273 ,
1233 1232 1295 1270 ubi
1317 1232 1417 1281 plura
1439 1232 1612 1270 Raderus.
1635 1231 1817 1283 quaedam
1842 1233 1953 1270 etiam
1987 1232 2176 1283 Scioppius
2207 1236 2253 1275 ad

189 1296 289 1328 mus,
319 1284 420 1333 quod
443 1286 529 1322 huic
549 1286 635 1323 loco
658 1287 772 1334 magis
794 1286 961 1332 congruit
976 1312 985 1328 ‚
1016 1286 1053 1322 ὃς
1069 1284 1199 1321 Tullio
1231 1283 1385 1332 Priapei.
1409 1282 1563 1321 Praefat.

191 1332 519 1383 ftequentiffimum
551 1335 600 1373 est
623 1363 643 1380 ,.
681 1345 720 1373 ut
751 1337 965 1373 monuimus
998 1334 1043 1371 ad
1069 1334 1199 1372 Sallust.

192 1382 273 1421 Cat.
295 1395 369 1433 cap.
393 1384 534 1422 LII..n.
558 1398 613 1435 23.
646 1385 710 1422 Ubi
730 1386 826 1424 domi
850 1384 1115 1433 voluptatibus,
1144 1385 1217 1421 hic=
1284 1382 1469 1419 Carminis
1491 1382 1634 1421 incomti
1657 1383 1753 1432 lusics
1774 1382 1899 1421 lefiure
1917 1393 2070 1432 procaces

186 1435 344 1481 pecuniae
387 1446 452 1472 aut
481 1437 620 1483 gratiae
655 1436 797 1473 servitis.
851 1435 959 1471 Adde
982 1436 1131 1472 Rivium
1155 1436 1201 1473 ad
1335 1433 1557 1470 Conveniens
1582 1435 1686 1471 Lario
1708 1445 1808 1482 pone
1830 1434 2070 1482 supercilium.

190 1484 305 1522 Cicer.
341 1484 436 1522 Brut.
469 1497 543 1533 cap.
577 1485 714 1522 LXIX.
749 1486 788 1522 ὅ(
819 1483 1014 1522 Heinsium
1048 1484 1092 1521 ad
1112 1486 1201 1521 Pru-

190 1531 303 1571 dentii
323 1534 583 1581 Psychomach.
636 1535 786 1572 Praefat.
809 1545 860 1570 vs.
887 1545 938 1570 η.
967 1534 1076 1571 Aust.
1112 1535 1217 1577 Dia-1
1237 1531 1378 1570 Eadem
1410 1532 1600 1570 locutione
1633 1532 1714 1570 usus
1737 1531 1786 1570 est
1811 1532 1973 1571 Sedulius
1998 1535 2256 1577 Carmrasch:

190 1581 263 1629 log.
296 1583 341 1619 de
376 1585 520 1619 Orator.
561 1595 635 1632 cap.
669 1584 712 1619 X.
747 1583 855 1630 princ.
910 1588 978 1619 Nec
999 1583 1103 1632 opinio
1125 1582 1377 1634 qui-{Prolog
1401 1594 1451 1619 vs.
1475 1593 1507 1631 3.
1561 1582 1658 1619 Infra
1685 1583 1907 1622 Mediceus:
1938 1597 2026 1620 nam
2058 1585 2258 1636 discriptio-

192 1631 270 1668 dem
305 1643 347 1671 (9-
370 1634 480 1676 fama
504 1661 514 1676 ,
553 1636 610 1671 cui
636 1633 702 1682 soli
734 1632 891 1670 serviunt
915 1662 925 1678 ‚
962 1646 1065 1682 aeque
1083 1642 1200 1682 poetas
1234 1643 1321 1669 nem
1344 1633 1505 1669 locorum.
1535 1633 1633 1671 Vide
1668 1633 1765 1682 sequ.
1788 1632 1896 1680 Epist.
1920 1634 1989 1671 Vl.
2013 1647 2047 1671 n.
2072 1647 2103 1672 2.

192 1692 300 1728 quam
322 1692 474 1719 oratores
489 1682 659 1732 sequitur.
712 1685 878 1718 Δελεῦειν
917 1684 1049 1721 Graeci
1081 1683 1201 1723 simili-
1284 1694 1308 1727 4
1334 1682 1531 1731 Historice.]
1573 1684 1684 1720 Vere.
1720 1683 1822 1731 quod
1843 1681 1938 1721 adeo
1957 1685 2086 1732 probat
2107 1693 2148 1722 ut
2173 1686 2257 1726 Libi
2319 1686 2321 1689 ⁴

191 1738 247 1768 ter
271 1732 528 1782 frequentant,
554 1733 657 1782 quod
674 1732 753 1771 alibi
778 1731 965 1770 docemus.
993 1733 1094 1770 Hinc
1107 1735 1201 1773 Cae-
1232 1730 1318 1768 VII.
1341 1732 1458 1770 dicat:
1488 1738 1589 1779 Saepe
1611 1733 1648 1768 in
1671 1734 1827 1769 oratione
1851 1745 1983 1783 quoque
2019 1747 2085 1770 non
2121 1735 2258 1781 histori-
2287 1774 2292 1779 ,

193 1780 245 1817 sar
278 1782 325 1818 ll.
359 1783 397 1820 B.
432 1783 513 1819 Civ.
547 1793 622 1831 cap.
657 1781 812 1820 XXVII.
868 1781 1024 1821 Auribus
1039 1783 1201 1830 servire,
1231 1793 1286 1818 cae
1306 1783 1406 1820 modo
1422 1810 1431 1826 ‚
1451 1782 1516 1832 sed
1531 1791 1632 1834 prope
1648 1784 1801 1833 politicae
1824 1783 2062 1833 descriptionis
2087 1786 2256 1834 neceffitat

195 1830 258 1874 &,
285 1833 345 1881 qui
377 1833 449 1869 huc
480 1835 623 1881 proprie
656 1831 739 1870 facit
761 1861 771 1877 ‚
817 1833 950 1870 Cicero
973 1833 1077 1870 XIV.
1101 1829 1368 1872 Fam.lincidit.
1398 1833 1553 1871 CATAN.

196 1877 301 1927 Epist.
336 1882 402 1919 lV.
433 1894 468 1918 n.
499 1884 532 1918 6.
589 1882 681 1920 Illius
704 1881 854 1932 misellae
874 1893 916 1921 ω’
939 1884 1202 1930 matrimonio,
1286 1895 1304 1931 ς
1335 1883 1457 1921 Latius
1476 1882 1624 1933 suffla]
1652 1883 1816 1923 Pluribus
1832 1885 2260 1933 complexos.·N0nd112

195 1939 239 1966 (9·
274 1930 391 1969 famae
424 1931 649 1971 serviendum
681 1932 734 1979 est.
786 1931 915 1970 Nostra
935 1933 1047 1972 leetio
1071 1934 1202 1982 placuit
1235 1933 1341 1980 plicet
1363 1934 1493 1971 lautius
1508 1961 1520 1978 ,
1545 1935 1619 1972 hOC
1642 1933 1714 1979 est,
1736 1936 1879 1973 Uberius
1903 1938 1941 1973 &
1956 1936 2148 1985 COPiOfiUS-
2177 1940 2256 1977 Ve-¹

199 1979 307 2016 etiam
333 1981 511 2031 Gryphio,
539 1982 692 2021 Com-g,
1235 1993 1317 2019 rum
1338 1982 1366 2020 st
1386 1985 1483 2032 leges
1505 1984 1655 2029 laetius,
1684 1985 1721 2022 id
1745 1995 1954 2034 opponetur
1981 2014 1991 2029 ‚
2019 1987 2177 2026 tristitiae
2199 2000 2258 2027 ac-

251 2042 265 2066 1
300 2030 415 2069 Etiam
439 2045 480 2068 ex
500 2032 570 2083 ipsa
595 2033 676 2070 libri
699 2033 972 2083 mediocritate]
1013 2031 1065 2069 ‘rb
1095 2036 1203 2072 etiam
1235 2034 1519 2072 commodatius.
1558 2036 1712 2073 Causas.
1746 2036 1903 2073 Probent
1935 2037 2090 2075 alterum
2115 2038 2257 2079 laetius.

194 2077 289 2117 'abest
334 2083 376 2120 ab
414 2083 516 2120 MSS.
554 2083 686 2121 Medic.
725 2083 826 2121 Voff.
865 2084 1032 2132 Bongars.
1073 2086 1200 2125 Oxou.
1237 2083 1325 2121 Hoc
1349 2087 1449 2123 enim
1475 2088 1520 2132 τῷ
1550 2086 1735 2133 fiweritati
1757 2096 1799 2122 ac
1821 2086 1986 2131 triliitiae
2024 2089 2155 2126 reftius
2189 2103 2257 2140 op·-

1235 2135 1392 2181 ponitut.
1442 2136 1651 2174 BuanEri.
1680 2138 1854 2180 Laetius,
1882 2136 1917 2174 id
1946 2137 2019 2181 est,
2050 2139 2256 2186 copiosius,

1236 2183 1459 2233 splendidius.
1498 2187 1650 2225 Betim.
1689 2187 1732 2224 In
1756 2187 1868 2223 Arnz.
1893 2186 1940 2224 est
1964 2198 1982 2223 a
2006 2189 2122 2235 prima
2145 2202 2256 2229 manu

1230 2235 1347 2281 satius
1361 2263 1371 2279 ‚
1399 2249 1418 2273 a
1437 2237 1596 2274 secunda
1618 2244 1744 2274 autem
1766 2236 1864 2273 idem
1883 2264 1892 2280 ‚
1920 2238 2021 2285 quod
2045 2239 2080 2274 in
2104 2239 2257 2279 Helmll:

1239 2284 1406 2333 Bongars.
1429 2285 1532 2326 Uoss.
1553 2287 1683 2334 legitur
1699 2314 1709 2329 ‚
1725 2289 1872 2333 'nempe
1896 2286 2014 2322 latius.
2069 2288 2139 2324 Sed
2164 2292 2258 2339 opti-

1240 2345 1321 2372 mus
1356 2335 1548 2374 Mediceus
1580 2336 1764 2384 perspicue
1798 2336 1922 2372 laetius
1946 2363 1956 2379 ,
2008 2336 2120 2384 idque
2147 2340 2259 2389 longe

1240 2383 1388 2430 praestat
1423 2386 1572 2432 vulgato
1605 2386 1738 2422 lautius
1761 2412 1771 2428 ‚
1808 2394 1848 2422 ut
1881 2387 1952 2422 iam
1978 2387 2067 2424 vidit
2091 2388 2260 2430 ssuchness-

1240 2442 1320 2477 rus,
1350 2436 1389 2470 &
1413 2434 1648 2471 confirmatur
1669 2435 1712 2471 ab
1734 2435 1788 2471 his
1819 2463 1828 2479 ,
1857 2446 1950 2484 quae
1986 2439 2258 2487 coniunguntur

1235 2484 1383 2531 poetice,
1405 2485 1606 2532 severitas,
1636 2483 1792 2530 tristitia.
1846 2485 1905 2521 Est
1927 2487 2025 2523 enim
2049 2487 2143 2524 laeta
2167 2494 2259 2539 scri.

1236 2541 1344 2581 ptura
1370 2533 1498 2571 eadem
1515 2563 1525 2578 ‚
1552 2547 1646 2583 quae
1662 2534 1791 2584 florida
1805 2535 1916 2573 hodie
1931 2546 2083 2574 vocatur
2098 2567 2107 2582 ‚
2135 2552 2257 2589 eoque

1243 2582 1342 2621 sensu
1364 2585 1497 2622 iterum
1511 2584 1696 2622 Secundus
1711 2584 1800 2622 infra
1814 2586 1893 2623 Lib.
1908 2586 1974 2624 ΙΙΙ.
1989 2588 2094 2636 Epist.
2110 2589 2179 2627 XV
2190 2592 2256 2631 III.-

1241 2645 1274 2669 n.
1301 2647 1353 2671 10.
1408 2640 1462 2671 Ac
1484 2635 1572 2672 mihi
1593 2636 1731 2683 quidem
1753 2635 1882 2683 confido
1904 2638 1940 2675 in
1962 2637 2020 2674 hoc
2039 2653 2156 2686 genere
2178 2655 2258 2679 ma-

1243 2684 1349 2721 teriae
1365 2684 1521 2723 laetioris
1542 2685 1609 2727 stili
1631 2684 1780 2732 conflare
1804 2688 1978 2726 rationem
2000 2717 2009 2732 ‚
2039 2701 2115 2725 cum
2139 2705 2177 2727 ea
2198 2698 2260 2742 pn..

1245 2735 1314 2770 zius
1347 2747 1436 2784 quae
1467 2735 1612 2784 pressius
1643 2748 1685 2775 εν
1713 2734 1931 2783 adstriffius,
1982 2751 2065 2775 uam
2083 2740 2147 2777 illa
2168 2753 2259 2792 quae

1244 2785 1408 2828 hilarius,
1437 2797 1481 2825 <9-
1502 2785 1600 2835 quasi
1618 2786 1846 2824 exsultantius
1861 2789 1951 2838 scrip
1966 2803 1976 2825 ι
1993 2817 2002 2832 ,
2025 2791 2146 2838 poffmt
2157 2793 2255 2832 vide-.-

1289 1079 1485 1129 Contigeris
1509 1079 1638 1127 nostros
1653 1107 1662 1123 ‚
1691 1079 1846 1130 Caesia,
1868 1077 2010 1128 fifhrte
2033 1080 2173 1120 libellos·

1339 1136 1532 1169 Terrarum
1555 1132 1737 1169 dominum
1758 1141 1858 1179 pone
1879 1130 2121 1181 supercilium.

196 2128 357 2168 Arnzen.
390 2134 434 2171 &.
460 2132 526 2170 Ed.
559 2134 748 2179 sichardi,
786 2145 944 2183 quorum
990 2134 1203 2176 auctoritate

194 2184 443 2227 expunximus.
472 2183 552 2221 MS.
567 2183 966 2222 Heimstad.&A1dus:
997 2186 1088 2222 &ex
1109 2188 1201 2235 ipsa;

196 2227 392 2269 Lindenbr.
423 2234 530 2271 etiam
560 2234 638 2283 ipsa
668 2236 756 2272 med.
789 2234 883 2271 libri.
934 2235 1048 2272 Unde
1083 2245 1204 2284 patet,

194 2277 504 2333 Praepofitionem
527 2297 569 2321 ex
592 2287 713 2332 primo
737 2296 780 2325 (9·
804 2313 814 2329 ,
841 2293 881 2322 ut
914 2283 1059 2323 infinitis
1091 2286 1180 2326 locis
1195 2317 1205 2332 ‚

195 2326 327 2370 deinde
348 2333 457 2369 etiam
480 2333 662 2383 peperisse.

243 2391 263 2415 2
294 2382 583 2431 Austerieatem]
641 2386 877 2422 Severitatem
912 2413 922 2429 ‚
968 2384 1205 2433 asperitatem.

194 2428 380 2514 graecum
405 2434 624 2472 vocabulum
639 2462 649 2479 ,
679 2436 778 2472 cuius
790 2435 1012 2471 contrarium
1023 2434 1072 2472 est
1080 2437 1206 2484 suave.

232 2491 347 2519 ATAN.

243 2540 261 2576 3
296 2537 456 2570 frontem
490 2531 691 2579 remman]
732 2533 774 2570 ln
806 2533 978 2571 laetitiam
1013 2534 1205 2574 resolvaris.

194 2578 290 2616 Nam
327 2582 520 2622 severiores
553 2584 631 2621 sunt
667 2583 788 2622 fronte
821 2584 1064 2622 contractiore
1088 2587 1127 2624 &
1149 2598 1206 2624 ca-

197 2633 383 2676 peratiore.
411 2634 511 2672 Hinc
533 2633 690 2672 Martial.

1218 2371 1224 2393 l

247 2730 359 2816 {riste-
364 2733 588 2783 supercilium
612 2735 756 2785 durique
771 2736 902 2784 severa
925 2736 1072 2773 Catonis

279 2792 367 2821 rans.
430 2802 577 2816 -—-

205 2873 348 2933 §arim
374 2883 435 2922 De
447 2886 569 2930 fronte
591 2897 681 2924 vero
702 2885 827 2923 hilaro
843 2913 853 2928 .
880 2887 918 2924 &
942 2897 1053 2935 quam
1077 2887 1203 2925 diserte
1240 2894 1377 2933 precor,
1404 2897 1442 2922 ut
1476 2887 1682 2936 quandoque
1719 2887 1841 2923 veniat
1873 2889 1941 2926 dios
1966 2917 1976 2934 ,
2015 2903 2079 2939 quo
2111 2892 2256 2933 austeris

204 2923 242 2959 ld
271 2925 400 2969 dicutur
423 2962 434 2977 ,
471 2936 554 2974 vide
589 2936 635 2974 A.
657 2937 750 2973 Gell.
771 2939 807 2974 in
834 2936 943 2974 Nou.
968 2937 1097 2975 Atticis
1122 2938 1221 2976 Lib..
1242 2935 1311 2980 islis
1329 2936 1528 2986 sexerisque-
1543 2936 1657 2974 dulcia
1686 2936 1766 2974 haec
1789 2937 1982 2989 blandaque
2001 2940 2058 2977 vel
2069 2940 2163 2987 :iusta
2180 2946 2253 2993 pos-

201 2972 325 3012 XV.c.
347 2992 380 3027 9.
406 2984 568 3028 Sidonius
591 2986 670 3024 Lib.
692 2987 798 3024 VIII.
822 2986 930 3035 Epist.
955 2986 1018 3023 IX.
1043 2992 1201 3025 Tantum
1233 2985 1366 3034 sessione
1399 2987 1577 3024 decedant.
1628 2987 1703 3025 Ubi
1740 2988 1868 3026 eadem
1902 2992 2101 3028 coniundta
2134 2993 2255 3033 simul-

206 3032 247 3059 tu
282 3035 461 3080 aftumque
493 3036 660 3073 moderere
697 3038 940 3074 Catonianum
967 3037 1202 3086 superciliosae
1241 3048 1313 3085 que
1337 3037 1479 3086 optime
1501 3037 1675 3086 explicata
1698 3038 1808 3076 vides.
1847 3040 1918 3078 Sed
1940 3042 2009 3078 illic
2032 3043 2141 3079 etiam
2165 3054 2247 3081 con-

196 3076 349 3172 {ginis
374 3080 571 3124 arbitrium.
620 3086 722 3127 Hinc
757 3087 931 3129 Martialis
968 3088 1049 3128 Lib.
1085 3088 1113 3128 Ι.
1151 3089 1201 3127 Ε-
1242 3095 1294 3125 tra
1329 3088 1461 3137 optimi
1494 3088 1571 3129 libri
1592 3087 1715 3176 <§dem
1751 3089 1885 3130 latioris
1908 3090 1981 3142 stili
2007 3094 2253 3142 vulgaveranr:

1243 2838 1276 2872 ri
1297 2834 1450 2881 arceffita
1479 2847 1522 2875 (9·
1559 2837 1706 2873 indubia
1731 2852 1740 2871 :
1790 2849 1858 2873 non
1885 2841 1958 2876 ideo
1982 2849 2104 2877 tamen
2119 2842 2262 2890 segnius
2328 2860 2337 2865 -
