2616 3686
505 170 851 223 LIBER
913 169 1014 229 JV.
1080 168 1652 219 EPISTOLA
1717 168 1861 219 XVI.

2143 174 2235 230 289

133 256 426 318 Concurrit
459 267 636 309 autem
665 289 680 313 ,
731 262 792 306 ut
831 246 889 303 fit
925 248 1122 303 eodem
1162 263 1302 302 anno
1336 247 1581 317 quaestor
1615 249 1876 300 maximus
1912 261 1926 283 ι
1952 261 2018 300 ex
2045 245 2220 300 liberis
2271 254 2302 294 6

143 335 269 389 Rufi
297 327 502 384 Afinius
527 322 731 387 Busae,
762 321 970 393 juvenis
994 319 1205 382 (nescio
1229 336 1292 372 an
1317 320 1523 383 dicam,
1563 318 1712 389 quod
1742 335 1829 370 me
1853 330 2002 386 pater
2028 316 2079 369 δε
2106 319 2222 373 sen-

130 406 231 458 tire
265 401 320 455 δε
359 399 540 452 dicere
588 399 734 468 cupit
757 432 772 457 ,
816 391 1168 446 adolescentis
1196 391 1520 447 verecundia
1551 389 1728 447 vetat)
1756 404 1771 421 ²
1797 389 1908 459 ipso
1938 402 2085 457 patre
2110 406 2224 442 me·

130 477 246 528 lior.

325 469 563 524 Difficile
597 468 670 523 est
695 508 709 528 ,
773 477 830 518 ut
873 463 1003 518 mihi
1041 465 1111 519 de
1149 464 1361 518 absente
1396 463 1582 518 credas
1610 502 1626 525 ‚
1663 476 1965 533 quanquam
1997 460 2221 515 credere

38 613 48 618 -
127 546 261 601 soles
288 546 466 597 omnia
489 580 505 605 ,
545 553 747 594 tantum
775 537 828 590 in
851 536 941 590 illo
968 536 1251 591 industriae
1278 574 1294 600 ,
1332 537 1606 608 probitatis
1633 573 1649 598 ‚
1689 532 2035 594 eruditioniS‚
2075 533 2225 601 inge·

131 620 204 672 nii
239 657 254 677 ‚
303 614 495 676 studii,
546 609 833 666 memoriae
856 608 1091 680 denique
1114 607 1218 663 effe
1244 649 1259 671 ,
1318 609 1332 634 ³
1365 623 1632 678 quantum
1678 618 1930 677 expertus
1968 603 2223 657 invenies,

136 690 343 744 Vellem
372 700 475 739 tam
501 696 518 721 ⁴
539 684 686 738 ferax
710 681 943 735 seculum
973 680 1125 734 bonis
1151 681 1348 734 artibus
1375 681 1717 740 haberemuS,
1755 693 1814 732 ut
1844 677 2045 746 aliquos
2070 674 2223 731 Baffo

134 760 393 831 praeferre
416 756 652 810 deberes,

728 752 880 806 Tum
911 769 1014 822 ego
1045 767 1097 807 te
1122 754 1323 824 primus
1350 753 1621 815 hortarer,
1664 765 2087 819 moneremque,
2125 750 2228 802 cir-

2274 473 2309 519 7

2278 672 2306 720 8

131 831 420 885 cumferres
447 828 734 888 OCUIOS,ac
760 824 850 880 diu
879 825 1192 896 pensitareS,
1230 842 1391 896 quem
1411 823 1734 895 potissimum
1752 824 1991 892 eligeres.
2035 820 2224 874 ⁵Nunc
2281 830 2310 869 9

135 917 293 957 vero:
340 898 429 953 sed
470 898 598 952 nihil
638 898 762 951 volo
800 898 870 952 de
905 901 1078 952 amico
1123 913 1246 951 meo
1293 896 1624 966 arrogantius
1663 896 1846 948 dicere
1873 933 1888 956 ,
1927 893 2031 947 hoc
2056 892 2223 946 solum

136 974 286 1034 dim,
325 969 547 1039 dignum
585 969 687 1024 effe
717 969 1003 1040 juvenem,
1041 987 1205 1041 quem
1230 972 1249 995 ⁶
1272 986 1424 1022 more
1450 971 1708 1038 majorum
1736 967 1786 1019 in
1815 966 1905 1019 filii
1933 966 2111 1018 locum
2149 983 2226 1020 as-

130 1045 311 1101 sumas.
358 1041 572 1098 Debent
595 1054 772 1099 autem
800 1041 1058 1113 sapientes
1088 1043 1219 1108 viri,
1258 1055 1317 1096 ut
1345 1055 1432 1107 tu,
1471 1042 1598 1096 tales
1621 1039 1764 1112 quasi
1787 1035 1802 1061 ⁷
1839 1037 2030 1091 liberos
2057 1054 2084 1090 a
2111 1054 2220 1107 rep.
2285 1057 2342 1095 ιο

2085 1111 2228 1163 acci-

127 1255 258 1292 virtute
288 1260 348 1292 tua
381 1253 510 1293 iudicia
535 1270 544 1299 ;
574 1252 647 1291 Alii
671 1251 806 1290 virtuti
832 1263 936 1297 tuae3
966 1252 1064 1292 Alii:
1093 1253 1146 1292 ita
1168 1263 1174 1293 i
1201 1255 1367 1302 ferendi,
1394 1265 1434 1293 ut
1456 1250 1712 1294 elaborandum
1734 1249 1810 1298 effer
1828 1248 1866 1286 in
1889 1247 2006 1298 aliquo
2029 1246 2205 1297 deligendo
2219 1253 2241 1298 !¹

1171 1297 1174 1324 i

127 1317 184 1341 nos
215 1305 366 1342 virtutes
394 1315 476 1343 tuae
508 1308 545 1344 &
576 1304 705 1340 iudicia
727 1333 736 1348 ,
765 1305 934 1352 proxime
956 1316 1081 1342 veram
1097 1306 1149 1343 le-
1172 1330 1175 1354 .
1215 1306 1247 1342 C
1262 1319 1284 1343 Α
1300 1320 1322 1344 τ
1339 1319 1412 1343 ΑΝ,

129 1354 289 1393 itionem
306 1382 315 1398 ,
342 1367 454 1404 quam
476 1359 514 1394 &
538 1355 724 1404 Gryphius
739 1383 748 1399 ‚
778 1355 905 1392 Minos
931 1383 942 1398 ‚
970 1355 1148 1394 Gruterus
1173 1359 1175 1377 ¹

1261 1370 1279 1404 ς
1311 1354 1450 1405 Nune]
1485 1355 1583 1393 Puto
1603 1351 1804 1400 legendum
1829 1356 1952 1394 Hunc,
1980 1349 2177 1399 quomodo
2201 1351 2241 1388 &

126 1405 307 1442 exhibent.
352 1406 412 1443 De
435 1407 622 1445 virtutibus
643 1405 756 1453 probe
780 1405 934 1444 Rutilius
962 1405 990 1442 I.
1024 1406 1147 1445 Itiner.
1213 1405 1418 1444 Catanaeus
1440 1405 1585 1443 videtur
1606 1401 1726 1450 legiffe
1742 1430 1752 1445 ,
1781 1402 1921 1440 meliori
1947 1412 2055 1437 nexu.
2105 1401 2162 1438 Sic
2183 1401 2239 1438 su-

127 1465 280 1503 vs.175.

176 1556 304 1593 Sedula
325 1553 478 1603 promisit
492 1555 650 1602 summos
675 1554 826 1591 imitatio
851 1555 990 1602 fasces,

228 1607 262 1642 si
278 1608 342 1652 fas
365 1605 409 1652 est
432 1606 567 1644 meritis
588 1605 699 1644 fidere
715 1633 725 1650 ‚
752 1604 866 1652 consul
885 1607 961 1642 erit.

129 1708 188 1745 ubi
221 1706 288 1743 Ios.
324 1704 567 1744 Castalionein
591 1707 704 1744 adeas.
742 1705 803 1742 De
822 1703 958 1742 iudiciis
985 1706 1150 1755 principis

132 1757 215 1795 vide
240 1757 412 1793 nonnulla
435 1757 479 1794 ad
504 1758 584 1794 Lib.
606 1757 650 1793 X.
676 1755 780 1805 Epist.
802 1755 910 1792 VIII.

186 1820 199 1844 1
232 1813 288 1843 Ex
320 1806 436 1843 liberis
467 1806 595 1856 Rufi]
626 1807 837 1846 Mediceus:
864 1819 906 1844 ex
931 1805 1046 1845 liberis
1071 1808 1149 1845 Ru-

134 1855 289 1895 finianus
312 1856 441 1905 Bassus.

186 1917 206 1941 2
237 1907 303 1954 Ipso
327 1917 426 1954 patre
446 1907 606 1958 melion]
636 1908 758 1947 Simile
771 1907 807 1946 id
820 1908 978 1956 elogium
989 1908 1150 1946 Diome·

138 1955 190 1994 dis
211 1956 306 2004 apud
329 1957 456 1994 Horat.
481 1958 508 1995 1.
531 1958 652 1998 Carm.
675 1958 758 1996 XV.

272 2107 276 2111 .
314 2069 382 2095 ecce
396 2058 494 2104 furit
515 2070 548 2097 te
568 2060 709 2110 reperire
732 2069 836 2097 atrox

186 2108 336 2154 Tydides
358 2109 486 2147 melior
503 2120 614 2161 patre.

139 2205 195 2262 Ex
220 2208 418 2250 Homerica
432 2211 528 2249 iliad.
541 2212 608 2249 IV.
620 2223 672 2250 vs.
686 2225 768 2263 403.
779 2213 841 2251 ubi
857 2212 1047 2251 Sthenelus
1065 2211 1099 2250 se
1114 2213 1152 2250 &

139 2258 366 2314 Diomedem
381 2262 532 2310 patribus
549 2261 617 2300 effe
639 2265 808 2301 meliores
830 2264 925 2302 dicit.
955 2265 1004 2302 At
1026 2263 1071 2301 de
1093 2262 1152 2299 ista

139 2309 411 2395 Euidem‘ceite
440 2312 628 2360 magnifica
659 2313 867 2352 laudatione
891 2343 901 2357 ,
930 2326 1002 2364 qua
1025 2313 1152 2350 dicitur

165 2359 229 2397 luis
242 2370 338 2407 patre
361 2363 512 2407 melior,
539 2365 593 2401 alii
606 2363 772 2403 viderint.
800 2367 1040 2414 Quamquam
1055 2364 1154 2400 enim

140 2419 267 2448 verum
293 2412 403 2450 inderi
428 2414 587 2461 elogium
610 2414 714 2462 poffit
737 2416 897 2465 (quotus
929 2417 1027 2452 enim
1061 2414 1157 2459 quis-

140 2471 212 2509 que
245 2460 293 2513 est
318 2491 327 2506 ‚
365 2466 424 2512 qui
459 2465 587 2502 nesciat
610 2492 619 2506 ‚
649 2467 784 2503 multos
810 2463 879 2502 ess'e
902 2465 1056 2513 patribus
1079 2473 1157 2498 ine-

141 2508 275 2549 liores?
296 2516 308 2559 )
335 2515 523 2552 ambientis
541 2524 667 2552 tamen
691 2518 728 2553 &
751 2516 1006 2564 patrocinantis
1036 2514 1155 2550 homi-

141 2561 194 2599 nis
224 2573 299 2601 vox
331 2563 444 2602 videri
478 2565 591 2613 potest
614 2594 623 2610 ,
661 2577 772 2615 quam
805 2565 928 2603 sinceri
952 2563 1090 2614 prorsus
1118 2564 1156 2601 ὃ(

143 2614 345 2653 verecundi.
372 2613 520 2652 Minos.

196 2671 215 2710 3
240 2665 429 2712 Qantum
460 2675 619 2715 expertus
648 2666 843 2715 invenies.]
875 2667 1026 2704 Summe
1051 2666 1157 2704 futilis

151 2706 268 2751 sensus.
313 2716 493 2763 Legerem
519 2730 527 2753 :
567 2729 741 2765 quantum
764 2727 922 2766 expertus
948 2717 1011 2753 vix
1035 2717 1158 2754 credes.

155 2755 297 2815 ΒΑξιτιι.
323 2767 428 2804 Nulla
448 2768 506 2805 hie
531 2765 676 2805 futilitas
699 2797 708 2812 ‚
736 2767 761 2804 fi
782 2769 878 2806 reete
909 2766 1156 2816 penfitaveris:

159 2817 242 2853 ‘lum
269 2816 381 2870 potius
410 2817 483 2855 hoe
513 2817 631 2855 modo
666 2820 814 2856 virtutes
838 2820 902 2857 viri
924 2821 962 2856 &
985 2829 1158 2866 magnas,

158 2857 407 2904 &cemffimas
428 2866 496 2906 effe
511 2896 520 2912 ,
549 2868 652 2906 fimul
675 2868 856 2917 significat.

211 2918 234 2951 4
259 2915 362 2950 Ferax
391 2917 540 2965 seculum
570 2918 663 2958 bonis
698 2919 843 2958 artibus.
871 2919 886 2968 ]
914 2920 1071 2968 Copiam
1093 2920 1158 2956 bo-

165 2965 294 3016 Ποωῐξῑ
314 2988 325 3005 ,
358 2967 417 3012 qui
442 2969 653 3016 praestarent
685 2973 775 3008 circa
805 2972 918 3008 bonas
949 2981 1049 3008 artes.
1104 2972 1160 3008 Sic

167 3004 222 3062 Μ-
244 3005 271 3043 ’1
285 3009 328 3046 ul.
349 3011 391 3049 de
411 3016 629 3066 Imperatore
651 3021 866 3069 deligendo:
914 3027 1059 3058 Utinam
1083 3033 1159 3057 tam

159 3059 268 3100 ’ΨΜ
288 3057 360 3107 'ff‘t
378 3074 469 3103 aetas
489 3069 601 3116 nostra
615 3099 625 3116 ‚
650 3083 691 3109 ac
713 3083 763 3111 tot
787 3072 888 3122 essent
909 3074 1063 3123 Pompejo
1085 3084 1161 3110 con-

1209 1468 1269 1504 pra
1293 1458 1374 1495 Lib.
1397 1456 1445 1494 II.
1467 1455 1576 1504 Epist.
1600 1454 1645 1489 X.
1673 1451 1858 1488 Hominem
1883 1463 1915 1487 ie
1932 1452 2123 1498 patientem
2138 1477 2148 1493 ,
2175 1451 2239 1489 ubi

1211 1507 1278 1544 alia
1299 1507 1410 1545 leetio
1426 1535 1436 1550 ,
1464 1507 1603 1554 (quain
1626 1503 1674 1540 ibi
1693 1509 1813 1539 tuetur
1848 1501 2002 1547 Catan.)
2045 1502 2237 1537 Nominem

1211 1560 1443 1606 tepatientem
1461 1585 1470 1601 ,
1496 1567 1569 1594 σε.
1599 1555 1754 1591 νεεΝΗ.
1784 1551 1922 1589 Haeret
1935 1551 2016 1589 sane
2028 1552 2065 1588 in
2082 1551 2238 1589 Helinst.

1216 1608 1254 1644 &
1278 1608 1343 1645 Ed.
1366 1608 1453 1645 Vet.
1483 1611 1587 1642 Hunc
1610 1618 1692 1642 vero
1707 1633 1717 1647 ‚
1743 1602 1803 1641 sed
1837 1600 2025 1639 mendose.
2078 1600 2239 1649 Ineptius

1212 1659 1349 1706 aceepit
1383 1654 1625 1694 Veenhusius.
1665 1655 1777 1692 Nunc
1802 1663 1915 1694 vero.
1946 1663 2031 1688 cum
2054 1649 2237 1690 saeculum

1212 1707 1375 1744 nostrum
1410 1706 1505 1743 adeo
1537 1704 1651 1741 sterile
1685 1703 1726 1740 sit
1764 1702 1943 1739 bonarum
1985 1701 2116 1739 artium
2142 1730 2153 1745 ‚
2201 1703 2239 1741 in

1215 1766 1315 1795 tanta
1338 1759 1464 1806 inopia
1489 1757 1653 1793 virorum
1676 1753 1899 1803 proborum,
1935 1752 2027 1789 solus
2045 1751 2165 1790 Bassus
2177 1753 2241 1791 ad-

1211 1807 1410 1846 sumendus
1433 1806 1492 1845 est.
1537 1805 1633 1843 Tale
1656 1803 1744 1854 quid
1773 1802 1891 1840 dicere
1921 1803 2018 1840 velle
2050 1802 2239 1841 videbatur

1210 1859 1343 1896 Plinius
1367 1888 1378 1903 ‚
1417 1859 1455 1896 &
1484 1855 1558 1905 ipsa
1594 1854 1815 1893 construetio
1848 1853 1984 1898 infert,
2011 1853 2070 1890 sed
2092 1864 2177 1890 cum
2202 1854 2239 1893 id

1211 1909 1431 1948 invidiosum
1454 1907 1539 1946 eflet
1554 1936 1564 1952 ,
1592 1906 1690 1944 reete
1710 1904 1903 1957 suppressit.
1936 1904 2051 1942 Refie
2075 1911 2240 1952 propter-

1213 1971 1254 1998 ea
1290 1961 1328 1998 δε
1361 1959 1489 1997 ordine
1505 1959 1568 2008 sed
1590 1957 1767 2005 subiungit
1789 1984 1798 2000 ‚
1828 1955 1930 2004 quod
1953 1957 1988 1993 in
2012 1953 2114 1992 simili
2139 1955 2241 1992 Reti-

1212 2011 1330 2048 centia
1354 2012 1426 2048 iam
1446 2008 1638 2046 adnotavit
1661 2007 1805 2045 Servius
1829 2008 1867 2044 &
1889 2007 1945 2045 alii
1968 2007 2180 2055 interpretes
2193 2005 2241 2044 ad

1209 2061 1297 2100 illud
1318 2061 1484 2100 Maronis
1506 2060 1533 2097 I.
1558 2060 1654 2098 Aen.
1677 2069 1728 2096 vs.
1753 2069 1833 2108 135.

1262 2165 1360 2213 Qos
1380 2177 1460 2214 ego:
1488 2161 1548 2200 sed
1571 2171 1681 2199 motos
1701 2159 1853 2210 praestat
1874 2168 2070 2209 componere
2093 2156 2240 2207 fluefusi

1213 2263 1322 2302 Adde
1348 2260 1531 2312 'Quineiil
1566 2262 1645 2300 Lib.
1669 2261 1732 2299 IX.
1757 2272 1832 2308 cap.
1856 2260 1903 2296 11.
1933 2260 1989 2297 Sic
2009 2258 2135 2296 audior
2157 2258 2239 2297 Lib.

1211 2314 1320 2350 VIII.
1345 2314 1452 2362 Epist.
1473 2312 1596 2349 XXII.
1625 2324 1659 2348 n.
1693 2324 1725 2355 4.
1778 2310 1929 2358 Qtaeris
1951 2308 2102 2357 sortasse
2125 2337 2135 2354 ‚
2173 2324 2239 2359 quo

1214 2374 1403 2400 commotus
1427 2363 1508 2400 haec
1523 2362 1676 2411 scribam
1692 2371 1706 2398 ,ἓ
1736 2360 1864 2409 Nuper
1886 2359 2046 2408 quidam.
2075 2359 2146 2399 Sed
2165 2374 2238 2398 me—

1214 2413 1281 2449 lius
1301 2425 1428 2450 coram.

1266 2465 1288 2499 6
1329 2468 1428 2501 More
1470 2459 1696 2509 majorum]
1736 2463 1813 2509 Qui
1847 2462 1975 2511 dignos
2006 2459 2240 2510 adoptabant.

1219 2513 1316 2551 Nam
1341 2525 1360 2550 a
1384 2512 1458 2551 filio
1479 2513 1519 2549 P.
1544 2511 1718 2560 Scipionis
1739 2512 1956 2550 Africanum
1978 2512 2163 2549 minorem
2177 2513 2239 2550 ad-

1216 2572 1385 2612 optatum
1420 2560 1522 2601 fuifle
1555 2561 1718 2610 legimus.
1759 2563 1790 2599 C
1807 2576 1826 2599 A
1843 2576 1902 2601 τΑ
1919 2576 1954 2599 Ν.
1996 2561 2167 2610 Respexit
2192 2563 2239 2601 ad

1219 2626 1364 2652 morem
1398 2623 1572 2651 veterem.
1627 2613 1724 2650 Nam
1759 2615 1821 2662 qui
1854 2613 2074 2662 Quaestores
2112 2623 2237 2658 erant,

1218 2665 1393 2702 Consules
1414 2670 1475 2701 aut
1499 2663 1586 2700 aiios
1607 2663 1850 2712 magistratus,
1876 2665 1937 2702 sub
1960 2663 2089 2713 quibus
2112 2671 2238 2707 erant,

1215 2716 1300 2752 loeo
1324 2723 1513 2764 parentum
1535 2713 1712 2752 habebant
1736 2727 1743 2750 :
1783 2714 1884 2763 quod
1908 2716 1946 2752 δε
1968 2726 2012 2751 ex
2035 2714 2127 2750 libris
2149 2713 2240 2752 Iuris

1214 2767 1336 2815 liquet.
1376 2767 1525 2802 Minos.
1565 2768 1666 2812 Lege
1689 2763 1876 2802 Budaeum
1899 2764 1944 2801 ad
1962 2763 2132 2801 l'andeet.
2157 2775 2239 2812 pag.

1217 2829 1299 2866 307.
1338 2818 1435 2855 Biia
1456 2829 1529 2853 τη.
1568 2815 1676 2853 Adde
1709 2823 1836 2852 notam
1869 2815 1914 2853 ad
1949 2816 2026 2853 Cic.
2054 2813 2102 2851 ΙΙ.
2135 2813 2238 2853 Fam.

1220 2868 1324 2916 Epist.
1352 2868 1452 2904 XIX.
1478 2879 1512 2904 n.
1539 2879 1568 2904 1.

1270 2931 1286 2965 7
1319 2917 1504 2967 Liberos.]
1545 2916 1763 2965 Quaestores
1785 2945 1795 2961 ,
1834 2918 1896 2964 qui
1927 2916 2006 2953 sunt
2035 2916 2237 2957 consulibus

1220 2971 1297 3007 vice
1331 2970 1538 3007 liberorum.
1587 2969 1703 3006 Cicer.
1738 2969 1774 3005 in
1808 2968 1990 3006 Verrem:
2028 2967 2077 3003 Sic
2097 2968 2187 3004 enim
2209 2983 2234 3005 a

1219 3020 1409 3068 majoribus
1437 3019 1555 3067 nostris
1588 3020 1774 3067 accepimus
1799 3047 1808 3061 ,
1841 3027 2036 3067 praetorem
2066 3017 2236 3068 quaestori

1215 3071 1274 3118 suo
1299 3070 1454 3121 parentis
1484 3071 1552 3109 loco
1580 3067 1636 3116 else
1667 3079 1816 3121 oportere
1841 3088 1850 3110 .·
1890 3069 2030 3109 nullam
2053 3081 2160 3118 neque
2174 3070 2236 3113 ju-

1537 3122 1573 3158 O
1604 3131 1628 3157 ο
2152 3117 2236 3166 flio-3
