2616 3686
334 220 424 275 176
581 200 2253 259 c.P··L1NIICAEC1L11SECUNni

330 286 573 342 letudine
608 284 1056 341 confliRabatur:
1093 282 1340 352 cupiebat
1365 294 1569 335 mutare
1594 279 1981 334 testamentum.
2056 281 2300 352 Regulus
2329 282 2423 352 qui

329 360 562 429 speraret
594 357 790 428 aliquid
816 376 885 414 ex
911 360 923 379 ¹
946 357 1099 410 novis
1124 354 1339 415 tabuliS‚
1379 354 1501 423 quia
1527 369 1694 423 nuper
1717 369 1733 386 ²
1759 365 1971 418 captare
1994 367 2118 406 eum
2141 366 2423 421 coeperat,

332 429 575 483 medicos
611 430 853 492 hortari,
901 443 1130 497 rogare,
1178 441 1407 495 quoquo
1447 423 1614 477 modo
1654 422 1891 492 spiritum
1927 421 2132 474 homini
2165 439 2424 494 proroga-

243 494 275 542 8
328 514 467 554 rent.
546 501 829 570 Postquam
858 513 872 540 ³
901 499 1159 567 signatum
1184 494 1258 549 est
1283 495 1686 555 testamentum,
1725 506 1895 545 mutat
1921 492 2224 560 personam,
2262 496 2423 547 vertit

333 572 712 626 allocutionem
742 609 758 634 ,
812 569 1103 638 iisdemque
1143 565 1362 618 medicis
1391 566 1639 634 quousque
1672 565 1914 632 miserum
1955 563 2212 614 cruciatis
2240 562 2266 616 ,2
2302 564 2435 634 quid

338 643 598 696 invidetis
621 661 638 685 ⁴
662 642 788 694 bona
812 652 1001 700 morte,
1039 637 1122 689 cui
1147 632 1470 688 dare'vitam
1493 653 1590 687 non
1604 634 1858 705 potestis?
1895 637 1905 662 ⁵
1935 633 2174 687 Moritur
2191 632 2424 689 Blaesus:

249 724 279 767 9
336 714 422 778 δε,
465 728 716 783 tanquam
743 712 919 766 omnia
947 707 1196 770 audisset,
1233 706 1450 773 Regulo
1476 722 1546 759 ne
1572 707 1834 759 tantulum
1859 704 2096 775 quidem.
2141 703 2430 760 Sufficiunt

335 785 472 840 duae
509 784 713 838 fabulae
747 821 764 847 ,
824 799 891 839 an
926 776 943 798 ⁶
979 777 1285 835 scholastica
1322 777 1441 849 lege
1481 778 1692 831 tertiam
1725 776 1892 847 poscis
1920 777 1938 827 ?
1987 776 2061 830 est
2094 813 2110 839 ‚
2145 777 2292 830 unde
2321 777 2428 832 fiat.

332 989 397 1029 etsi
429 989 534 1029 sciam
580 990 725 1029 Pedium
767 989 925 1039 Blaesum
943 986 1113 1026 sabinum
1135 997 1156 1023 a
1176 986 1331 1024 Nerone

324 1041 459 1078 Senatu
482 1050 628 1078 motum
653 1069 663 1084 ,
692 1036 1231 1089 Cyrenensibus'accusantibus
1253 1038 1335 1074 vio-

318 1090 439 1127 latum
461 1092 505 1127 ab
527 1102 573 1127 eo
595 1091 800 1128 thesaurum
823 1088 1050 1137 Aesculapii,
1078 1085 1336 1136 delectumque

323 1141 520 1178 militarem
549 1143 673 1189 precio
704 1143 743 1178 &
779 1139 982 1177 ambitione
1013 1145 1251 1185 corruptum,
1281 1139 1338 1174 cui

325 1189 448 1237 poster
461 1191 505 1227 ab
529 1191 684 1228 Othone
704 1192 808 1228 locus
830 1188 1025 1226 senatorius
1049 1187 1235 1224 restitutus.
1266 1188 1341 1225 Le-

327 1240 445 1287 gimus
468 1242 577 1278 etlam
599 1240 758 1284 Junium
784 1239 943 1288 Blaesum
969 1235 1222 1285 Lugdunensis
1256 1237 1344 1274 Gal-

326 1289 394 1326 liae
428 1290 609 1328 rec‘torcm
633 1318 644 1334 ,
681 1301 815 1339 genere
833 1289 1002 1327 illustrem
1018 1316 1027 1331 ,
1054 1287 1193 1334 largum
1218 1288 1346 1324 animo

328 1339 366 1376 δε
400 1349 523 1387 parem
555 1341 684 1388 opibus
708 1368 718 1384 ‚
745 1341 808 1388 qui
829 1339 1010 1376 accusatus
1033 1336 1131 1385 apud
1154 1336 1346 1374 Vitellium

327 1399 477 1425 veneno
499 1389 656 1433 interiit,
682 1391 736 1426 vir
760 1389 933 1426 natalium
959 1389 1158 1425 &morum
1172 1386 1349 1434 elegantia

330 1438 452 1474 clarus.
510 1437 675 1486 Vellejum
697 1440 848 1475 Pau.'um
871 1437 1065 1485 Bithyniae
1085 1436 1347 1475 Proconsulem

330 1488 455 1525 recitat
468 1487 651 1526 Secundus
661 1490 699 1526 in
709 1488 874 1538 Epistolis
886 1487 931 1525 ad
943 1487 1163 1535 TraJanum.
1193 1487 1348 1526 Cia-AN.

384 1550 397 1574 1
432 1540 546 1576 Novis
577 1538 748 1587 tabulis.]
789 1538 969 1576 Extremo
990 1535 1233 1582 testamento,
1259 1549 1347 1577 nam

358 1586 528 1626 osteriora
577 1588 753 1636 derogant
798 1588 984 1636 prioribus.
1057 1586 1105 1624 Et
1147 1587 1355 1626 secundum

328 1598 469 1682 {Ctum
490 1639 573 1676 licet
595 1639 740 1678 homini
761 1640 873 1688 usque
896 1638 942 1675 ad
965 1644 1125 1674 mortem
1139 1646 1280 1676 mutare
1292 1647 1346 1680 te-

331 1686 576 1733 stamentum,
604 1690 687 1738 quia
717 1688 956 1726 ambulatoria
988 1687 1037 1724 est
1062 1687 1228 1725 voluntas
1260 1689 1346 1737 eJus.

330 1736 560 1776 Testamenti
582 1739 719 1776 tabulas
742 1750 787 1776 ex
808 1738 971 1787 UIpIano
989 1739 1152 1785 accipere
1172 1736 1347 1777 debemus

332 1798 488 1825 omnem
512 1790 683 1827 materiae
707 1788 870 1836 figuram.
893 1786 967 1825 five
987 1788 1093 1835 igitur
1114 1786 1255 1825 tabulae
1280 1787 1347 1826 sint

331 1836 497 1884 ligneae,
525 1838 598 1877 five
617 1839 758 1881 alterius
772 1839 966 1882 materiae,
994 1836 1067 1876 five
1080 1838 1222 1875 chartae
1236 1866 1246 1882 ,
1274 1837 1347 1876 five

336 1888 480 1924 corium
499 1888 661 1926 animalis
683 1889 831 1936 alicujus
846 1917 856 1932 ,
884 1888 1026 1926 tabulae
1049 1887 1146 1926 recte
1171 1888 1349 1926 dicuntur.

337 1935 395 1973 In
409 1950 429 1974 ε
445 1950 483 1974 Μ.
538 1938 664 1976 Recte.
693 1939 745 1976 At
762 1939 896 1976 Plinius
918 1936 1024 1975 sunul
1046 1937 1182 1976 adludit
1212 1937 1257 1974 ad
1291 1952 1351 1975 no-

337 1999 407 2024 vas
437 1987 580 2026 tabulas
606 2017 616 2032 ,
653 2000 747 2037 quae
776 1988 925 2026 turbidis
956 1989 1183 2036 temporibus
1206 1988 1352 2027 Romae

336 2047 405 2084 pro
432 2039 636 2076 oriebantur
669 2067 679 2082 ‚
723 2047 763 2076 ut
796 2040 833 2076 ὅ(
867 2039 1004 2076 Seneca
1036 2038 1225 2088 aliquoties
1259 2038 1354 2077 fecit.

337 2086 388 2124 Vi
417 2099 437 2124 e
457 2087 503 2126 de
524 2089 587 2127 illis
607 2089 651 2126 ad
675 2088 787 2137 Crispi
808 2089 887 2126 Cat.
908 2099 983 2136 cap.
1005 2088 1107 2125 XXI.
1130 2100 1164 2125 n.
1189 2100 1220 2125 2.

388 2147 410 2173 2
441 2138 633 2187 captam]
673 2139 845 2176 Praemiis
878 2140 916 2176 ὅ(
950 2137 1054 2176 donis
1088 2138 1147 2186 spe
1171 2140 1355 2187 majorum

339 2190 521 2235 aucupari.
551 2190 704 2226 Cam«.
732 2186 926 2238 Capram]
963 2189 1119 2237 Captare
1141 2188 1189 2227 est
1210 2191 1357 2238 perille-

340 2237 461 2274 cebras
492 2239 619 2276 aliasve
649 2246 741 2276 artes
773 2240 817 2276 ali
847 2238 907 2275 uid
941 2240 1064 2276 venari
1088 2267 1098 2282 ‚
1138 2239 1199 2277 seu
1223 2248 1354 2284 petere.

340 2285 567 2336 Exemplum
598 2289 682 2326 vide
712 2288 809 2337 apud
870 2288 990 2325 lorum
1017 2316 1026 2332 ,
1064 2289 1145 2326 Lib.
1181 2289 1248 2326 IV.
1281 2302 1354 2338 cap.

342 2335 391 2373 II.
419 2337 574 2375 Vama.
604 2340 792 2380 Connivet
815 2340 852 2376 in
874 2339 927 2376 his
952 2339 1068 2376 verbis
1092 2340 1251 2376 Alciatus
1276 2341 1355 2378 Lib.

343 2385 390 2423 Il.
418 2387 556 2435 Parerg.
580 2400 656 2438 cap.
679 2388 815 2426 XXXI.
843 2388 870 2425 B
886 2402 905 2425 A
920 2401 943 2424 a
962 2400 1035 2425 TH.
1072 2390 1263 2427 Petronius
1287 2392 1356 2428 Sat.

343 2447 419 2484 cap.
444 2437 583 2475 CXVI.
609 2442 850 2488 Quoscumque
871 2438 1026 2476 homines
1048 2439 1083 2475 in
1108 2439 1174 2475 hac
1193 2440 1278 2477 urbe
1301 2442 1358 2478 vi-

343 2485 464 2523 deritis
478 2513 488 2530 ,
506 2488 629 2535 scitote
650 2490 688 2525 in
711 2489 799 2524 duas
815 2498 933 2537 partes
957 2489 1012 2535 effe
1035 2489 1175 2538 divisos.
1197 2503 1283 2526 nam
1297 2503 1362 2529 aut

345 2544 534 2584 captantur
548 2566 557 2582 ,
584 2549 650 2575 aut
672 2546 825 2586 captant.
865 2544 907 2574 In
927 2538 992 2574 hac
1013 2539 1096 2577 urbe
1119 2553 1215 2577 nemo
1239 2540 1360 2579 liberos

345 2586 464 2628 tollit,
492 2595 557 2625 cet.
612 2588 686 2626 Ubi
710 2587 855 2625 consule
873 2589 1083 2637 interpretes
1110 2618 1120 2634 ,
1159 2592 1222 2639 qui
1245 2590 1363 2628 osten-

348 2636 520 2674 denthoc
540 2639 639 2676 idem
660 2638 826 2676 auctores
849 2639 958 2676 etiam
982 2640 1109 2676 venari
1136 2641 1174 2678 δε
1189 2639 1364 2689 subfidere

351 2686 503 2725 homines
528 2687 661 2727 dixisse.
688 2688 868 2726 Iuvenalis
891 2689 960 2726 Sat.
982 2689 1032 2726 V.
1053 2700 1104 2729 vs.
1125 2690 1185 2737 98.

402 2787 510 2832 Quod
531 2797 692 2837 captator
713 2801 808 2829 emat
831 2795 944 2828 Lmas
957 2817 969 2835 ,
993 2788 1145 2827 Aurelia
1164 2792 1313 2830 vendat.

356 2880 432 2920 Illic
454 2886 564 2921 etiam
590 2889 753 2925 nonnihil
771 2889 982 2937 interpretes
1003 2890 1274 2929 subministrant.

408 2944 427 2982 3
457 2933 638 2982 signatum
661 2936 704 2980 est
725 2936 1009 2986 testamentum]
1048 2940 1227 2986 Ulpianus
1249 2943 1301 2979 tit.
1326 2941 1372 2979 de

355 2983 601 3027 testamentis,
629 2983 777 3031 signatas
810 2986 946 3022 tabulas
977 2988 1088 3034 accipi
1123 2988 1254 3034 docet,
1282 2990 1307 3027 si
1335 2993 1373 3028 δε

361 3035 475 3073 linteo
499 3061 511 3081 ,
548 3045 626 3084 quo
657 3033 799 3072 tabulae
830 3034 1017 3074 involutae
1046 3035 1126 3075 sunt
1150 3066 1161 3083 ,
1187 3038 1287 3090 signa
1305 3042 1375 3079 'im-

2261 846 2274 865 ¹
2312 850 2431 903 Au-

1408 983 1521 1034 preffa
1547 984 1704 1030 fuerint,
1733 985 1770 1022 ὃ(
1793 982 1951 1031 singulos
1972 982 2074 1021 testes
2098 1011 2109 1027 ‚
2135 983 2271 1033 septem
2303 984 2428 1023 secun-

1412 1036 1501 1074 dum
1525 1036 1677 1072 Paulum
1693 1063 1703 1079 ,
1730 1034 1794 1083 qui
1814 1035 1852 1072 in
1863 1034 2070 1071 testimonio
2082 1033 2318 1078 adhibentur,
2345 1047 2430 1083 pro-

1416 1086 1496 1134 prio
1520 1086 1762 1134 chirographo
1781 1093 1958 1122 annotare
1982 1085 2177 1126 convenit,
2205 1085 2283 1132 quis
2306 1086 2346 1123 δε
2367 1095 2430 1123 cu-

1411 1137 1470 1184 jus
1490 1134 1750 1172 testamentum
1774 1133 1975 1182 signaverit.
2005 1133 2038 1169 C
2052 1145 2073 1168 A
2089 1145 2111 1170 τ
2127 1146 2147 1169 Α
2165 1145 2201 1170 u.

1465 1197 1488 1232 4
1517 1184 1689 1233 Bonam]
1723 1184 1962 1221 Laudabilcm
1979 1211 1989 1227 ‚
2012 1184 2132 1220 citam.
2160 1182 2272 1220 Inna.
2303 1187 2435 1222 Bonam

1417 1233 1609 1284 mortem]
1638 1235 1738 1272 Male
1759 1235 1806 1278 ii,
1833 1235 1896 1282 qui
1920 1233 2083 1269 dubitant
2107 1232 2151 1270 de
2173 1231 2437 1280 hacletftione„

1420 1283 1674 1334 ostentantque
1695 1285 1784 1322 bona
1805 1283 1938 1320 mortis.
1963 1283 2061 1320 Nam
2087 1283 2124 1320 ὃ(
2148 1281 2320 1320 Marillius
2341 1284 2450 1332 apud,

1423 1334 1546 1372 Senec.
1587 1336 1666 1374 Lib.
1702 1335 1727 1371 I.
1757 1342 1925 1372 controv.
1950 1332 2015 1369 III.
2067 1333 2167 1380 §Quid
2187 1344 2308 1370 autem
2331 1332 2440 1373 habet

1415 1383 1497 1431 jam
1522 1397 1602 1433 quos
1624 1390 1711 1422 Deos
1735 1394 1826 1432 roget
1841 1412 1850 1427 ,
1878 1396 1985 1433 quam
2002 1383 2131 1420 honam
2148 1392 2303 1420 ‘mortem
2327 1392 2342 1420 ἓ
2381 1384 2441 1423 Sic

1423 1433 1516 1471 infra
1544 1435 1622 1472 Lib.
1647 1436 1715 1472 III.
1738 1433 1845 1482 Epist.
1870 1433 2012 1471 XVIII.
2061 1432 2201 1479 Potestis
2220 1432 2366 1480 efficere,
2396 1445 2440 1472 ut

1424 1483 1518 1521 male
1540 1485 1694 1521 moriar.-
1725 1497 1765 1521 ne
1788 1483 1940 1527 moriar,
1969 1496 2037 1520 non
2055 1482 2199 1532 potestis.
2250 1483 2443 1524 GRUTER.

1427 1539 1563 1570 Bonam
1599 1533 1795 1582 mentem]
1834 1533 1977 1570 Bonam
2016 1543 2177 1571 mortem
2207 1534 2441 1581 εόσαικτίαν,

1427 1595 1539 1632 quain
1563 1585 1711 1633 optabat
1734 1582 1917 1631 Augustus
1938 1611 1949 1626 ‚
1976 1584 2114 1631 accipio
2138 1597 2147 1620 :
2175 1584 2248 1621 hoc
2270 1583 2317 1621 est
2342 1610 2354 1628 ‚
2373 1586 2441 1630 fa—

1424 1633 1522 1671 cilem
1540 1634 1677 1672 exitum
1701 1663 1712 1678 ‚
1750 1634 1810 1671 vel
1833 1645 1917 1670 cuin
1941 1633 2016 1682 quis
2037 1634 2101 1670 cito
2120 1643 2163 1671 (3·
2183 1632 2258 1682 fine
2287 1635 2444 1673 cruciatu

1425 1684 1653 1733 defungitur,
1682 1694 1722 1722 ut
1741 1684 1927 1721 Graecum
1947 1682 2032 1720 illud
2065 1684 2258 1722 Suetonius
2287 1687 2442 1724 circum-

1427 1734 1552 1772 scribit.
1583 1734 1635 1772 Ita
1659 1746 1809 1784 quoque
1836 1734 1913 1772 Lib.
1938 1733 1986 1771 11.
2009 1733 2076 1783 Ep.
2099 1733 2202 1770 XVI.
2233 1735 2331 1772 Male
2351 1735 2444 1773 mori

1431 1784 1503 1828 est,
1532 1784 1721 1822 difficulter
1745 1787 1849 1822 mori.
1885 1783 2004 1832 Quod
2026 1783 2102 1822 satis
2123 1784 2283 1831 indicant
2307 1813 2318 1829 ,
2345 1797 2442 1833 quae

1430 1845 1521 1872 mox
1543 1834 1761 1883 sequuntur:
1792 1836 1967 1871 Dixeram
1989 1833 2085 1872 vobis
2100 1862 2111 1879 ‚
2127 1834 2374 1871 juventuram
2387 1849 2442 1874 me

1428 1884 1622 1968 Juamlibet
1645 1887 1774 1922 duram
1795 1886 1844 1922 ad
1862 1896 2010 1921 mortem
2032 1886 2134 1922 viam
2157 1913 2167 1929 ‚
2201 1883 2235 1932 fi
2264 1898 2326 1921 ‘vos
2346 1885 2446 1930 saci·

1442 1947 1494 1971 em
1518 1935 1703 1984 negaffetis.
1731 1937 1937 1973 Bucinum.
1966 1935 2070 1973 MSS.
2094 1933 2257 1972 Riccard.
2279 1934 2444 1974 Linden-

1429 1984 1478 2020 br.
1510 1985 1678 2034 Bongars.
1710 1988 1747 2024 ὅ(
1776 1984 1878 2023 Voss.
1910 1995 1996 2021 cum
2020 1985 2213 2033 Grypliio:
2242 1985 2328 2034 quid
2348 1985 2446 2027 invi,-

1429 2034 1515 2072 detis
1548 2035 1637 2073 bona
1667 2037 1802 2074 mortis.
1855 2035 2091 2073 Scribendum
2121 2033 2211 2071 bona
2242 2046 2376 2081 morte,
2403 2044 2445 2077 ut

1431 2084 1557 2124 diserte
1567 2087 1675 2125 habet
1689 2090 1862 2136 Optimus
1876 2114 1887 2130 ,
1915 2095 1991 2122 non
2003 2085 2130 2122 honam
2144 2096 2292 2122 mortem
2307 2113 2317 2129 ,
2343 2086 2444 2136 quod

1431 2136 1596 2182 vulgatae
1635 2137 1907 2175 circumferunt.
1957 2135 2197 2173 Probavimus
2238 2135 2283 2172 ad
2310 2137 2391 2174 Lib.
2416 2136 2446 2174 1.

1432 2185 1540 2233 Epist.
1572 2187 1615 2223 X.
1649 2199 1681 2224 n.
1719 2199 1770 2225 12.
1826 2194 1944 2237 Neque
1975 2185 2065 2223 enim
2098 2199 2152 2234 ego
2186 2184 2336 2224 invideo
2366 2187 2446 2224 auis

1434 2235 1536 2273 bono
1550 2265 1560 2280 ‚
1587 2250 1651 2286 quo
1671 2238 1734 2286 ipse
1754 2250 1859 2275 careo.

1487 2300 1503 2334 ς
1535 2288 1694 2324 Moritur
1725 2288 1860 2336 Blaesus
1885 2305 1895 2324 .·
1936 2296 1978 2325 <9⁶
2011 2285 2239 2336 tamquam.]
2267 2284 2441 2324 Praestan-

1435 2336 1607 2374 tissimus:
1638 2338 1834 2376 Moriturus
1859 2337 1995 2386 Blaesus
2017 2347 2205 2387 tamquam
2235 2335 2350 2374 omnia
2376 2343 2439 2369 α·

1436 2385 1555 2436 differ,
1584 2387 1707 2435 Regulo
1730 2397 1788 2426 cet
2412 2428 2419 2435 ,

1487 2438 1509 2472 6
1537 2437 1741 2485 Scholastica
1766 2438 1874 2488 lega]
1906 2439 1996 2477 Sunt
2018 2439 2078 2486 qui
2103 2436 2200 2474 nullo
2221 2431 2364 2470 austere
2386 2426 2436 2483 di-

1439 2497 1521 2526 cant
1555 2487 1657 2526 fuisse
1688 2491 1799 2527 moris
1833 2490 1922 2528 olim
1955 2486 2158 2527 scholasticis
2177 2511 2189 2527 ,
2215 2489 2254 2517 ut
2273 2474 2438 2525 expositis

1440 2537 1575 2576 duabus
1597 2538 1848 2578 controversiis
1870 2541 2010 2577 tertiam
2041 2528 2290 2582 exponendam
2319 2525 2440 2581 postu-

1440 2588 1565 2626 latent.
1629 2589 1711 2627 Nos
1757 2589 1854 2628 secus
1900 2581 2208 2634 interpretandum·
2250 2577 2441 2632 duximus..

1442 2638 1648 2685 scholastica
1680 2639 1748 2688 Iege
1769 2668 1779 2684 ,
1817 2640 1853 2678 id
1873 2640 1922 2677 est
1943 2666 1954 2682 ,
1981 2633 2308 2685 more-ociolorum
2325 2653 2334 2668 ι
2358 2636 2441 2681 ,ΨΒ-

1443 2689 1507 2727 bus
1530 2689 1756 2728 consuetudo
1782 2689 1913 2726 fabellis
1932 2681 2108 2722 oblet‘Iari·
2122 2679 2158 2714 ὃ(
2171 2687 2315 2712 'emam
2330 2674 2444 2720 dixit,

1445 2751 1521 2776 non
1543 2739 1729 2789 respiciens
1749 2737 1792 2774 ad
1825 2737 1936 2774 ullum
1962 2732 2149 2782 antiquum
2183 2736 2326 2762 morem
2342 2753 2352 2769 a
2379 2737 2447 2782 Dec

1445 2789 1490 2826 ad
1510 2800 1707 2827 numerum
1729 2789 1922 2825 ternarium
1946 2809 1956 2825 ,
1992 2778 2049 2817 sed
2098 2775 2218 2833 crinde
2238 2786 2280 2812 ac
2303 2773 2326 2810 si
2352 2773 2448 2813 dice-

1448 2848 1500 2877 ret
1521 2840 1648 2878 aliam:
1677 2844 1751 2874 erat
1772 2836 1867 2871 enim
1892 2830 1993 2867 tertia
2015 2831 2076 2877 pol
2116 2825 2319 2864 secundam.
2377 2826 2449 2863 Re-

1447 2889 1558 2951 spexit
1579 2895 1700 2923 autem
1723 2883 1768 2919 ad
1789 2881 1812 2918 fi
1840 2879 2025 2918 nificatum
2049 2877 2171 2914 verbi:
2199 2887 2282 2932 nam
2298 2884 2453 2919 κολαΐι-

1447 2953 1498 2972 κου
1534 2934 1694 2972 ociosum
1728 2930 1813 2977 signi
1841 2937 1896 2966 cat
1930 2929 1967 2965 &
2001 2927 2139 2965 finum.
2190 2926 2293 2974 Quid
2330 2933 2456 2963 autem

1446 2983 1538 3022 aliud
1573 2981 1620 3020 est
1654 2979 1863 3017 Scholastica
1901 2977 2144 3016 controversia
2181 3005 2191 3020 ,
2238 2986 2351 3023 quain
2375 2974 2459 3014 fida

1447 3031 1578 3071 causa?
1607 3032 1645 3070 ὃ(
1667 3030 1712 3070 ab
1733 3028 1861 3069 ociofis
1884 3029 2023 3068 trauan
2046 3025 2174 3067 so'ita?
2203 3027 2353 3066 Cum.
2375 3078 2415 3113 A
2453 3073 2458 3081 Ι

2327 3086 2345 3115 ¹
2417 3086 2458 3124 ⁹⁸.
