2616 3686
436 179 828 246 mamma*
892 191 994 240 lx.
1062 189 1650 245 EPI‘STOLA·.
1715 177 1887 251 xxm

2155 221 2217 278 67
2228 228 2264 265 εἰ

403 345 583 403 XX-lI.
638 343 704 402 C.
753 343 1203 399 Pntmtus.
1272 342 1668 402 SEVERO
1747 351 1873 408 Suo
1914 354 1963 409 S.

120 502 288 562 Dolet
317 495 542 568 ‘Paffiem'
578 493 737 549 Pauli
774 491 1092 566 aegritudine
1123 504 1328 567 praeter
1362 493 1510 550 bonos
1544 514 1703 552 mores
1733 499 2012 572 doe‘t't'ffimz'.
2106 504 2253 561 Nam

193 579 521 650 Propertium
547 610 582 635 ‚.
606 588 751 645 quem
777 570 912 623 inter
935 571 1152 643 majores
1151 570 1273 643 suos
1307 572 1724 639 connumerabat,
1766 575 1893 651 elego
1917 579 2252 650 imitabatur,

195 655 345 721 lyrico
366 650 666 706 Horatium.

290 802 442 871 Agna
468 814 554 851 me
573 792 933 850 sollieitudine
956 790 1135 848 affecit
1162 793 1387 849 Paffieni
1413 794 1562 851 Pauli
1586 798 1845 855 valetudo
1873 842 1888 865 ,
1943 803 1998 859 δε
2025 809 2252 879 quidem

123 806 529 947 Mplurimis
549 868 942 942 justiffimisque
968 867 1038 922 de
1062 867 1239 923 causis.
1291 869 1391 924 Vir
1418 870 1490 926 est
1518 874 1785 944 optimuS,
1828 880 2246 950 bonestiilimuS,

124 954 288 1007 nostri
315 944 711 1002 amantiffimus.
761 944 1047 1000 Praeterea
1071 945 1124 998 in
1150 945 1315 998 literis
1340 960 1546 1001 veteres
1568 956 1582 979 ¹
1612 952 1908 1007 aemulatur
1928 960 2267 1029 ‚exprimit⁹⁴

119 1023 323 1080 reddit:
369 1022 709 1094 Propertium
736 1021 789 1073 in
815 1020 1027 1091 primis,
1065 1026 1130 1072 ²a
1157 1037 1269 1092 quo
1292 1036 1462 1091 genus
1497 1022 1648 1077 ducit
1680 1063 1695 1088 ‚
1728 1044 1850 1080 vera
1870 1028 2078 1086 soboles
2101 1073 2116 1096 ‚
2154 1053 2249 1090 eo·-

121 1117 229 1173 que
260 1097 516 1152 simillima
545 1096 657 1159 illi,
704 1096 804 1149 ³·in
836 1113 949 1167 quo
989 1094 1077 1149 ille
1115 1096 1448 1166 praecipuus.
1525 1098 1576 1151 Si
1609 1099 1790 1171 elegos
1815 1101 1959 1171 ejug⁴
1982 1108 2033 1159 jn
2063 1125 2248 1165 manus

119 1174 398 1243 sumpseris
425 1211 440 1235 ‚
477 1173 621 1243 leges
657 1187 792 1241 opus
825 1170 1022 1224 tersum
1047 1213 1059 1232 ‚
1101 1170 1264 1224 molle
1287 1212 1303 1236 ‚
1336 1169 1641 1240 jucundum
1670 1216 1684 1236 ‚
1727 1181 1742 1211 ⁵
1776 1175 1830 1229 δε
1851 1179 2006 1248 plane
2031 1183 2083 1235 in
2112 1183 2244 1239 Pro-

119 1250 277 1322 pertii
307 1249 478 1302 domo
502 1247 774 1317 scriptum.
853 1244 1040 1316 Nuper
1069 1245 1135 1298 ad
1172 1244 1590 1316 lyrica-deflexit
1618 1267 1629 1302 :
1666 1251 1723 1304 in
1749 1253 1941 1323 quibus
1965 1256 2035 1309 ita
2062 1256 2239 1315 Hora.
2264 1278 2311 1310 2.

120 1326 286 1387 tium,
311 1337 370 1378 ut
403 1323 456 1376 in
489 1322 584 1375 illis
603 1321 751 1375 illum
778 1320 1032 1384 alterum,
1059 1317 1247 1389 effingi
1271 1334 1450 1391 putes:
1481 1320 1515 1376 fi
1542 1324 1677 1397 quid
1703 1327 1757 1380 in
1782 1325 1959 1382 studiis
1992 1340 2250 1405 cognatio

117 1399 301 1462 valet,
350 1397 405 1452 ὃς
448 1395 605 1467 huju-s
639 1397 658 1424 ⁶
701 1397 1054 1468 propinquus,

1145 1394 1350 1467 Magna
1389 1399 1619 1454 varietas
1658 1440 1674 1465 ,
1722 1418 1914 1474 magna
1960 1408 2247 1467 mobilitas.

2014 1486 2029 1509 ¹
2059 1489 2248 1552 Amat,

119 1558 159 1585 n,
182 1558 216 1595 ς,
245 1543 418 1595 postquam
447 1556 526 1580 vero
547 1541 704 1589 studium
738 1553 914 1580 armorum
945 1555 967 1579 a
988 1541 1170 1581 manibus
1210 1554 1338 1582 manus
1349 1547 1519 1596 sumseris.
1547 1547 1603 1586 Sic
1631 1544 1710 1586 Lib.
1730 1549 1759 1587 Ι.
1788 1550 1896 1600 Epist.
1912 1552 2017 1592 XVI.
2041 1568 2076 1595 n.
2098 1569 2132 1607 3.
2161 1565 2245 1598 sm.

117 1597 161 1635 ad
193 1596 318 1634 oculos
341 1623 351 1640 ,
397 1593 444 1631 ad
475 1593 699 1642 voluptatem
731 1607 753 1629 a
784 1594 898 1631 labore
931 1593 1146 1631 translatum
1214 1594 1274 1631 ties
1297 1597 1387 1645 quod
1407 1611 1459 1646 ego
1482 1626 1493 1642 ,

46 1647 51 1650 '
115 1648 183 1693 est,
210 1655 276 1684 cet.
287 1647 365 1694 Cap
387 1645 490 1682 XVI.
513 1657 549 1681 n.
564 1657 595 1688 κ.
616 1650 713 1680 Nam
724 1654 763 1681 ut
781 1645 845 1694 ipse
865 1643 948 1681 nolis
966 1653 1141 1694 pugnare,

1524 1599 1558 1649 fi
1585 1599 1750 1637 orationes
1776 1604 1845 1652 ejus
1865 1604 1902 1640 in
1926 1616 2052 1645 manus
2063 1610 2248 1660 sumseris.¹

1214 1644 1324 1692 Supra
1353 1648 1460 1695 Epist.
1483 1650 1509 1686 1.
1537 1661 1572 1687 n.
1597 1662 1630 1698 ς.
1667 1651 1777 1699 Igitur
1796 1654 1830 1705 fi
1849 1654 1933 1702 quid
1953 1655 2054 1693 aliud
2070 1660 2107 1697 in
2129 1663 2248 1702 mani-

116 1697 343 1736 moderatio:
370 1694 546 1734 fortitudo
562 1689 633 1732 'tua
649 1695 798 1743 praestat
819 1723 832 1739 ,
856 1705 895 1731 ut
916 1707 1020 1745 neque
1043 1695 1145 1741 hostes
1215 1695 1277 1733 bus
1290 1724 1301 1740 ,
1322 1698 1461 1735 interim
1483 1698 1931 1746 deffler.&ficintenmanus
1948 1705 2094 1755 habere,
2116 1712 2152 1748 &
2166 1714 2245 1751 alia.

121 1749 174 1787 tui
200 1747 325 1786 velint.
358 1745 587 1796 Hegesippus
625 1747 707 1783 Lib.
731 1746 794 1784 111.
829 1757 902 1794 cap.
927 1745 953 1783 1.
992 1745 1059 1783 Sub
1081 1746 1142 1782 hoc

1267 1759 1300 1795 ς.
1327 1752 1375 1784 Et
1386 1747 1529 1800 plane]
1561 1751 1661 1798 Quia
1693 1750 1804 1791 simile
1829 1746 2116 1805 estssropertio:
2154 1763 2242 1802 ideo

119 1799 202 1855 duce
226 1805 314 1836 Nero
337 1797 491 1855 terribilis
509 1808 584 1836 erat
598 1824 618 1853 ι,
659 1803 748 1834 Nero
767 1796 971 1854 metuendus
991 1825 1002 1841 ,
1025 1805 1140 1845 potens
1214 1806 1355 1843 optime
1379 1801 1546 1847 scriptum
1571 1800 1631 1838 est.
1656 1800 1783 1840 Fabius
1805 1833 1815 1850 ‚
1841 1806 1961 1855 Elegia
1981 1822 2109 1860 quoque
2132 1817 2244 1852 Grae-

118 1849 232 1892 Γύης,
266 1849 370 1886 domi
402 1858 520 1905 tutus..
570 1848 626 1905 Sie
659 1856 873 1886 veterrimae
897 1847 1144 1885 membranae.
1211 1859 1262 1883 cos
1281 1856 1540 1907 provocamus.-
1585 1852 1681 1901 cujus
1711 1853 1800 1892 mihi
1832 1863 1939 1906 tersus
1973 1870 2076 1909 atque
2109 1863 2264 1911 elegam.

116 1899 273 1946 Vulgo:
312 1909 407 1936 tutus
429 1899 532 1936 domt.
553 1899 694 1936 Solinus
724 1899 853 1946 Polyb.
881 1909 957 1946 cap.
976 1898 1027 1936 V.
1055 1907 1144 1936 extr.
1211 1911 1366 1938 maxlme
1393 1900 1579 1952 [videtur]
1613 1906 1732 1941 aanor
1752 1905 1929 1945 Tibullus.
1955 1909 2046 1948 Sunt
2065 1914 2126 1962 qui
2154 1921 2242 1953 Pro-

117 1962 158 1986 αι
181 1950 206 1998 [ἱ
227 1950 364 1998 quando
384 1949 560 1986 cadavera
581 1960 775 1987 necatorum
796 1949 959 1997 flustibus
987 1949 1140 1987 evehun-

116 2010 178 2038 tur
199 2027 210 2044 ‚
245 2000 403 2037 virorum
431 1999 551 2048 supina
574 2028 585 2044 ,
619 2012 730 2049 prona
746 2000 894 2048 fluitant
910 2000 1143 2047 feminarum.

118 2051 342 2097 Hieronym.
365 2051 494 2098 Interp.
523 2051 672 2099 Origen.
696 2052 733 2089 in
756 2051 862 2089 Cant.
889 2062 926 2098 p.
947 2051 1029 2090 181.
1057 2057 1136 2089 Sta-

118 2112 190 2139 tuet
211 2102 325 2151 quippe
345 2114 422 2138 oves
442 2113 461 2137 a
481 2100 611 2139 dextris
624 2129 634 2145 ,
661 2113 681 2138 a
701 2101 835 2140 finistris
854 2101 990 2139 haedos.
1037 2102 1137 2140 Plura

116 2153 196 2190 talia
217 2152 298 2189 vide
322 2151 367 2189 ad
391 2151 519 2190 Sallust.
541 2153 620 2190 Cat.
642 2164 716 2201 cap.
737 2153 786 2191 ΙΙ.
810 2165 894 2191 n.2.
924 2154 961 2190 ὅ(
981 2164 1056 2202 cap.
1073 2153 1136 2190 IX.

117 2214 153 2240 n;
177 2214 208 2240 1.
236 2202 410 2239 concordia
429 2214 601 2240 maxuma
623 2230 633 2246 ,
667 2204 831 2241 minuma
860 2204 1020 2242 avaritia
1048 2215 1135 2242 erat.

117 2255 157 2291 &
177 2253 224 2291 ad
243 2253 322 2301 Jug.
340 2264 415 2300 cap.
436 2253 590 2291 LXVII.
616 2265 650 2289 n.
665 2263 698 2302 3.
724 2253 822 2291 unde
842 2254 977 2292 videbis
991 2282 1001 2298 ‚
1023 2266 1134 2302 quam

114 2305 223 2353 saepe
237 2304 315 2341 talia
334 2314 354 2340 a
375 2303 485 2341 sciolis
506 2310 670 2351 corrupta
690 2302 849 2353 fint,qui
869 2306 974 2351 plane
992 2306 1029 2341 in
1047 2317 1136 2344 con-

112 2356 219 2393 trario
241 2353 357 2402 pofitu
390 2353 599 2402 elegantiam
622 2354 852 2402 quaerebant.
878 2355 908 2390 C
922 2366 1075 2392 ORTE.‘

170 2418 201 2443 1.
231 2403 786 2453 Aemulatut‚exprimit,reddit
811 2408 828 2453 ]
855 2404 1008 2444 Helmst.
1025 2406 1137 2444 ArnZ.

118 2456 155 2492 δε
175 2455 239 2493 Ed.
261 2456 346 2494 Vet.
366 2456 625 2493 aemulationes
647 2454 807 2505 exprimit
827 2483 837 2499 ,
864 2455 989 2492 reddit.
1014 2467 1139 2504 perpe-

117 2516 204 2544 ram.
232 2506 420 2556 Perperam
444 2517 592 2554 quoque
612 2517 687 2543 non
710 2517 824 2543 nemo
848 2506 997 2543 verbum
1021 2507 1135 2544 reddit

118 2557 277 2605 exposuit
286 2572 296 2601 ;
327 2556 429 2606 quod
448 2557 506 2595 hic
528 2568 605 2594 non
621 2556 712 2594 aliud
735 2564 858 2598 notat,
886 2568 993 2605 quam
1021 2559 1136 2601 expri-

115 2616 215 2645 mere
233 2609 270 2646 &
289 2609 470 2647 aemulari.
496 2608 591 2646 Vide
602 2608 700 2656 supra
710 2607 755 2646 ad
769 2607 848 2645 Lib.
860 2607 907 2645 V.
918 2606 1026 2655 Epist.
1038 2607 1138 2646 XVI.

119 2667 155 2694 n:
199 2685 210 2696 .

167 2669 201 2744 29.
226 2712 264 2744 A
282 2722 343 2759 quo
360 2723 464 2760 genus
486 2709 583 2747 ducit
604 2710 619 2757 l
662 2708 759 2746 Nam
791 2708 871 2747 Lib.
891 2708 980 2746 VH.
1004 2707 1049 2745 de
1069 2720 1142 2746 eo·-

121 2753 205 2812 dein
216 2757 366 2798 dixerat:
394 2759 517 2798 Scribit
537 2760 638 2809 elegos
651 2759 887 2807 ‚gentilitium
908 2760 966 2797 hoc
988 2759 1062 2796 illi:
1091 2759 1134 2804 est

121 2817 209 2863 emm
230 2811 390 2859 municeps
410 2812 570 2859 Propertii
590 2838 600 2855 ,
639 2820 741 2860 atque
759 2811 863 2848 etiam
884 2812 974 2850 inter
992 2811 1134 2858 majores

112 2862 190 2902 suos
213 2862 414 2907 Propertium
434 2872 606 2898 numerat.
633 2862 734 2899 CAT
748 2873 769 2898 A
783 2875 819 2899 Ν.

168 2917 202 2953 3.
229 2912 270 2943 In
293 2923 357 2965 quo
372 2911 427 2949 ille
445 2912 679 2961 praecipiam]
708 2912 748 2949 ln
778 2911 936 2950 carmine
968 2911 1134 2960 Elegiaco

1207 1951 1358 1996 pertium
1390 1953 1524 1991 malint.
1578 1953 1668 1991 Sunt
1687 1963 1810 1993 tamen
1830 1959 1892 2006 qui
1912 1959 2053 2007 legant,
2078 1977 2121 2003 (φ
2136 1965 2242 2014 plane

1210 1999 1483 2050 Propertianum
1513 2018 1520 2041 :
1548 2004 1707 2054 ideoque
1737 2008 1879 2056 optime
1891 2010 2092 2061 scriptum3
2119 2016 2180 2054 sed
2202 2019 2243 2056 δε

1207 2050 1308 2109 pla-ne
1327 2054 1363 2090 in
1385 2055 1546 2110 {froperffi
1565 2055 1662 2093 domo
1674 2056 1881 2106 scriptum':
1909 2070 1948 2099 ut
1969 2063 2054 2101 illud
2067 2092 2078 2108 ‚
2105 2065 2243 2117 ideoque

1208 2111 1327 2151 opt1me
1337 2107 1504 2154 scriptum
1525 2134 1535 2149 ,
1569 2106 1676 2154 sapiat
1706 2108 1928 2155 glossemata.
1966 2113 1998 2149 C
2013 2127 2032 2150 Α
2048 2128 2071 2152 τ
2083 2128 2107 2154 A
2123 2131 2158 2154 N.
2187 2124 2237 2157 Et

1203 2153 1306 2211 plaga
1327 2183 1337 2197 ‚
1365 2157 1461 2206 eya]
1493 2156 1563 2195 Pal.
1586 2169 1628 2196 ω’
1652 2158 1757 2207 plane
1786 2162 1823 2197 in
1843 2162 2066 2210 Propertium
2089 2180 2098 2204 :
2126 2168 2239 2208 idone

1209 2215 1349 2252 optime
1362 2207 1540 2256 scriptum.
1559 2210 1712 2257 *Neque
1744 2211 1843 2248 aliter
1863 2222 1964 2251 vetus
1984 2216 2114 2253 Editio
2169 2208 2238 2258 Vi·

1208 2254 1332 2293 deatur
1353 2257 1410 2295 hic
1429 2258 1640 2295 Catanaeus.
1671 2260 1706 2295 G
1720 2273 1740 2295 i<
1757 2273 1781 2296 u
1795 2273 1820 2298 'r
1837 2274 1856 2298 ε
1874 2276 1910 2301 ιι.
1954 2265 2115 2304 Palatino
2136 2280 2240 2308 acce-

1206 2305 1298 2344 dunt
1316 2319 1424 2354 penes
1436 2319 1502 2346 nos
1514 2309 1668 2345 Helmst.
1687 2311 1725 2346 δε
1744 2311 1857 2347 Arnz
1881 2314 2002 2362 Paullo
2017 2317 2115 2354 aliter
2134 2319 2237 2360 Voffi
2258 2345 2262 2348 ⁴

1209 2366 1251 2395 ω’
1274 2357 1376 2406 plane
1406 2371 1446 2396 ut
1472 2370 1495 2394 a
1514 2359 1684 2408 Propertio
1705 2387 1716 2403 ‚
1749 2360 1787 2396 id
1803 2362 1845 2410 efl
1869 2390 1880 2406 ,
1914 2357 2033 2412 opt’ime
2050 2367 2234 2418 scriptum.

1209 2406 1277 2444 Sed
1298 2408 1382 2444 nihil
1399 2409 1467 2446 hae
1488 2411 1674 2447 varietates
1695 2421 1849 2448 movere
1872 2413 2026 2460 debent,
2052 2430 2136 2457 cum
2156 2422 2234 2461 Pri-

1209 2458 1341 2495 mariae
1358 2459 1594 2497 membranae
1616 2467 1762 2498 teneant
1781 2471 1961 2510 receptam
1983 2468 2202 2517 sczipturam.

1265 2509 1617 2565 §.Propinquumff
1656 2512 1776 2560 Hujus
1794 2540 1805 2557 ,
1842 2514 2038 2555 Horatium
2068 2521 2232 2561 Paffieno

1204 2559 1373 2607 sanguine
1410 2561 1663 2611 conjune'tum.
1709 2563 1742 2599 C
1758 2577 1777 2600 A
1794 2577 1816 2601 T
1832 2578 1852 2601 A
1870 2578 1906 2602 N.
1958 2570 2229 2624 propinquam]

1205 2609 1312 2648 Palat.
1335 2612 1371 2648 ἃ
1392 2612 1493 2650 Vert.
1517 2613 1609 2650 Edd.
1626 2613 1817 2664 propinque.
1843 2617 1877 2654 G
1890 2629 1947 2654 Ru
1963 2632 2017 2656 TE
2030 2633 2064 2659 R.
2092 2628 2138 2661 Et
2159 2628 2229 2661 lm.

1197 2659 1530 2717 jus-propinquum]
1559 2663 1595 2700 Si
1619 2665 1747 2720 byrica
1764 2667 1840 2714 ejus
1861 2667 1978 2706 videas
2003 2698 2013 2713 ‚
2046 2680 2118 2709 tam
2145 2675 2226 2713 Ho-

1204 2718 1344 2749 ratlams
1366 2712 1489 2752 similia
1516 2714 1643 2752 dixeris
1665 2743 1675 2759 ‚
1702 2724 1741 2753 ut
1763 2743 1774 2758 ‚
1811 2716 1835 2753 fi
1857 2719 1942 2766 quid
1967 2720 2003 2756 in
2027 2721 2142 2761 studiis
2163 2738 2228 2764 co-

1203 2762 1326 2809 gnatio
1356 2765 1482 2808 valet,
1519 2765 1661 2803 Horatii
1691 2777 1840 2814 quoque
1873 2770 1910 2804 ὅ(
1941 2770 2053 2817 ipsum
2078 2778 2227 2824 propin-

1201 2818 1315 2860 quum
1341 2815 1516 2859 putaveris
1529 2830 1538 2858 ;
1567 2815 1653 2852 ficut
1675 2816 1846 2864 Propertii
1865 2818 1911 2855 est
1926 2847 1936 2863 ‚
1963 2833 2074 2869 quem
2093 2827 2224 2875 elegia-

1201 2874 1247 2900 co
1266 2864 1425 2901 carmine
1442 2872 1516 2901 tam
1550 2866 1697 2903 feliciter
1728 2869 1937 2906 aemulatur.
1964 2872 1989 2907 B
2005 2888 2023 2909 υ
2038 2885 2057 2911 c
2072 2886 2095 2910 H
2110 2889 2134 2914 N
2148 2889 2169 2914 E
2184 2892 2223 2920 n.

1201 2914 1298 2951 Cum
1326 2914 1484 2952 Palatino
1509 2916 1662 2953 Helmst.
1685 2919 1793 2955 etiam
1815 2921 2002 2971 propinque.
2035 2925 2130 2971 7Nec
2148 2929 2223 2968 aliis

122 2967 282 3003 nempe:
317 2971 354 2997 m
389 2973 463 3009 quo
493 2964 716 3011 Propertium
736 2963 911 3001 hocloco
933 2964 1131 3012 principem
1196 2965 1269 3002 hoc
1287 2963 1410 3002 sanum
1444 2966 1569 3005 visum.
1621 2967 1719 3004 Nam
1746 2981 1791 3006 ex
1815 2972 1998 3012 voluntate
2017 2973 2217 3021 Boxhornii

120 3006 248 3045 Plinius
265 3018 340 3045 non
359 3010 506 3050 obscure·
519 3015 610 3052 facit.
638 3013 666 3051 B
679 3027 702 3051 υ
719 3025 741 3051 c
757 3026 779 3050 H
795 3027 820 3051 N
834 3026 852 3051 ε
867 3028 904 3051 iz.

1197 3017 1235 3052 ὅτ
1258 3014 1450 3053 Tliomafii
1476 3016 1624 3055 scribere
1655 3018 1833 3057 debebas:
1875 3033 1914 3059 ut
1944 3025 1980 3059 in
2010 3025 2079 3063 illis
2108 3029 2215 3068 illum

172 3069 208 3102 4.
241 3062 286 3094 ,ln'
313 3071 465 3100 mmmm
481 3064 681 3117 sum-stria]
714 3065 952 3105 Mediceus&
972 3064 1007 3101 V
1011 3061 1073 3103 off.
1092 3064 1130 3103 in
1166 3089 1169 3108 2
1193 3067 1345 3105 alterum
1358 3080 1370 3114 5
1399 3066 1546 3117 effingit.
1570 3068 1676 3108 Putes
1698 3096 1710 3116 ,
1727 3070 1860 3122 fi'qm'd
1876 3073 1913 3112 in
1927 3074 2048 3125 stadiis
2063 3082 2214 3126 cognatio

2087 3130 2183 3167 valet
2194 3156 2210 3175 2
2234 3156 2235 3159 =
