2616 3686
721 166 1258 239 PRAEF.1N
1323 169 1450 218 PL.
1519 170 1849 227 EPIS-T.

205 320 252 356 te
275 303 515 354 ulciscaris
587 298 763 364 Qibus
787 297 927 344 verbis
954 297 1032 344 illa
1056 294 1223 358 epistola
1246 297 1479 346 clauditur.
1526 303 1673 363 Atque
1696 302 1766 349 hic
1795 307 2073 354 omittendum
2100 324 2181 356 non
2199 311 2253 372 est
2266 317 2386 374 prin-

201 373 353 433 cipium
375 367 484 415 illud
504 365 693 428 epistolae
714 366 950 426 trigefimae
971 363 1126 409 tertiae
1157 363 1260 410 libri
1275 363 1426 424 sexti:
1462 365 1640 414 Tollite
1675 368 1842 416 causta
1885 369 2091 437 (inquit)
2126 391 2392 441 coeptosque

200 435 384 485 auferte
407 434 600 482 labores.
672 432 765 478 Seu
795 428 950 477 scribis
976 428 1177 491 aliquid,
1215 428 1295 477 seu
1316 430 1458 493 legis,
1496 431 1623 490 tolli,
1661 432 1832 481 auferri
1854 435 1995 497 jube,
2034 437 2084 485 ἅ
2105 440 2267 501 accipe
2291 458 2390 490 ora-

201 501 383 549 tionem
407 514 585 555 meam,
625 509 676 544 ut
699 494 764 542 illi
798 509 925 542 arma
950 492 1127 541 divina.
1169 494 1306 542 Num
1337 495 1576 558 superbius
1605 497 1783 559 potui?
1818 515 1987 548 revera
2023 515 2074 549 ut
2106 502 2231 550 inter
2264 519 2391 554 meas

201 565 457 631 pulchram.
505 563 634 609 Nam
663 558 777 606 mihi
797 558 901 606 satis
928 556 997 605 est
1019 571 1200 606 certare
1225 576 1425 608 mecum.
1497 560 1672 622 Festiva
1698 561 1755 622 esl
1787 566 1867 611 illa
1899 567 2030 613 etiam
2059 566 2225 628 epistola
2253 604 2267 626 ,
2322 572 2400 616 vel

194 631 341 693 potius
366 627 476 675 illud
482 624 692 689 festivum
715 623 969 686 epistolium,
1005 623 1107 669 libri
1135 625 1233 671 noni
1252 663 1265 685 ‚
1303 625 1426 687 cujus
1458 629 1632 673 initium
1661 626 1747 688 est:
1784 629 1912 697 Quid
1945 632 2044 696 agis
2068 634 2090 679 ἱ)
2136 631 2393 679 Multarum

203 695 369 758 quidem
399 700 506 739 certe
523 689 733 752 clausulae
747 690 906 752 saltem
924 686 1125 750 facetum
1152 692 1319 754 aliquid
1341 692 1498 739 habent
1533 691 1588 744 &2³
1619 693 1730 755 quod
1755 695 1962 742 deleciare
1981 697 2120 757 poffit.
2190 697 2306 744 Talis
2339 699 2395 759 est

204 761 306 806 haec
325 756 514 821 epistolae
541 757 776 802 undecimae
797 754 898 801 libri
918 756 1091 816 quarti:
1127 756 1351 820 Denique
1379 758 1600 821 quicquid
1625 761 1755 808 voles
1778 799 1791 820 ,
1829 762 2084 810 dummodo
2113 779 2207 810 non
2241 763 2394 812 minus

206 827 345 887 longa
374 821 567 884 epistola
589 821 801 869 nunties:
840 837 929 884 ego
962 837 1059 868 non
1081 822 1274 884 paginas
1299 834 1511 880 tantum,
1548 824 1624 872 sed
1648 826 1790 872 etiam
1813 826 1968 875 versus
1996 828 2284 891 syllabasque
2310 844 2394 876 nu-

203 890 411 941 merabO.
476 886 587 946 Jam
620 902 722 933 vero
757 885 811 938 {9⁷
843 886 1049 946 quaedam
1074 885 1245 948 festiva
1273 888 1387 934 dic‘la
1409 926 1422 947 ,
1470 888 1686 935 interdum
1715 892 1855 937 aliena
1879 930 1891 948 ,
1941 908 2237 954 nonuunquam
2270 891 2358 954 fita
2378 933 2393 953 ‚

202 961 509 1002 commemorat.
580 949 680 998 Tale
711 951 766 1013 est
795 952 906 1013 quod
931 953 1104 1015 legimus
1126 953 1228 1003 Lib.
1262 955 1298 1001 Ι.
1337 952 1483 1016 Epist.
1519 954 1617 1001 XX.
1655 971 1700 1002 n.
1741 972 1814 1016 14.
1862 957 2000 1005 Dixit
2032 959 2279 1021 aliquando
2311 959 2378 1006 mi

184 1019 253 1067 *hi
282 1017 491 1082 Regulus
517 1055 530 1076 ,
581 1034 724 1081 quum
760 1017 890 1065 simul
922 1017 1188 1065 adessemus.
1259 1019 1338 1067 Tu
1367 1020 1524 1067 omnia
1553 1037 1671 1083 quae
1700 1020 1803 1068 sunt
1844 1022 1894 1069 in
1927 1022 2061 1069 causa
2098 1037 2232 1085 putas
2272 1023 2398 1070 exse-

204 1083 414 1147 quenda:
452 1098 541 1145 ego
563 1083 778 1147 jugulum
800 1081 959 1129 statim
979 1082 1150 1141 video,
1186 1083 1313 1132 hunc
1333 1099 1514 1147 premo.
1564 1084 1769 1149 (premit
1791 1086 1923 1144 sane,
1963 1088 2089 1148 quod
2121 1088 2279 1150 eligit,
2315 1087 2395 1136 sed

202 1148 253 1196 in
285 1147 499 1210 eligendo
533 1147 804 1210 frequenter
843 1145 1015 1211 errat.)
1049 1148 1319 1211 Respondi,
1355 1149 1482 1213 poffe
1513 1150 1617 1200 fieri
1639 1189 1653 1216 2
1704 1164 1755 1199 ut
1785 1167 1911 1215 genu
1941 1151 2053 1200 ess'et
2077 1189 2091 1212 ,
2143 1165 2221 1200 aut
2251 1152 2392 1213 tibia,

204 1226 284 1261 aut
308 1213 423 1259 talus
439 1248 451 1269 ,
488 1212 568 1259 ubi
589 1212 665 1259 ille
685 1214 901 1276 jugulum
925 1226 1126 1274 putaret.

270 1276 404 1341 Qiod
413 1278 454 1337 st
485 1276 538 1328 ἐφ’
569 1277 618 1322 de
641 1277 851 1337 artificio,
888 1277 998 1338 quod
1025 1277 1093 1324 his
1107 1278 1250 1340 subest
1277 1280 1454 1342 epistolis
1481 1279 1603 1344 (sive
1633 1281 1706 1326 hoc
1734 1282 1793 1327 ad
1813 1282 2076 1341 utilitatem,
2103 1287 2203 1346 five
2228 1285 2289 1330 ad
2321 1286 2394 1332 cle·

201 1343 467 1389 notationem
491 1380 503 1400 ,
537 1344 636 1402 sive
661 1343 803 1404 potius
839 1343 898 1388 ad
927 1354 1151 1403 utrumque
1173 1345 1395 1408 pertinet)
1429 1347 1651 1392 dicendum
1687 1347 1794 1392 mihi
1818 1349 1985 1409 aliquid
2011 1347 2068 1408 est
2100 1385 2113 1406 ,
2158 1365 2208 1395 ne
2239 1352 2284 1396 in
2314 1352 2395 1397 hac

200 1408 364 1471 quidem
377 1417 505 1468 parte
525 1423 618 1454 eum
646 1409 843 1454 Cicerone
863 1406 1104 1467 inferiorem
1138 1410 1447 1468 comperiemus.
1514 1412 1642 1457 Nam
1663 1427 1755 1473 quae
1776 1413 1894 1472 petit
1920 1411 2005 1477 (ut
2028 1415 2217 1474 primum
2248 1416 2294 1461 de
2320 1416 2396 1463 hoc

203 1472 471 1534 epistolarum
494 1488 636 1535 genere
667 1471 850 1536 loquar)
882 1473 946 1517 ita
971 1475 1085 1534 petit
1109 1505 1125 1531 ‚
1171 1483 1219 1518 nt
1248 1474 1442 1537 denegari
1473 1478 1586 1522 nullo
1617 1479 1734 1523 modo
1759 1477 1927 1538 poffint.
2001 1478 2136 1536 Cujus
2163 1483 2226 1527 rei
2254 1497 2393 1528 exem-

197 1539 319 1599 plum
340 1538 539 1584 habemus
563 1541 608 1584 in
628 1537 707 1600 ista
730 1538 916 1599 clausula
932 1575 945 1596 ‚
979 1539 1121 1596 illius,
1156 1553 1262 1598 quae
1281 1555 1390 1586 nona
1411 1540 1466 1601 esi
1487 1542 1586 1587 libri
1593 1543 1787 1603 secundi.
1854 1545 1928 1589 Te
1959 1559 2145 1605 quoque
2173 1546 2390 1604 obsecro,

208 1615 261 1649 ut
293 1603 494 1665 aliquam
516 1603 670 1650 oneris
694 1604 788 1649 mei
812 1615 996 1662 partem
1021 1602 1249 1664 suscipere
1274 1604 1393 1650 tanti
1412 1618 1561 1666 putes.
1629 1607 1846 1653 Reddam
1873 1606 2057 1664 vicem,
2095 1608 2127 1654 fi
2149 1610 2391 1671 reposces:

207 1666 400 1714 reddam
433 1665 483 1713 ἃ
507 1666 539 1712 fi
573 1681 668 1712 non
692 1665 915 1728 reposces.
983 1665 1233 1728 Diligeris,
1271 1668 1435 1715 coleris
1458 1706 1471 1727 ‚
1513 1670 1854 1733 frequentaris:
1902 1669 2094 1717 ostende
2126 1674 2267 1720 modo
2297 1677 2393 1721 vel-

205 1731 250 1777 le
288 1744 334 1777 te
358 1768 371 1787 ‚
420 1746 508 1776 nec
541 1730 770 1786 deerunt,
809 1729 918 1790 qui,
959 1730 1083 1790 quod
1116 1743 1167 1777 tu
1199 1731 1314 1778 velis
1338 1767 1351 1790 ,
1399 1733 1603 1794 cupiant.
1676 1736 1740 1779 Ut
1778 1743 1924 1780 autem
1948 1734 2077 1793 hujus
2100 1735 2236 1795 finem
2261 1775 2274 1796 ‚
2328 1740 2393 1785 ita

199 1796 454 1857 principium
470 1795 639 1854 pariter
661 1793 714 1845 {9⁹
728 1792 864 1853 finem
887 1793 1002 1838 alius
1029 1794 1247 1853 cujusdam
1276 1797 1614 1858 confiderandum
1640 1812 1820 1860 propono
1846 1816 1862 1845 .·
1907 1815 2015 1861 quae
2046 1815 2126 1846 non
2156 1803 2270 1865 longo
2300 1819 2394 1850 eam

197 1859 394 1922 sequitur
418 1859 662 1906 intervallo.
727 1858 821 1904 H'oc
843 1859 979 1920 igitur
1007 1857 1063 1919 est
1085 1861 1356 1920 principium.
1423 1863 1486 1910 Et
1519 1877 1570 1912 tu
1602 1866 1867 1913 occasiones
1903 1866 2140 1930 obligandi
2180 1884 2257 1916 me
2294 1870 2394 1917 avi-

209 1924 385 1971 diffime
416 1922 730 1985 amplecteris,
769 1922 819 1971 &
848 1940 936 1986 ego
965 1925 1144 1971 nemini
1175 1926 1391 1975 libentius
1423 1929 1586 1977 debeo.
1657 1932 1851 1978 Duabus
1878 1947 1990 1992 ergo
2019 1931 2078 1978 de
2114 1934 2257 1980 causis
2285 1934 2311 1980 a
2332 1948 2392 1995 Ite

209 1987 489 2049 potissimum
511 2001 672 2049 petere
702 1986 924 2035 constitui
947 2026 959 2047 ‚
998 1990 1127 2050 quod
1150 1989 1453 2052 impetratum
1480 1995 1682 2043 maxime
1713 1996 1868 2057 cupio.
1915 1995 2003 2042 Hic
2023 2006 2168 2042 autem
2190 1997 2388 2059 estfinis,

208 2052 526 2100 Extenderem
554 2068 715 2114 preces
740 2090 752 2110 ,
790 2051 842 2100 δε
874 2066 926 2100 tu
957 2054 1112 2116 rogari
1143 2055 1223 2103 diu
1254 2058 1427 2116 nolles,
1467 2057 1518 2106 &
1551 2076 1640 2123 ego
1684 2074 1784 2108 tota
1815 2061 1903 2108 hac
1940 2060 2132 2123 epistola
2167 2063 2388 2112 feciffem.

206 2117 365 2181 Rogat
389 2116 537 2174 enim,
576 2115 626 2164 ἅ
658 2116 846 2180 quidem
880 2117 1189 2168 efficaciffime
1210 2157 1222 2178 ,
1275 2123 1353 2184 qui
1384 2123 1538 2171 reddit
1573 2125 1726 2172 causas
1754 2126 1965 2188 rogandi.
2035 2127 2214 2190 Dignus
2245 2140 2390 2177 autem

205 2181 320 2240 fuit,
357 2182 423 2226 cui
451 2181 563 2227 nihil
574 2183 735 2240 petenti
754 2193 1002 2243 negaretur,
1040 2199 1167 2245 quum
1188 2186 1249 2230 ad
1267 2188 1448 2233 aliorum
1469 2188 1552 2250 ipse
1565 2192 1792 2249 petitiones
1819 2201 1912 2236 tam
1942 2204 2158 2252 promtum
2171 2193 2223 2254 β)
2257 2194 2390 2254 osten-

198 2235 296 2291 dat.
361 2249 506 2307 Atque
540 2246 668 2306 hujus
712 2257 804 2293 tam
837 2258 1028 2307 promtae
1059 2248 1114 2300 ξς)
1161 2260 1254 2295 tam
1294 2253 1354 2298 ad
1385 2252 1619 2315 obfhquium
1651 2267 1838 2315 paratae
1873 2258 2114 2304 voluntatis
2154 2262 2387 2320 exemplum

204 2311 340 2372 exstat
362 2313 406 2358 in
424 2313 626 2372 principio
656 2311 839 2373 epistolae
861 2330 1001 2361 XVIII.
1035 2315 1136 2360 libri
1144 2315 1337 2376 secundi.
1407 2319 1536 2386 Quid
1559 2321 1675 2368 mihi
1710 2321 1736 2367 a
1768 2335 1816 2368 te
1844 2322 2096 2384 jucundius
2129 2324 2286 2384 potuit
2317 2326 2387 2373 in-

199 2376 362 2439 jungi,
400 2393 537 2438 quam
563 2391 613 2424 ut
633 2392 991 2440 praeceptorem
1018 2379 1170 2428 fratris
1196 2382 1265 2429 tui
1286 2382 1440 2430 liberis
1472 2401 1743 2446 quaererem
1772 2388 1794 2431 ἰ)
1843 2386 2007 2433 Verum
2040 2389 2069 2431 a
2094 2389 2299 2448 petitione
2327 2391 2389 2436 acl

201 2442 591 2487 commendationem
614 2451 662 2487 ut
687 2444 857 2487 veniam
889 2442 1048 2505 (quum
1073 2446 1439 2492 commendatitiae
1460 2449 1646 2509 epistolae
1666 2450 1823 2510 species
1841 2453 1934 2510 fint
1957 2467 2103 2498 earum
2125 2491 2137 2511 ‚
2174 2467 2281 2513 quae
2307 2469 2385 2516 pe-

200 2508 373 2550 titoriae
392 2507 685 2564 adpellantur:
721 2517 847 2567 atque
871 2508 970 2553 adeo
992 2509 1068 2553 illa
1087 2508 1278 2568 epistola,
1317 2527 1367 2556 ex
1400 2527 1483 2571 qua
1516 2513 1597 2559 duo
1623 2515 1850 2575 posteriora
1881 2518 2069 2576 exempla
2085 2517 2191 2577 jam·
2215 2519 2383 2580 adtuli,

189 2571 253 2628 stt
278 2570 662 2633 commendatitia)
697 2572 802 2632 quid
828 2573 888 2617 ad
907 2573 1026 2618 illam
1061 2573 1166 2619 addi
1186 2574 1320 2636 potest
1351 2586 1490 2622 artem
1513 2615 1525 2636 ‚
1562 2595 1646 2639 qua
1677 2581 1722 2625 in
1757 2582 2090 2628 commendandis
2109 2583 2206 2644 suis
2234 2590 2384 2634 amicis

201 2636 343 2680 utitur
364 2635 387 2681 Ρ
421 2635 525 2696 quid
545 2636 604 2681 acl
629 2641 822 2697 gratiam
851 2636 1007 2696 adjici,
1043 2654 1171 2699 quam
1214 2642 1634 2690 commendationibus
1660 2643 1746 2701 ficis
1787 2645 1960 2692 adhibet
1984 2647 2007 2692 ?
2042 2649 2096 2701 &³
2137 2647 2280 2711 (quod
2307 2665 2382 2711 po-

197 2699 400 2758 ttffimum
436 2699 526 2764 est)
563 2716 668 2762 quae
700 2702 887 2749 Suadela
919 2702 1054 2763 major
1077 2703 1359 2765 perfttadendi
1388 2707 1553 2769 artifex
1587 2711 1664 2771 eſje
1695 2727 1894 2773 umquam
1916 2714 2063 2772 potuit
2084 2746 2100 2771 ,
2143 2729 2273 2773 quam
2306 2718 2383 2762 illa

199 2763 255 2824 est
275 2799 290 2824 ,
324 2781 450 2827 quam
474 2766 590 2826 apud
607 2781 700 2813 eum
721 2769 920 2815 audimus
942 2769 965 2814 ?
1005 2771 1154 2830 Atque
1184 2781 1235 2816 nt
1267 2788 1316 2818 ne
1349 2772 1419 2821 hic
1451 2775 1614 2836 quidem
1631 2779 1727 2836 stne
1753 2780 1935 2838 exemplo
1957 2815 1970 2838 ,
2019 2780 2094 2824 vel
2112 2781 2260 2838 potius
2290 2784 2383 2843 stne

199 2833 397 2891 exemplis
418 2869 431 2890 ‚
467 2833 639 2893 loquar,
677 2834 849 2895 legimus
881 2838 928 2881 in
948 2836 1155 2895 principio
1185 2837 1439 2897 cujusdam,
1483 2856 1588 2901 quae
1622 2840 1679 2900 est
1708 2842 1855 2904 Epist.
1889 2845 1948 2890 Π.
1983 2844 2086 2891 Lib.
2123 2845 2182 2891 II.
2240 2845 2381 2913 Quod

201 2893 296 2956 ipse
321 2896 481 2944 amicis
506 2897 595 2945 tuis
619 2898 905 2959 obtulissem,
943 2900 976 2947 fi
1005 2901 1120 2948 mihi
1153 2903 1317 2951 cadem
1355 2906 1551 2953 materia
1584 2907 1853 2969 suppeteret
1877 2944 1890 2966 ,
1938 2908 1986 2955 id
2017 2924 2145 2956 nunc
2171 2910 2276 2972 jure
2309 2913 2381 2959 vi-

201 2958 312 3007 deor
334 2960 360 3007 a
385 2974 430 3009 te
461 2962 575 3010 mels
609 2963 853 3023 petiturus.
926 2965 1058 3012 Alter
1090 2977 1233 3012 autem
1271 2971 1415 3028 locus,
1459 2986 1578 3031 quem
1617 2974 1661 3017 in
1701 2973 1933 3033 exemplum
1962 2973 2145 3035 afferam
2184 2973 2377 3037 (duobus

198 3023 306 3070 enim
335 3036 548 3076 contentus
580 3027 682 3092 ero)
717 3030 1036 3081 Ciceronianam
1073 3032 1274 3096 quiddam
1307 3035 1462 3096 habet,
1495 3035 1540 3090 id
1571 3036 1654 3100 est,
1694 3039 2009 3086 Ciceronianam
2041 3040 2255 3101 quandam
2274 3039 2373 3101 for-

2292 3120 2384 3158 enet-
