<?xml version="1.0" encoding="UTF-8"?>
<!DOCTYPE html PUBLIC "-//W3C//DTD XHTML 1.0 Transitional//EN"
    "http://www.w3.org/TR/xhtml1/DTD/xhtml1-transitional.dtd">
<html xmlns="http://www.w3.org/1999/xhtml" xml:lang="en" lang="en">
 <head>
  <title>
</title>
<meta http-equiv="Content-Type" content="text/html;charset=utf-8" />
  <meta name='ocr-system' content='tesseract 3.04.00' />
  <meta name='ocr-capabilities' content='ocr_page ocr_carea ocr_par ocr_line ocrx_word'/>
</head>
<body>
  <div class='ocr_page' id='page_1' title='image "./caiipliniicaecil00plin_0028.png"; bbox 0 0 2616 3686; ppageno 0'>
   <div class='ocr_carea' id='block_1_1' title="bbox 564 155 2087 272">
    <p class='ocr_par' dir='ltr' id='par_1_1' title="bbox 564 155 2087 272">
     <span class='ocr_line' id='line_1_1' title="bbox 564 155 2087 272; baseline 0.002 -7"><span class='ocrx_word' id='word_1_1' title='bbox 564 195 727 267; x_wconf 78' lang='lat' dir='ltr'><em>IN</em></span> <span class='ocrx_word' id='word_1_2' title='bbox 823 196 1325 270; x_wconf 81' lang='lat' dir='ltr'>PLINII</span> <span class='ocrx_word' id='word_1_3' title='bbox 1422 155 2087 272; x_wconf 70' lang='lat' dir='ltr'><em>secuNm</em></span> 
     </span>
    </p>
   </div>
   <div class='ocr_carea' id='block_1_2' title="bbox 839 385 1839 472">
    <p class='ocr_par' dir='ltr' id='par_1_2' title="bbox 839 385 1839 472">
     <span class='ocr_line' id='line_1_2' title="bbox 839 385 1839 472; baseline 0.002 -32"><span class='ocrx_word' id='word_1_4' title='bbox 839 385 1839 472; x_wconf 77' lang='lat' dir='ltr'><strong>EPlsToLAs</strong></span> 
     </span>
    </p>
   </div>
   <div class='ocr_carea' id='block_1_3' title="bbox 250 555 2430 742">
    <p class='ocr_par' dir='ltr' id='par_1_3' title="bbox 250 555 2430 742">
     <span class='ocr_line' id='line_1_3' title="bbox 250 555 2430 742; baseline 0.001 -2"><span class='ocrx_word' id='word_1_5' title='bbox 250 555 2430 742; x_wconf 79' lang='lat' dir='ltr'><strong>PRAEFATIO</strong></span> 
     </span>
    </p>
   </div>
   <div class='ocr_carea' id='block_1_4' title="bbox 683 831 1982 916">
    <p class='ocr_par' dir='ltr' id='par_1_4' title="bbox 683 831 1982 916">
     <span class='ocr_line' id='line_1_4' title="bbox 683 831 1982 916; baseline 0.001 -15"><span class='ocrx_word' id='word_1_6' title='bbox 683 831 1086 902; x_wconf 85' lang='lat' dir='ltr'>HENR.</span> <span class='ocrx_word' id='word_1_7' title='bbox 1184 833 1982 916; x_wconf 82' lang='lat' dir='ltr'>STEPHANI,</span> 
     </span>
    </p>
   </div>
   <div class='ocr_carea' id='block_1_5' title="bbox 305 1023 2374 1210">
    <p class='ocr_par' dir='ltr' id='par_1_5' title="bbox 305 1023 2374 1210">
     <span class='ocr_line' id='line_1_5' title="bbox 305 1023 2374 1120; baseline 0 -24"><span class='ocrx_word' id='word_1_8' title='bbox 305 1035 369 1096; x_wconf 88' lang='lat' dir='ltr'><em>In</em></span> <span class='ocrx_word' id='word_1_9' title='bbox 409 1048 557 1120; x_wconf 86' lang='lat' dir='ltr'><em>qua,</em></span> <span class='ocrx_word' id='word_1_10' title='bbox 603 1027 881 1092; x_wconf 77' lang='lat' dir='ltr'><em>utiliorne</em></span> <span class='ocrx_word' id='word_1_11' title='bbox 926 1050 999 1094; x_wconf 83' lang='lat' dir='ltr'><em>an</em></span> <span class='ocrx_word' id='word_1_12' title='bbox 1039 1026 1358 1114; x_wconf 80' lang='lat' dir='ltr'><em>jucundior</em></span> <span class='ocrx_word' id='word_1_13' title='bbox 1389 1050 1591 1095; x_wconf 79' lang='lat' dir='ltr'><em>earum</em></span> <span class='ocrx_word' id='word_1_14' title='bbox 1622 1025 1694 1092; x_wconf 87' lang='lat' dir='ltr'><em>fit</em></span> <span class='ocrx_word' id='word_1_15' title='bbox 1743 1027 1955 1106; x_wconf 58' lang='lat' dir='ltr'><em>lectio,</em></span> <span class='ocrx_word' id='word_1_16' title='bbox 2000 1023 2256 1092; x_wconf 85' lang='lat' dir='ltr'><em>differit:</em></span> <span class='ocrx_word' id='word_1_17' title='bbox 2312 1039 2374 1097; x_wconf 76' lang='grc' dir='ltr'><em>δε</em></span> 
     </span>
     <span class='ocr_line' id='line_1_6' title="bbox 448 1117 2247 1210; baseline -0.001 -25"><span class='ocrx_word' id='word_1_18' title='bbox 448 1121 523 1185; x_wconf 89' lang='lat' dir='ltr'><em>de</em></span> <span class='ocrx_word' id='word_1_19' title='bbox 562 1117 908 1210; x_wconf 77' lang='lat' dir='ltr'><em>quibusdam</em></span> <span class='ocrx_word' id='word_1_20' title='bbox 926 1168 946 1200; x_wconf 89' lang='lat'><em>,</em></span> <span class='ocrx_word' id='word_1_21' title='bbox 995 1140 1144 1209; x_wconf 82' lang='lat' dir='ltr'><em>quae</em></span> <span class='ocrx_word' id='word_1_22' title='bbox 1179 1122 1240 1184; x_wconf 90' lang='lat' dir='ltr'><em>in</em></span> <span class='ocrx_word' id='word_1_23' title='bbox 1271 1143 1340 1186; x_wconf 83' lang='lat' dir='ltr'><em>ea</em></span> <span class='ocrx_word' id='word_1_24' title='bbox 1369 1117 1720 1190; x_wconf 85' lang='lat' dir='ltr'><em>observanda</em></span> <span class='ocrx_word' id='word_1_25' title='bbox 1750 1118 1911 1200; x_wconf 86' lang='lat' dir='ltr'><em>sunt,</em></span> <span class='ocrx_word' id='word_1_26' title='bbox 1944 1118 2247 1187; x_wconf 83' lang='lat' dir='ltr'><strong>admonet.</strong></span> 
     </span>
    </p>
   </div>
   <div class='ocr_carea' id='block_1_6' title="bbox 232 1391 2441 3093">
    <p class='ocr_par' dir='ltr' id='par_1_6' title="bbox 430 1391 2433 1454">
     <span class='ocr_line' id='line_1_7' title="bbox 430 1391 2433 1454; baseline 0.001 -19"><span class='ocrx_word' id='word_1_27' title='bbox 430 1391 588 1437; x_wconf 84' lang='lat' dir='ltr'><em>miror:</em></span> <span class='ocrx_word' id='word_1_28' title='bbox 624 1393 755 1438; x_wconf 84' lang='lat' dir='ltr'><em>multo</em></span> <span class='ocrx_word' id='word_1_29' title='bbox 788 1392 918 1437; x_wconf 88' lang='lat' dir='ltr'><em>etiam</em></span> <span class='ocrx_word' id='word_1_30' title='bbox 940 1394 1099 1454; x_wconf 86' lang='lat' dir='ltr'><em>magis,</em></span> <span class='ocrx_word' id='word_1_31' title='bbox 1134 1394 1163 1438; x_wconf 73' lang='lat' dir='ltr'><em>a</em></span> <span class='ocrx_word' id='word_1_32' title='bbox 1183 1392 1388 1449; x_wconf 84' lang='lat' dir='ltr'><em>nonnullis</em></span> <span class='ocrx_word' id='word_1_33' title='bbox 1407 1406 1458 1438; x_wconf 88' lang='lat' dir='ltr'><em>ne</em></span> <span class='ocrx_word' id='word_1_34' title='bbox 1482 1392 1562 1453; x_wconf 87' lang='lat' dir='ltr'><em>legi</em></span> <span class='ocrx_word' id='word_1_35' title='bbox 1583 1392 1750 1453; x_wconf 85' lang='lat' dir='ltr'><em>quidem</em></span> <span class='ocrx_word' id='word_1_36' title='bbox 1771 1392 1948 1439; x_wconf 84' lang='lat' dir='ltr'><em>omnino.</em></span> <span class='ocrx_word' id='word_1_37' title='bbox 2015 1392 2167 1451; x_wconf 84' lang='lat' dir='ltr'><em>Neque</em></span> <span class='ocrx_word' id='word_1_38' title='bbox 2189 1406 2288 1438; x_wconf 87' lang='lat' dir='ltr'><em>vero</em></span> <span class='ocrx_word' id='word_1_39' title='bbox 2313 1392 2361 1437; x_wconf 93' lang='lat' dir='ltr'><em>de</em></span> <span class='ocrx_word' id='word_1_40' title='bbox 2380 1395 2433 1438; x_wconf 86' lang='lat' dir='ltr'><em>iis</em></span> 
     </span>
    </p>

    <p class='ocr_par' dir='ltr' id='par_1_7' title="bbox 240 1454 2441 2176">
     <span class='ocr_line' id='line_1_8' title="bbox 431 1454 2431 1520; baseline 0.001 -20"><span class='ocrx_word' id='word_1_41' title='bbox 431 1465 599 1502; x_wconf 86' lang='lat' dir='ltr'><em>tantum</em></span> <span class='ocrx_word' id='word_1_42' title='bbox 617 1458 785 1518; x_wconf 81' lang='lat' dir='ltr'><em>loquor,</em></span> <span class='ocrx_word' id='word_1_43' title='bbox 820 1458 894 1517; x_wconf 82' lang='lat' dir='ltr'><em>qui</em></span> <span class='ocrx_word' id='word_1_44' title='bbox 922 1459 1075 1504; x_wconf 88' lang='lat' dir='ltr'><em>multos</em></span> <span class='ocrx_word' id='word_1_45' title='bbox 1081 1456 1310 1519; x_wconf 84' lang='lat' dir='ltr'><em>scriptores</em></span> <span class='ocrx_word' id='word_1_46' title='bbox 1328 1472 1407 1504; x_wconf 89' lang='lat' dir='ltr'><em>non</em></span> <span class='ocrx_word' id='word_1_47' title='bbox 1419 1454 1699 1517; x_wconf 77' lang='lat' dir='ltr'><em>aspernantur</em></span> <span class='ocrx_word' id='word_1_48' title='bbox 1709 1456 1873 1520; x_wconf 68' lang='lat' dir='ltr'><em>stilum,</em></span> <span class='ocrx_word' id='word_1_49' title='bbox 1887 1454 1970 1517; x_wconf 90' lang='lat' dir='ltr'><em>sed</em></span> <span class='ocrx_word' id='word_1_50' title='bbox 1988 1458 2118 1502; x_wconf 85' lang='lat' dir='ltr'><em>etiam</em></span> <span class='ocrx_word' id='word_1_51' title='bbox 2148 1457 2431 1519; x_wconf 82' lang='lat' dir='ltr'><em>aversantur,</em></span> 
     </span>
     <span class='ocr_line' id='line_1_9' title="bbox 251 1521 2431 1585; baseline 0.002 -21"><span class='ocrx_word' id='word_1_52' title='bbox 251 1530 380 1580; x_wconf 80' lang='lat' dir='ltr'><em>atque</em></span> <span class='ocrx_word' id='word_1_53' title='bbox 402 1521 504 1567; x_wconf 88' lang='lat' dir='ltr'><em>adeo</em></span> <span class='ocrx_word' id='word_1_54' title='bbox 523 1523 690 1569; x_wconf 70' lang='lat' dir='ltr'><em>lectione</em></span> <span class='ocrx_word' id='word_1_55' title='bbox 707 1524 875 1569; x_wconf 83' lang='lat' dir='ltr'><em>illorum</em></span> <span class='ocrx_word' id='word_1_56' title='bbox 890 1523 977 1584; x_wconf 84' lang='lat' dir='ltr'><em>fibi</em></span> <span class='ocrx_word' id='word_1_57' title='bbox 1012 1524 1301 1585; x_wconf 84' lang='lat' dir='ltr'><em>interdicunt,</em></span> <span class='ocrx_word' id='word_1_58' title='bbox 1333 1538 1412 1570; x_wconf 88' lang='lat' dir='ltr'><em>non</em></span> <span class='ocrx_word' id='word_1_59' title='bbox 1440 1524 1530 1572; x_wconf 87' lang='lat' dir='ltr'><em>alia</em></span> <span class='ocrx_word' id='word_1_60' title='bbox 1559 1523 1608 1569; x_wconf 89' lang='lat' dir='ltr'><em>de</em></span> <span class='ocrx_word' id='word_1_61' title='bbox 1637 1522 1789 1584; x_wconf 73' lang='lat' dir='ltr'><em>causti,</em></span> <span class='ocrx_word' id='word_1_62' title='bbox 1823 1537 1949 1584; x_wconf 85' lang='lat' dir='ltr'><em>quam</em></span> <span class='ocrx_word' id='word_1_63' title='bbox 1982 1522 2091 1584; x_wconf 87' lang='lat' dir='ltr'><em>quod</em></span> <span class='ocrx_word' id='word_1_64' title='bbox 2120 1533 2348 1581; x_wconf 83' lang='lat' dir='ltr'><em>verentur,</em></span> <span class='ocrx_word' id='word_1_65' title='bbox 2383 1537 2431 1568; x_wconf 83' lang='lat' dir='ltr'><em>ne</em></span> 
     </span>
     <span class='ocr_line' id='line_1_10' title="bbox 240 1586 2441 1652; baseline 0.001 -23"><span class='ocrx_word' id='word_1_66' title='bbox 240 1586 372 1646; x_wconf 71' lang='lat' dir='ltr'><em>ficum</em></span> <span class='ocrx_word' id='word_1_67' title='bbox 405 1588 727 1635; x_wconf 75' lang='lat' dir='ltr'><em>Ciceronianam</em></span> <span class='ocrx_word' id='word_1_68' title='bbox 734 1587 892 1648; x_wconf 83' lang='lat' dir='ltr'><em>stylum</em></span> <span class='ocrx_word' id='word_1_69' title='bbox 912 1590 1059 1651; x_wconf 81' lang='lat' dir='ltr'><em>aliqua</em></span> <span class='ocrx_word' id='word_1_70' title='bbox 1067 1588 1273 1652; x_wconf 61' lang='lat' dir='ltr'><em>stirmonis</em></span> <span class='ocrx_word' id='word_1_71' title='bbox 1299 1588 1512 1650; x_wconf 88' lang='lat' dir='ltr'><em>nonsatis</em></span> <span class='ocrx_word' id='word_1_72' title='bbox 1543 1590 1807 1635; x_wconf 88' lang='lat' dir='ltr'><em>Ciceroniani</em></span> <span class='ocrx_word' id='word_1_73' title='bbox 1837 1591 2073 1649; x_wconf 84' lang='lat' dir='ltr'><em>contagione</em></span> <span class='ocrx_word' id='word_1_74' title='bbox 2109 1588 2334 1647; x_wconf 85' lang='lat' dir='ltr'><em>inficiant:</em></span> <span class='ocrx_word' id='word_1_75' title='bbox 2356 1586 2441 1648; x_wconf 71' lang='lat' dir='ltr'><em>fid</em></span> 
     </span>
     <span class='ocr_line' id='line_1_11' title="bbox 251 1650 2434 1716; baseline 0.001 -21"><span class='ocrx_word' id='word_1_76' title='bbox 251 1650 302 1695; x_wconf 87' lang='lat' dir='ltr'><em>de</em></span> <span class='ocrx_word' id='word_1_77' title='bbox 324 1651 422 1697; x_wconf 88' lang='lat' dir='ltr'><em>aliis</em></span> <span class='ocrx_word' id='word_1_78' title='bbox 444 1653 573 1697; x_wconf 84' lang='lat' dir='ltr'><em>etiam</em></span> <span class='ocrx_word' id='word_1_79' title='bbox 593 1655 824 1711; x_wconf 79' lang='lat' dir='ltr'><em>nonnullis,</em></span> <span class='ocrx_word' id='word_1_80' title='bbox 859 1655 955 1714; x_wconf 84' lang='lat' dir='ltr'><em>qui,</em></span> <span class='ocrx_word' id='word_1_81' title='bbox 993 1658 1191 1716; x_wconf 85' lang='lat' dir='ltr'><em>quamvis</em></span> <span class='ocrx_word' id='word_1_82' title='bbox 1212 1657 1282 1702; x_wconf 91' lang='lat' dir='ltr'><em>illo</em></span> <span class='ocrx_word' id='word_1_83' title='bbox 1290 1652 1603 1715; x_wconf 80' lang='lat' dir='ltr'><em>superstitiosae</em></span> <span class='ocrx_word' id='word_1_84' title='bbox 1621 1653 1886 1700; x_wconf 82' lang='lat' dir='ltr'><em>Latinitatis</em></span> <span class='ocrx_word' id='word_1_85' title='bbox 1917 1653 2056 1698; x_wconf 88' lang='lat' dir='ltr'><em>morbo</em></span> <span class='ocrx_word' id='word_1_86' title='bbox 2100 1667 2180 1697; x_wconf 89' lang='lat' dir='ltr'><em>non</em></span> <span class='ocrx_word' id='word_1_87' title='bbox 2216 1653 2434 1711; x_wconf 79' lang='lat' dir='ltr'><em>laborent,</em></span> 
     </span>
     <span class='ocr_line' id='line_1_12' title="bbox 249 1716 2439 1785; baseline 0.002 -26"><span class='ocrx_word' id='word_1_88' title='bbox 249 1716 450 1777; x_wconf 79' lang='lat' dir='ltr'><em>quosdam</em></span> <span class='ocrx_word' id='word_1_89' title='bbox 470 1725 612 1763; x_wconf 85' lang='lat' dir='ltr'><em>tamen</em></span> <span class='ocrx_word' id='word_1_90' title='bbox 635 1717 939 1781; x_wconf 65' lang='lat' dir='ltr'><em>&amp;scriptoribus</em></span> <span class='ocrx_word' id='word_1_91' title='bbox 950 1719 1089 1781; x_wconf 71' lang='lat' dir='ltr'><em>stculo</em></span> <span class='ocrx_word' id='word_1_92' title='bbox 1112 1723 1320 1773; x_wconf 80' lang='lat' dir='ltr'><em>Ciceronis</em></span> <span class='ocrx_word' id='word_1_93' title='bbox 1332 1718 1625 1781; x_wconf 86' lang='lat' dir='ltr'><em>posterioribus</em></span> <span class='ocrx_word' id='word_1_94' title='bbox 1644 1716 1908 1776; x_wconf 66' lang='lat' dir='ltr'><em>lettionesua</em></span> <span class='ocrx_word' id='word_1_95' title='bbox 1930 1732 2009 1762; x_wconf 90' lang='lat' dir='ltr'><em>non</em></span> <span class='ocrx_word' id='word_1_96' title='bbox 2029 1718 2275 1779; x_wconf 86' lang='lat' dir='ltr'><em>dignantur.</em></span> <span class='ocrx_word' id='word_1_97' title='bbox 2309 1717 2439 1785; x_wconf 58' lang='lat' dir='ltr'><em>,Quid</em></span> 
     </span>
     <span class='ocr_line' id='line_1_13' title="bbox 252 1780 2435 1849; baseline 0 -22"><span class='ocrx_word' id='word_1_98' title='bbox 252 1795 346 1841; x_wconf 86' lang='lat' dir='ltr'><em>ergo</em></span> <span class='ocrx_word' id='word_1_99' title='bbox 367 1780 523 1827; x_wconf 86' lang='lat' dir='ltr'><em>habent</em></span> <span class='ocrx_word' id='word_1_100' title='bbox 543 1782 646 1842; x_wconf 88' lang='lat' dir='ltr'><em>istae</em></span> <span class='ocrx_word' id='word_1_101' title='bbox 670 1784 886 1845; x_wconf 90' lang='lat' dir='ltr'><em>epistolae,</em></span> <span class='ocrx_word' id='word_1_102' title='bbox 914 1795 1091 1847; x_wconf 85' lang='lat' dir='ltr'><em>propter</em></span> <span class='ocrx_word' id='word_1_103' title='bbox 1122 1787 1232 1849; x_wconf 83' lang='lat' dir='ltr'><em>quod</em></span> <span class='ocrx_word' id='word_1_104' title='bbox 1247 1797 1339 1833; x_wconf 78' lang='lat' dir='ltr'><em>tani</em></span> <span class='ocrx_word' id='word_1_105' title='bbox 1360 1786 1508 1848; x_wconf 83' lang='lat' dir='ltr'><em>dignae</em></span> <span class='ocrx_word' id='word_1_106' title='bbox 1529 1787 1623 1844; x_wconf 81' lang='lat' dir='ltr'><em>stnt</em></span> <span class='ocrx_word' id='word_1_107' title='bbox 1653 1799 1758 1845; x_wconf 82' lang='lat' dir='ltr'><em>qnae</em></span> <span class='ocrx_word' id='word_1_108' title='bbox 1787 1786 1980 1844; x_wconf 83' lang='lat' dir='ltr'><em>legantur</em></span> <span class='ocrx_word' id='word_1_109' title='bbox 2001 1781 2024 1826; x_wconf 83' lang='lat'><em>?</em></span> <span class='ocrx_word' id='word_1_110' title='bbox 2056 1785 2230 1843; x_wconf 87' lang='lat' dir='ltr'><em>excipiet</em></span> <span class='ocrx_word' id='word_1_111' title='bbox 2252 1782 2435 1844; x_wconf 74' lang='lat' dir='ltr'><em>fortaſje</em></span> 
     </span>
     <span class='ocr_line' id='line_1_14' title="bbox 250 1845 2432 1915; baseline 0.001 -25"><span class='ocrx_word' id='word_1_112' title='bbox 250 1847 325 1891; x_wconf 81' lang='lat' dir='ltr'><em>vel</em></span> <span class='ocrx_word' id='word_1_113' title='bbox 345 1845 493 1892; x_wconf 89' lang='lat' dir='ltr'><em>borum</em></span> <span class='ocrx_word' id='word_1_114' title='bbox 515 1849 589 1895; x_wconf 85' lang='lat' dir='ltr'><em>vel</em></span> <span class='ocrx_word' id='word_1_115' title='bbox 606 1850 774 1896; x_wconf 85' lang='lat' dir='ltr'><em>illorum</em></span> <span class='ocrx_word' id='word_1_116' title='bbox 792 1852 963 1912; x_wconf 68' lang='lat' dir='ltr'><em>aliquis„</em></span> <span class='ocrx_word' id='word_1_117' title='bbox 1030 1852 1123 1915; x_wconf 87' lang='lat' dir='ltr'><em>Ego</em></span> <span class='ocrx_word' id='word_1_118' title='bbox 1147 1867 1274 1912; x_wconf 84' lang='lat' dir='ltr'><em>vero,</em></span> <span class='ocrx_word' id='word_1_119' title='bbox 1288 1854 1386 1899; x_wconf 87' lang='lat' dir='ltr'><em>illas</em></span> <span class='ocrx_word' id='word_1_120' title='bbox 1406 1849 1574 1912; x_wconf 84' lang='lat' dir='ltr'><em>aliquid</em></span> <span class='ocrx_word' id='word_1_121' title='bbox 1592 1849 1744 1896; x_wconf 86' lang='lat' dir='ltr'><em>habere</em></span> <span class='ocrx_word' id='word_1_122' title='bbox 1758 1855 1932 1910; x_wconf 73' lang='lat' dir='ltr'><em>propter</em></span> <span class='ocrx_word' id='word_1_123' title='bbox 1951 1850 2061 1907; x_wconf 83' lang='lat' dir='ltr'><em>quod</em></span> <span class='ocrx_word' id='word_1_124' title='bbox 2074 1850 2155 1910; x_wconf 87' lang='lat' dir='ltr'><em>legi</em></span> <span class='ocrx_word' id='word_1_125' title='bbox 2175 1858 2432 1906; x_wconf 86' lang='lat' dir='ltr'><em>mereantur,</em></span> 
     </span>
     <span class='ocr_line' id='line_1_15' title="bbox 247 1911 2436 1979; baseline 0 -21"><span class='ocrx_word' id='word_1_126' title='bbox 247 1925 331 1958; x_wconf 71' lang='lat' dir='ltr'><em>uon</em></span> <span class='ocrx_word' id='word_1_127' title='bbox 347 1911 611 1973; x_wconf 68' lang='lat' dir='ltr'><em>respondebo,</em></span> <span class='ocrx_word' id='word_1_128' title='bbox 633 1914 718 1976; x_wconf 77' lang='lat' dir='ltr'><em>sed</em></span> <span class='ocrx_word' id='word_1_129' title='bbox 735 1915 892 1963; x_wconf 80' lang='lat' dir='ltr'><em>habere</em></span> <span class='ocrx_word' id='word_1_130' title='bbox 912 1918 1051 1963; x_wconf 82' lang='lat' dir='ltr'><em>omnia</em></span> <span class='ocrx_word' id='word_1_131' title='bbox 1071 1951 1087 1976; x_wconf 88' lang='lat'><em>,</em></span> <span class='ocrx_word' id='word_1_132' title='bbox 1122 1934 1227 1979; x_wconf 79' lang='lat' dir='ltr'><em>qnae</em></span> <span class='ocrx_word' id='word_1_133' title='bbox 1238 1934 1310 1966; x_wconf 90' lang='lat' dir='ltr'><em>nos</em></span> <span class='ocrx_word' id='word_1_134' title='bbox 1329 1917 1389 1963; x_wconf 89' lang='lat' dir='ltr'><em>ad</em></span> <span class='ocrx_word' id='word_1_135' title='bbox 1405 1914 1670 1977; x_wconf 86' lang='lat' dir='ltr'><em>epistolarum</em></span> <span class='ocrx_word' id='word_1_136' title='bbox 1692 1926 1770 1961; x_wconf 86' lang='lat' dir='ltr'><em>aut</em></span> <span class='ocrx_word' id='word_1_137' title='bbox 1792 1915 2057 1962; x_wconf 85' lang='lat' dir='ltr'><em>Latinarum</em></span> <span class='ocrx_word' id='word_1_138' title='bbox 2078 1923 2154 1958; x_wconf 87' lang='lat' dir='ltr'><em>aut</em></span> <span class='ocrx_word' id='word_1_139' title='bbox 2176 1917 2436 1959; x_wconf 83' lang='lat' dir='ltr'><em>Graecarum</em></span> 
     </span>
     <span class='ocr_line' id='line_1_16' title="bbox 249 1978 2434 2042; baseline 0.001 -20"><span class='ocrx_word' id='word_1_140' title='bbox 249 1978 459 2024; x_wconf 70' lang='lat' dir='ltr'><em>lectionem</em></span> <span class='ocrx_word' id='word_1_141' title='bbox 481 1982 670 2027; x_wconf 86' lang='lat' dir='ltr'><em>invitare</em></span> <span class='ocrx_word' id='word_1_142' title='bbox 698 1981 752 2035; x_wconf 52' lang='grc' dir='ltr'>ὃ</span> <span class='ocrx_word' id='word_1_143' title='bbox 774 1983 923 2042; x_wconf 83' lang='lat' dir='ltr'><em>pofflnt</em></span> <span class='ocrx_word' id='word_1_144' title='bbox 948 1983 1002 2034; x_wconf 80' lang='lat'><em>&amp;</em></span> <span class='ocrx_word' id='word_1_145' title='bbox 1024 1982 1215 2030; x_wconf 86' lang='lat' dir='ltr'><em>debeant.</em></span> <span class='ocrx_word' id='word_1_146' title='bbox 1283 1985 1408 2039; x_wconf 82' lang='lat' dir='ltr'><em>Nam</em></span> <span class='ocrx_word' id='word_1_147' title='bbox 1429 1985 1517 2038; x_wconf 81' lang='lat' dir='ltr'><em>five</em></span> <span class='ocrx_word' id='word_1_148' title='bbox 1549 1982 1813 2040; x_wconf 80' lang='lat' dir='ltr'><em>utilitatem,</em></span> <span class='ocrx_word' id='word_1_149' title='bbox 1837 1982 1935 2041; x_wconf 85' lang='lat' dir='ltr'><em>five</em></span> <span class='ocrx_word' id='word_1_150' title='bbox 1976 1979 2312 2037; x_wconf 67' lang='lat' dir='ltr'><em>delectationem,</em></span> <span class='ocrx_word' id='word_1_151' title='bbox 2334 1983 2434 2038; x_wconf 87' lang='lat' dir='ltr'><em>five</em></span> 
     </span>
     <span class='ocr_line' id='line_1_17' title="bbox 248 2043 2432 2112; baseline 0.001 -25"><span class='ocrx_word' id='word_1_152' title='bbox 248 2046 381 2088; x_wconf 85' lang='lat' dir='ltr'><em>etiam</em></span> <span class='ocrx_word' id='word_1_153' title='bbox 407 2054 628 2108; x_wconf 84' lang='lat' dir='ltr'><em>utrumque</em></span> <span class='ocrx_word' id='word_1_154' title='bbox 648 2049 691 2095; x_wconf 88' lang='lat' dir='ltr'><em>in</em></span> <span class='ocrx_word' id='word_1_155' title='bbox 711 2048 886 2104; x_wconf 67' lang='lat' dir='ltr'><em>istarum</em></span> <span class='ocrx_word' id='word_1_156' title='bbox 910 2049 1077 2095; x_wconf 61' lang='lat' dir='ltr'><em>lectione</em></span> <span class='ocrx_word' id='word_1_157' title='bbox 1087 2050 1177 2111; x_wconf 84' lang='lat' dir='ltr'><em>sibi</em></span> <span class='ocrx_word' id='word_1_158' title='bbox 1199 2050 1290 2112; x_wconf 83' lang='lat' dir='ltr'><em>quis</em></span> <span class='ocrx_word' id='word_1_159' title='bbox 1302 2057 1536 2109; x_wconf 81' lang='lat' dir='ltr'><em>proponat,</em></span> <span class='ocrx_word' id='word_1_160' title='bbox 1571 2062 1690 2106; x_wconf 76' lang='lat' dir='ltr'><em>eunt,</em></span> <span class='ocrx_word' id='word_1_161' title='bbox 1725 2047 1833 2109; x_wconf 78' lang='lat' dir='ltr'><em>quod</em></span> <span class='ocrx_word' id='word_1_162' title='bbox 1863 2045 2025 2092; x_wconf 89' lang='lat' dir='ltr'><em>abunde</em></span> <span class='ocrx_word' id='word_1_163' title='bbox 2033 2043 2117 2107; x_wconf 91' lang='lat' dir='ltr'><em>suo</em></span> <span class='ocrx_word' id='word_1_164' title='bbox 2146 2044 2340 2105; x_wconf 74' lang='lat' dir='ltr'><em>defiderio</em></span> <span class='ocrx_word' id='word_1_165' title='bbox 2350 2043 2432 2106; x_wconf 81' lang='lat' dir='ltr'><em>fiz-</em></span> 
     </span>
     <span class='ocr_line' id='line_1_18' title="bbox 247 2108 1014 2176; baseline 0.012 -24"><span class='ocrx_word' id='word_1_166' title='bbox 247 2108 473 2171; x_wconf 79' lang='lat' dir='ltr'><em>tisfaciat,</em></span> <span class='ocrx_word' id='word_1_167' title='bbox 508 2115 784 2160; x_wconf 85' lang='lat' dir='ltr'><em>inventurum</em></span> <span class='ocrx_word' id='word_1_168' title='bbox 807 2115 883 2176; x_wconf 78' lang='lat' dir='ltr'><em>effi</em></span> <span class='ocrx_word' id='word_1_169' title='bbox 909 2114 1014 2161; x_wconf 86' lang='lat' dir='ltr'><em>dico.</em></span> 
     </span>
    </p>

    <p class='ocr_par' dir='ltr' id='par_1_8' title="bbox 232 2174 2430 3093">
     <span class='ocr_line' id='line_1_19' title="bbox 318 2174 2430 2242; baseline 0.001 -23"><span class='ocrx_word' id='word_1_170' title='bbox 318 2175 381 2220; x_wconf 91' lang='lat' dir='ltr'><em>Ut</em></span> <span class='ocrx_word' id='word_1_171' title='bbox 404 2179 511 2222; x_wconf 85' lang='lat' dir='ltr'><em>enim</em></span> <span class='ocrx_word' id='word_1_172' title='bbox 546 2178 595 2224; x_wconf 89' lang='lat' dir='ltr'><em>de</em></span> <span class='ocrx_word' id='word_1_173' title='bbox 613 2181 805 2225; x_wconf 86' lang='lat' dir='ltr'><em>utilitate</em></span> <span class='ocrx_word' id='word_1_174' title='bbox 825 2182 951 2240; x_wconf 85' lang='lat' dir='ltr'><em>prius</em></span> <span class='ocrx_word' id='word_1_175' title='bbox 973 2179 1106 2226; x_wconf 86' lang='lat' dir='ltr'><em>verba</em></span> <span class='ocrx_word' id='word_1_176' title='bbox 1113 2178 1312 2242; x_wconf 82' lang='lat' dir='ltr'><em>faciani,</em></span> <span class='ocrx_word' id='word_1_177' title='bbox 1347 2181 1487 2228; x_wconf 88' lang='lat' dir='ltr'><em>nullas</em></span> <span class='ocrx_word' id='word_1_178' title='bbox 1496 2179 1547 2242; x_wconf 65' lang='lat' dir='ltr'><em>stt</em></span> <span class='ocrx_word' id='word_1_179' title='bbox 1570 2190 1661 2227; x_wconf 84' lang='lat' dir='ltr'><em>tam</em></span> <span class='ocrx_word' id='word_1_180' title='bbox 1695 2182 1825 2226; x_wconf 86' lang='lat' dir='ltr'><em>varia</em></span> <span class='ocrx_word' id='word_1_181' title='bbox 1855 2179 2048 2225; x_wconf 75' lang='lat' dir='ltr'><em>doctrina</em></span> <span class='ocrx_word' id='word_1_182' title='bbox 2077 2176 2262 2239; x_wconf 87' lang='lat' dir='ltr'><em>refertas</em></span> <span class='ocrx_word' id='word_1_183' title='bbox 2296 2174 2430 2238; x_wconf 72' lang='lat' dir='ltr'><em>Iegifflt</em></span> 
     </span>
     <span class='ocr_line' id='line_1_20' title="bbox 247 2239 2429 2308; baseline 0.001 -24"><span class='ocrx_word' id='word_1_184' title='bbox 247 2239 461 2300; x_wconf 76' lang='lat' dir='ltr'><em>epistolas,</em></span> <span class='ocrx_word' id='word_1_185' title='bbox 497 2259 576 2290; x_wconf 90' lang='lat' dir='ltr'><em>non</em></span> <span class='ocrx_word' id='word_1_186' title='bbox 586 2247 681 2305; x_wconf 86' lang='lat' dir='ltr'><em>fine</em></span> <span class='ocrx_word' id='word_1_187' title='bbox 709 2261 861 2308; x_wconf 87' lang='lat' dir='ltr'><em>magna</em></span> <span class='ocrx_word' id='word_1_188' title='bbox 884 2246 1166 2292; x_wconf 84' lang='lat' dir='ltr'><em>admiratione</em></span> <span class='ocrx_word' id='word_1_189' title='bbox 1188 2246 1437 2308; x_wconf 83' lang='lat' dir='ltr'><em>fatebitur,</em></span> <span class='ocrx_word' id='word_1_190' title='bbox 1461 2250 1504 2308; x_wconf 86' lang='lat' dir='ltr'><em>st</em></span> <span class='ocrx_word' id='word_1_191' title='bbox 1525 2280 1540 2306; x_wconf 90' lang='lat'><em>,</em></span> <span class='ocrx_word' id='word_1_192' title='bbox 1576 2262 1701 2308; x_wconf 83' lang='lat' dir='ltr'><em>quam</em></span> <span class='ocrx_word' id='word_1_193' title='bbox 1729 2246 1871 2305; x_wconf 88' lang='lat' dir='ltr'><em>decet,</em></span> <span class='ocrx_word' id='word_1_194' title='bbox 1907 2242 2210 2302; x_wconf 79' lang='lat' dir='ltr'><em>attentionem,</em></span> <span class='ocrx_word' id='word_1_195' title='bbox 2245 2242 2429 2304; x_wconf 81' lang='lat' dir='ltr'><em>quodque</em></span> 
     </span>
     <span class='ocr_line' id='line_1_21' title="bbox 246 2305 2430 2374; baseline 0 -23"><span class='ocrx_word' id='word_1_196' title='bbox 246 2305 386 2369; x_wconf 71' lang='lat' dir='ltr'><em>decet,</em></span> <span class='ocrx_word' id='word_1_197' title='bbox 408 2307 622 2367; x_wconf 84' lang='lat' dir='ltr'><em>judicium</em></span> <span class='ocrx_word' id='word_1_198' title='bbox 644 2311 808 2358; x_wconf 69' lang='lat' dir='ltr'><em>tentoni</em></span> <span class='ocrx_word' id='word_1_199' title='bbox 828 2328 975 2358; x_wconf 83' lang='lat' dir='ltr'><em>earum</em></span> <span class='ocrx_word' id='word_1_200' title='bbox 998 2310 1255 2359; x_wconf 83' lang='lat' dir='ltr'><em>adhibuerit.</em></span> <span class='ocrx_word' id='word_1_201' title='bbox 1324 2313 1541 2359; x_wconf 80' lang='lat' dir='ltr'><em>Eorantne</em></span> <span class='ocrx_word' id='word_1_202' title='bbox 1558 2310 1767 2374; x_wconf 84' lang='lat' dir='ltr'><em>studiofiis</em></span> <span class='ocrx_word' id='word_1_203' title='bbox 1786 2312 1872 2373; x_wconf 81' lang='lat' dir='ltr'><em>est,</em></span> <span class='ocrx_word' id='word_1_204' title='bbox 1907 2325 2013 2372; x_wconf 85' lang='lat' dir='ltr'><em>quae</em></span> <span class='ocrx_word' id='word_1_205' title='bbox 2032 2310 2092 2355; x_wconf 90' lang='lat' dir='ltr'><em>ad</em></span> <span class='ocrx_word' id='word_1_206' title='bbox 2123 2311 2310 2360; x_wconf 85' lang='lat' dir='ltr'><em>Politica</em></span> <span class='ocrx_word' id='word_1_207' title='bbox 2330 2310 2430 2369; x_wconf 78' lang='lat' dir='ltr'><em>sive</em></span> 
     </span>
     <span class='ocr_line' id='line_1_22' title="bbox 245 2372 2426 2438; baseline 0.001 -23"><span class='ocrx_word' id='word_1_208' title='bbox 245 2372 307 2416; x_wconf 88' lang='lat' dir='ltr'><em>ad</em></span> <span class='ocrx_word' id='word_1_209' title='bbox 328 2373 534 2420; x_wconf 87' lang='lat' dir='ltr'><em>Politicen</em></span> <span class='ocrx_word' id='word_1_210' title='bbox 553 2377 799 2434; x_wconf 80' lang='lat' dir='ltr'><em>pertinent?</em></span> <span class='ocrx_word' id='word_1_211' title='bbox 834 2377 989 2424; x_wconf 90' lang='lat' dir='ltr'><em>Multa</em></span> <span class='ocrx_word' id='word_1_212' title='bbox 1013 2387 1121 2424; x_wconf 86' lang='lat' dir='ltr'><em>certe</em></span> <span class='ocrx_word' id='word_1_213' title='bbox 1141 2381 1186 2425; x_wconf 88' lang='lat' dir='ltr'><em>in</em></span> <span class='ocrx_word' id='word_1_214' title='bbox 1207 2378 1383 2438; x_wconf 86' lang='lat' dir='ltr'><em>epistolis</em></span> <span class='ocrx_word' id='word_1_215' title='bbox 1410 2380 1734 2438; x_wconf 86' lang='lat' dir='ltr'><em>Ciceronianis(</em></span> <span class='ocrx_word' id='word_1_216' title='bbox 1759 2377 1807 2423; x_wconf 89' lang='lat' dir='ltr'><em>do</em></span> <span class='ocrx_word' id='word_1_217' title='bbox 1827 2380 1879 2424; x_wconf 88' lang='lat' dir='ltr'><em>iis</em></span> <span class='ocrx_word' id='word_1_218' title='bbox 1913 2385 2083 2422; x_wconf 83' lang='lat' dir='ltr'><em>tantum</em></span> <span class='ocrx_word' id='word_1_219' title='bbox 2117 2379 2284 2438; x_wconf 80' lang='lat' dir='ltr'><em>loquor,</em></span> <span class='ocrx_word' id='word_1_220' title='bbox 2319 2388 2426 2434; x_wconf 83' lang='lat' dir='ltr'><em>quae</em></span> 
     </span>
     <span class='ocr_line' id='line_1_23' title="bbox 248 2438 2430 2505; baseline 0.001 -24"><span class='ocrx_word' id='word_1_221' title='bbox 248 2438 308 2481; x_wconf 88' lang='lat' dir='ltr'><em>ad</em></span> <span class='ocrx_word' id='word_1_222' title='bbox 327 2439 478 2484; x_wconf 85' lang='lat' dir='ltr'><em>multos</em></span> <span class='ocrx_word' id='word_1_223' title='bbox 502 2438 519 2477; x_wconf 72' lang='grc' dir='ltr'><em>ἃ</em></span> <span class='ocrx_word' id='word_1_224' title='bbox 531 2441 830 2500; x_wconf 86' lang='lat' dir='ltr'><em>familiaribus</em></span> <span class='ocrx_word' id='word_1_225' title='bbox 837 2441 1028 2505; x_wconf 75' lang='lat' dir='ltr'><em>striptae</em></span> <span class='ocrx_word' id='word_1_226' title='bbox 1036 2442 1172 2503; x_wconf 78' lang='lat' dir='ltr'><em>sunt)</em></span> <span class='ocrx_word' id='word_1_227' title='bbox 1211 2460 1253 2490; x_wconf 86' lang='lat' dir='ltr'><em>eo</em></span> <span class='ocrx_word' id='word_1_228' title='bbox 1265 2446 1526 2504; x_wconf 82' lang='lat' dir='ltr'><em>pertinentia</em></span> <span class='ocrx_word' id='word_1_229' title='bbox 1551 2445 1741 2490; x_wconf 87' lang='lat' dir='ltr'><em>invenire</em></span> <span class='ocrx_word' id='word_1_230' title='bbox 1756 2446 1897 2503; x_wconf 86' lang='lat' dir='ltr'><em>potuit</em></span> <span class='ocrx_word' id='word_1_231' title='bbox 1911 2457 1926 2487; x_wconf 92' lang='lat'><em>.·</em></span> <span class='ocrx_word' id='word_1_232' title='bbox 1949 2440 2034 2501; x_wconf 88' lang='lat' dir='ltr'><em>secl</em></span> <span class='ocrx_word' id='word_1_233' title='bbox 2051 2457 2130 2489; x_wconf 86' lang='lat' dir='ltr'><em>non</em></span> <span class='ocrx_word' id='word_1_234' title='bbox 2156 2442 2357 2502; x_wconf 84' lang='lat' dir='ltr'><em>pauciora</em></span> <span class='ocrx_word' id='word_1_235' title='bbox 2384 2441 2430 2483; x_wconf 87' lang='lat' dir='ltr'><em>in</em></span> 
     </span>
     <span class='ocr_line' id='line_1_24' title="bbox 248 2501 2417 2571; baseline 0 -25"><span class='ocrx_word' id='word_1_236' title='bbox 248 2501 353 2562; x_wconf 71' lang='lat' dir='ltr'><em>haste</em></span> <span class='ocrx_word' id='word_1_237' title='bbox 390 2503 606 2551; x_wconf 87' lang='lat' dir='ltr'><em>Plinianis</em></span> <span class='ocrx_word' id='word_1_238' title='bbox 628 2508 877 2555; x_wconf 84' lang='lat' dir='ltr'><em>inventurus</em></span> <span class='ocrx_word' id='word_1_239' title='bbox 898 2509 968 2570; x_wconf 86' lang='lat' dir='ltr'><em>est.</em></span> <span class='ocrx_word' id='word_1_240' title='bbox 1038 2512 1233 2570; x_wconf 80' lang='lat' dir='ltr'><em>quamvis</em></span> <span class='ocrx_word' id='word_1_241' title='bbox 1253 2510 1337 2571; x_wconf 70' lang='lat' dir='ltr'><em>ipſs»</em></span> <span class='ocrx_word' id='word_1_242' title='bbox 1359 2510 1533 2556; x_wconf 88' lang='lat' dir='ltr'><em>Plinius</em></span> <span class='ocrx_word' id='word_1_243' title='bbox 1556 2510 1669 2571; x_wconf 83' lang='lat' dir='ltr'><em>longe</em></span> <span class='ocrx_word' id='word_1_244' title='bbox 1692 2511 1826 2555; x_wconf 85' lang='lat' dir='ltr'><em>alium</em></span> <span class='ocrx_word' id='word_1_245' title='bbox 1847 2510 1922 2570; x_wconf 86' lang='lat' dir='ltr'><em>effe</em></span> <span class='ocrx_word' id='word_1_246' title='bbox 1949 2523 2091 2553; x_wconf 80' lang='lat' dir='ltr'><em>rerum</em></span> <span class='ocrx_word' id='word_1_247' title='bbox 2124 2510 2417 2568; x_wconf 82' lang='lat' dir='ltr'><em>Romanarum</em></span> 
     </span>
     <span class='ocr_line' id='line_1_25' title="bbox 237 2567 2424 2636; baseline -0 -23"><span class='ocrx_word' id='word_1_248' title='bbox 237 2567 425 2627; x_wconf 83' lang='lat' dir='ltr'><em>statum,</em></span> <span class='ocrx_word' id='word_1_249' title='bbox 461 2581 664 2631; x_wconf 86' lang='lat' dir='ltr'><em>quantum</em></span> <span class='ocrx_word' id='word_1_250' title='bbox 683 2573 744 2617; x_wconf 90' lang='lat' dir='ltr'><em>ad</em></span> <span class='ocrx_word' id='word_1_251' title='bbox 760 2590 907 2621; x_wconf 85' lang='lat' dir='ltr'><em>earum</em></span> <span class='ocrx_word' id='word_1_252' title='bbox 928 2574 1334 2634; x_wconf 82' lang='lat' dir='ltr'><em>administrationem</em></span> <span class='ocrx_word' id='word_1_253' title='bbox 1387 2575 1579 2634; x_wconf 83' lang='lat' dir='ltr'><em>adtinet,</em></span> <span class='ocrx_word' id='word_1_254' title='bbox 1602 2575 1837 2636; x_wconf 83' lang='lat' dir='ltr'><em>fateatur,</em></span> <span class='ocrx_word' id='word_1_255' title='bbox 1868 2577 1916 2620; x_wconf 86' lang='lat' dir='ltr'><em>in</em></span> <span class='ocrx_word' id='word_1_256' title='bbox 1935 2589 1985 2618; x_wconf 81' lang='lat' dir='ltr'><em>ea</em></span> <span class='ocrx_word' id='word_1_257' title='bbox 2007 2573 2201 2632; x_wconf 82' lang='lat' dir='ltr'><em>epistola,</em></span> <span class='ocrx_word' id='word_1_258' title='bbox 2237 2585 2342 2632; x_wconf 81' lang='lat' dir='ltr'><em>quae</em></span> <span class='ocrx_word' id='word_1_259' title='bbox 2373 2569 2424 2613; x_wconf 80' lang='lat' dir='ltr'><em>li-</em></span> 
     </span>
     <span class='ocr_line' id='line_1_26' title="bbox 247 2633 2424 2706; baseline 0.001 -29"><span class='ocrx_word' id='word_1_260' title='bbox 247 2633 315 2678; x_wconf 85' lang='lat' dir='ltr'><em>bri</em></span> <span class='ocrx_word' id='word_1_261' title='bbox 336 2637 454 2680; x_wconf 81' lang='lat' dir='ltr'><em>tertii</em></span> <span class='ocrx_word' id='word_1_262' title='bbox 475 2638 673 2698; x_wconf 86' lang='lat' dir='ltr'><em>vigestma</em></span> <span class='ocrx_word' id='word_1_263' title='bbox 694 2636 766 2694; x_wconf 83' lang='lat' dir='ltr'><em>est.</em></span> <span class='ocrx_word' id='word_1_264' title='bbox 825 2639 944 2687; x_wconf 88' lang='lat' dir='ltr'><em>Haec</em></span> <span class='ocrx_word' id='word_1_265' title='bbox 972 2643 1081 2686; x_wconf 77' lang='lat' dir='ltr'><em>enini</em></span> <span class='ocrx_word' id='word_1_266' title='bbox 1102 2642 1236 2687; x_wconf 87' lang='lat' dir='ltr'><em>verba</em></span> <span class='ocrx_word' id='word_1_267' title='bbox 1266 2656 1360 2687; x_wconf 84' lang='lat' dir='ltr'><em>eam</em></span> <span class='ocrx_word' id='word_1_268' title='bbox 1381 2641 1608 2686; x_wconf 88' lang='lat' dir='ltr'><em>claudunt:</em></span> <span class='ocrx_word' id='word_1_269' title='bbox 1647 2641 1785 2687; x_wconf 77' lang='lat' dir='ltr'><em>Haec</em></span> <span class='ocrx_word' id='word_1_270' title='bbox 1810 2639 1895 2686; x_wconf 88' lang='lat' dir='ltr'><em>tibi</em></span> <span class='ocrx_word' id='word_1_271' title='bbox 1931 2637 2107 2699; x_wconf 73' lang='lat' dir='ltr'><em>scripsi,</em></span> <span class='ocrx_word' id='word_1_272' title='bbox 2141 2636 2424 2706; x_wconf 32' lang='lat' dir='ltr'><em>primum-ut</em></span> 
     </span>
     <span class='ocr_line' id='line_1_27' title="bbox 248 2699 2423 2768; baseline 0 -23"><span class='ocrx_word' id='word_1_273' title='bbox 248 2699 422 2759; x_wconf 78' lang='lat' dir='ltr'><em>aliquid</em></span> <span class='ocrx_word' id='word_1_274' title='bbox 454 2702 566 2748; x_wconf 84' lang='lat' dir='ltr'><em>novi</em></span> <span class='ocrx_word' id='word_1_275' title='bbox 589 2703 861 2764; x_wconf 81' lang='lat' dir='ltr'><em>scriberem,</em></span> <span class='ocrx_word' id='word_1_276' title='bbox 895 2705 1067 2753; x_wconf 85' lang='lat' dir='ltr'><em>deinde</em></span> <span class='ocrx_word' id='word_1_277' title='bbox 1090 2720 1141 2753; x_wconf 87' lang='lat' dir='ltr'><em>ut</em></span> <span class='ocrx_word' id='word_1_278' title='bbox 1164 2721 1502 2768; x_wconf 79' lang='lat' dir='ltr'><em>nonnunquam</em></span> <span class='ocrx_word' id='word_1_279' title='bbox 1524 2706 1580 2753; x_wconf 89' lang='lat' dir='ltr'><em>de</em></span> <span class='ocrx_word' id='word_1_280' title='bbox 1592 2705 1766 2766; x_wconf 85' lang='lat' dir='ltr'><em>republ.</em></span> <span class='ocrx_word' id='word_1_281' title='bbox 1793 2705 2020 2767; x_wconf 80' lang='lat' dir='ltr'>loquerer.</span> <span class='ocrx_word' id='word_1_282' title='bbox 2048 2704 2176 2767; x_wconf 83' lang='lat' dir='ltr'><em>cujus</em></span> <span class='ocrx_word' id='word_1_283' title='bbox 2201 2715 2423 2748; x_wconf 70' lang='lat' dir='ltr'><em>materiae</em></span> 
     </span>
     <span class='ocr_line' id='line_1_28' title="bbox 245 2764 2422 2834; baseline 0.001 -26"><span class='ocrx_word' id='word_1_284' title='bbox 245 2764 376 2810; x_wconf 85' lang='lat' dir='ltr'><em>nobis</em></span> <span class='ocrx_word' id='word_1_285' title='bbox 403 2780 576 2826; x_wconf 84' lang='lat' dir='ltr'><em>quanto</em></span> <span class='ocrx_word' id='word_1_286' title='bbox 598 2768 744 2817; x_wconf 82' lang='lat' dir='ltr'><em>rarior</em></span> <span class='ocrx_word' id='word_1_287' title='bbox 768 2787 905 2834; x_wconf 84' lang='lat' dir='ltr'><em>quam</em></span> <span class='ocrx_word' id='word_1_288' title='bbox 930 2769 1168 2819; x_wconf 80' lang='lat' dir='ltr'><em>veteribus</em></span> <span class='ocrx_word' id='word_1_289' title='bbox 1192 2771 1400 2829; x_wconf 76' lang='lat' dir='ltr'><em>occasio,</em></span> <span class='ocrx_word' id='word_1_290' title='bbox 1430 2784 1562 2818; x_wconf 81' lang='lat' dir='ltr'><em>tanto</em></span> <span class='ocrx_word' id='word_1_291' title='bbox 1595 2770 1746 2818; x_wconf 81' lang='lat' dir='ltr'><em>minus</em></span> <span class='ocrx_word' id='word_1_292' title='bbox 1781 2768 2044 2819; x_wconf 83' lang='lat' dir='ltr'><em>omittenda</em></span> <span class='ocrx_word' id='word_1_293' title='bbox 2079 2768 2158 2816; x_wconf 87' lang='lat' dir='ltr'><em>est.</em></span> <span class='ocrx_word' id='word_1_294' title='bbox 2229 2767 2291 2813; x_wconf 88' lang='lat' dir='ltr'><em>Et</em></span> <span class='ocrx_word' id='word_1_295' title='bbox 2322 2765 2422 2811; x_wconf 85' lang='lat' dir='ltr'><em>her.</em></span> 
     </span>
     <span class='ocr_line' id='line_1_29' title="bbox 245 2829 2422 2901; baseline -0.001 -24"><span class='ocrx_word' id='word_1_296' title='bbox 245 2829 349 2877; x_wconf 83' lang='lat' dir='ltr'><em>cule</em></span> <span class='ocrx_word' id='word_1_297' title='bbox 375 2845 610 2894; x_wconf 82' lang='lat' dir='ltr'><em>quousque</em></span> <span class='ocrx_word' id='word_1_298' title='bbox 634 2834 713 2880; x_wconf 84' lang='lat' dir='ltr'><em>illa</em></span> <span class='ocrx_word' id='word_1_299' title='bbox 733 2837 980 2899; x_wconf 78' lang='lat' dir='ltr'><em>vulgaria?</em></span> <span class='ocrx_word' id='word_1_300' title='bbox 1003 2836 1106 2883; x_wconf 90' lang='lat' dir='ltr'><em>Eho</em></span> <span class='ocrx_word' id='word_1_301' title='bbox 1127 2836 1239 2899; x_wconf 88' lang='lat' dir='ltr'><em>quid</em></span> <span class='ocrx_word' id='word_1_302' title='bbox 1263 2837 1392 2901; x_wconf 76' lang='lat' dir='ltr'><em>agis?</em></span> <span class='ocrx_word' id='word_1_303' title='bbox 1420 2837 1590 2899; x_wconf 83' lang='lat' dir='ltr'><em>ecquid</em></span> <span class='ocrx_word' id='word_1_304' title='bbox 1615 2837 1863 2885; x_wconf 87' lang='lat' dir='ltr'><em>commode</em></span> <span class='ocrx_word' id='word_1_305' title='bbox 1885 2834 2010 2882; x_wconf 82' lang='lat' dir='ltr'><em>vales</em></span> <span class='ocrx_word' id='word_1_306' title='bbox 2025 2836 2046 2879; x_wconf 67' lang='grc' dir='ltr'><em>’ἓ</em></span> <span class='ocrx_word' id='word_1_307' title='bbox 2081 2835 2302 2881; x_wconf 75' lang='lat' dir='ltr'><em>Habeant</em></span> <span class='ocrx_word' id='word_1_308' title='bbox 2338 2846 2422 2876; x_wconf 84' lang='lat' dir='ltr'><em>no-</em></span> 
     </span>
     <span class='ocr_line' id='line_1_30' title="bbox 243 2894 2420 2966; baseline 0 -26"><span class='ocrx_word' id='word_1_309' title='bbox 243 2894 361 2941; x_wconf 85' lang='lat' dir='ltr'><em>strae</em></span> <span class='ocrx_word' id='word_1_310' title='bbox 387 2908 571 2956; x_wconf 86' lang='lat' dir='ltr'><em>quoque</em></span> <span class='ocrx_word' id='word_1_311' title='bbox 594 2897 772 2948; x_wconf 77' lang='lat' dir='ltr'><em>litterae</em></span> <span class='ocrx_word' id='word_1_312' title='bbox 798 2902 972 2966; x_wconf 79' lang='lat' dir='ltr'><em>aliquid</em></span> <span class='ocrx_word' id='word_1_313' title='bbox 995 2917 1091 2948; x_wconf 90' lang='lat' dir='ltr'><em>non</em></span> <span class='ocrx_word' id='word_1_314' title='bbox 1113 2901 1312 2961; x_wconf 87' lang='lat' dir='ltr'><em>humile,</em></span> <span class='ocrx_word' id='word_1_315' title='bbox 1348 2918 1436 2949; x_wconf 91' lang='lat' dir='ltr'><em>nec</em></span> <span class='ocrx_word' id='word_1_316' title='bbox 1457 2902 1691 2950; x_wconf 84' lang='lat' dir='ltr'><em>sordidum</em></span> <span class='ocrx_word' id='word_1_317' title='bbox 1712 2940 1725 2960; x_wconf 90' lang='lat'><em>,</em></span> <span class='ocrx_word' id='word_1_318' title='bbox 1760 2918 1848 2949; x_wconf 90' lang='lat' dir='ltr'><em>nec</em></span> <span class='ocrx_word' id='word_1_319' title='bbox 1879 2898 2073 2961; x_wconf 78' lang='lat' dir='ltr'><em>privatis</em></span> <span class='ocrx_word' id='word_1_320' title='bbox 2110 2899 2244 2945; x_wconf 82' lang='lat' dir='ltr'><em>rebus</em></span> <span class='ocrx_word' id='word_1_321' title='bbox 2276 2896 2420 2942; x_wconf 87' lang='lat' dir='ltr'><em>inclu-</em></span> 
     </span>
     <span class='ocr_line' id='line_1_31' title="bbox 242 2958 2418 3028; baseline -0 -21"><span class='ocrx_word' id='word_1_322' title='bbox 242 2958 356 3007; x_wconf 91' lang='lat' dir='ltr'><em>sum.</em></span> <span class='ocrx_word' id='word_1_323' title='bbox 428 2958 519 3016; x_wconf 86' lang='lat' dir='ltr'><em>Et,</em></span> <span class='ocrx_word' id='word_1_324' title='bbox 555 2977 603 3006; x_wconf 88' lang='lat' dir='ltr'><em>ne</em></span> <span class='ocrx_word' id='word_1_325' title='bbox 623 2966 712 3021; x_wconf 83' lang='lat' dir='ltr'><em>quis</em></span> <span class='ocrx_word' id='word_1_326' title='bbox 733 2967 950 3025; x_wconf 83' lang='lat' dir='ltr'><em>objiceret,</em></span> <span class='ocrx_word' id='word_1_327' title='bbox 985 2968 1088 3026; x_wconf 86' lang='lat' dir='ltr'><em>quid</em></span> <span class='ocrx_word' id='word_1_328' title='bbox 1108 2968 1279 3014; x_wconf 85' lang='lat' dir='ltr'><em>tandem</em></span> <span class='ocrx_word' id='word_1_329' title='bbox 1299 2969 1349 3014; x_wconf 89' lang='lat' dir='ltr'><em>de</em></span> <span class='ocrx_word' id='word_1_330' title='bbox 1371 2969 1532 3027; x_wconf 87' lang='lat' dir='ltr'><em>republ.</em></span> <span class='ocrx_word' id='word_1_331' title='bbox 1563 2969 1767 3028; x_wconf 64' lang='lat' dir='ltr'><em>loqueri&#39;s,</em></span> <span class='ocrx_word' id='word_1_332' title='bbox 1801 2966 1918 3024; x_wconf 85' lang='lat' dir='ltr'><em>cujus</em></span> <span class='ocrx_word' id='word_1_333' title='bbox 1947 2966 2025 3008; x_wconf 82' lang='lat' dir='ltr'><em>vix</em></span> <span class='ocrx_word' id='word_1_334' title='bbox 2051 2964 2142 3020; x_wconf 85' lang='lat' dir='ltr'><em>jam</em></span> <span class='ocrx_word' id='word_1_335' title='bbox 2178 2962 2327 3008; x_wconf 81' lang='lat' dir='ltr'><em>umbra</em></span> <span class='ocrx_word' id='word_1_336' title='bbox 2338 2960 2418 3022; x_wconf 75' lang='lat' dir='ltr'><em>fii-</em></span> 
     </span>
     <span class='ocr_line' id='line_1_32' title="bbox 232 3023 2417 3093; baseline 0.001 -22"><span class='ocrx_word' id='word_1_337' title='bbox 232 3023 405 3085; x_wconf 73' lang='lat' dir='ltr'><em>peresi?</em></span> <span class='ocrx_word' id='word_1_338' title='bbox 433 3025 674 3087; x_wconf 76' lang='lat' dir='ltr'><em>subjungit:</em></span> <span class='ocrx_word' id='word_1_339' title='bbox 710 3031 827 3077; x_wconf 85' lang='lat' dir='ltr'><em>Sunt</em></span> <span class='ocrx_word' id='word_1_340' title='bbox 851 3032 1040 3092; x_wconf 86' lang='lat' dir='ltr'><em>quidem</em></span> <span class='ocrx_word' id='word_1_341' title='bbox 1065 3032 1233 3079; x_wconf 61' lang='lat' dir='ltr'><em>cuncta</em></span> <span class='ocrx_word' id='word_1_342' title='bbox 1256 3033 1334 3080; x_wconf 88' lang='lat' dir='ltr'><em>sub</em></span> <span class='ocrx_word' id='word_1_343' title='bbox 1360 3032 1495 3079; x_wconf 90' lang='lat' dir='ltr'><em>unius</em></span> <span class='ocrx_word' id='word_1_344' title='bbox 1521 3033 1738 3089; x_wconf 79' lang='lat' dir='ltr'><em>arbitrio,</em></span> <span class='ocrx_word' id='word_1_345' title='bbox 1773 3031 1851 3093; x_wconf 87' lang='lat' dir='ltr'><em>qui</em></span> <span class='ocrx_word' id='word_1_346' title='bbox 1875 3045 1959 3089; x_wconf 88' lang='lat' dir='ltr'><em>pro</em></span> <span class='ocrx_word' id='word_1_347' title='bbox 1984 3028 2186 3075; x_wconf 77' lang='lat' dir='ltr'><em>utilitate</em></span> <span class='ocrx_word' id='word_1_348' title='bbox 2211 3042 2417 3074; x_wconf 82' lang='lat' dir='ltr'><em>commu-</em></span> 
     </span>
    </p>
   </div>
   <div class='ocr_carea' id='block_1_7' title="bbox 237 3088 2422 3207">
    <p class='ocr_par' dir='ltr' id='par_1_9' title="bbox 237 3088 2422 3207">
     <span class='ocr_line' id='line_1_33' title="bbox 237 3088 2422 3206; baseline -0.001 -66"><span class='ocrx_word' id='word_1_349' title='bbox 237 3090 289 3140; x_wconf 83' lang='lat' dir='ltr'><em>ni</em></span> <span class='ocrx_word' id='word_1_350' title='bbox 309 3088 427 3140; x_wconf 84' lang='lat' dir='ltr'><em>solus</em></span> <span class='ocrx_word' id='word_1_351' title='bbox 451 3091 661 3140; x_wconf 85' lang='lat' dir='ltr'><em>omnium</em></span> <span class='ocrx_word' id='word_1_352' title='bbox 686 3109 815 3145; x_wconf 82' lang='lat' dir='ltr'><em>curas</em></span> <span class='ocrx_word' id='word_1_353' title='bbox 839 3095 1108 3159; x_wconf 80' lang='lat' dir='ltr'><em>laboresque</em></span> <span class='ocrx_word' id='word_1_354' title='bbox 1132 3097 1358 3161; x_wconf 85' lang='lat' dir='ltr'><em>suscepit:</em></span> <span class='ocrx_word' id='word_1_355' title='bbox 1398 3097 1583 3159; x_wconf 78' lang='lat' dir='ltr'><em>quidam</em></span> <span class='ocrx_word' id='word_1_356' title='bbox 1609 3109 1791 3156; x_wconf 81' lang='lat' dir='ltr'><em>tamen,</em></span> <span class='ocrx_word' id='word_1_357' title='bbox 1831 3094 1995 3143; x_wconf 71' lang='lat' dir='ltr'><em>salubri</em></span> <span class='ocrx_word' id='word_1_358' title='bbox 2019 3106 2422 3206; x_wconf 53' lang='lat' dir='ltr'><em>temperamento:1</em></span> 
     </span>
     <span class='ocr_line' id='line_1_34' title="bbox 1312 3174 2400 3207; baseline -0.007 -15"><span class='ocrx_word' id='word_1_359' title='bbox 1312 3185 1323 3192; x_wconf 77' lang='grc'>.</span> <span class='ocrx_word' id='word_1_360' title='bbox 2362 3174 2400 3207; x_wconf 53' lang='grc' dir='ltr'><em>ἃ,</em></span> 
     </span>
    </p>
   </div>
   <div class='ocr_carea' id='block_1_8' title="bbox 248 1320 2433 1498">
    <p class='ocr_par' dir='ltr' id='par_1_10' title="bbox 248 1320 2433 1498">
     <span class='ocr_line' id='line_1_35' title="bbox 248 1320 2433 1498; baseline 0 -127"><span class='ocrx_word' id='word_1_361' title='bbox 248 1320 394 1498; x_wconf 83' lang='lat' dir='ltr'>P</span> <span class='ocrx_word' id='word_1_362' title='bbox 409 1323 448 1371; x_wconf 94' lang='lat' dir='ltr'>L</span> <span class='ocrx_word' id='word_1_363' title='bbox 462 1320 549 1371; x_wconf 94' lang='lat' dir='ltr'><em>IN</em></span> <span class='ocrx_word' id='word_1_364' title='bbox 562 1323 617 1372; x_wconf 94' lang='lat' dir='ltr'><em>II</em></span> <span class='ocrx_word' id='word_1_365' title='bbox 652 1323 828 1372; x_wconf 85' lang='lat' dir='ltr'><em>Secundi</em></span> <span class='ocrx_word' id='word_1_366' title='bbox 847 1321 1037 1385; x_wconf 81' lang='lat' dir='ltr'><em>epistolas</em></span> <span class='ocrx_word' id='word_1_367' title='bbox 1055 1340 1133 1387; x_wconf 83' lang='lat' dir='ltr'><em>quo</em></span> <span class='ocrx_word' id='word_1_368' title='bbox 1141 1323 1314 1388; x_wconf 79' lang='lat' dir='ltr'><em>saepius</em></span> <span class='ocrx_word' id='word_1_369' title='bbox 1332 1324 1444 1387; x_wconf 84' lang='lat' dir='ltr'><em>lego,</em></span> <span class='ocrx_word' id='word_1_370' title='bbox 1480 1339 1524 1372; x_wconf 91' lang='lat' dir='ltr'><em>eo</em></span> <span class='ocrx_word' id='word_1_371' title='bbox 1553 1325 1685 1388; x_wconf 74' lang='lat' dir='ltr'><em>magis</em></span> <span class='ocrx_word' id='word_1_372' title='bbox 1705 1325 1802 1373; x_wconf 89' lang='lat' dir='ltr'><em>illas</em></span> <span class='ocrx_word' id='word_1_373' title='bbox 1826 1324 1854 1370; x_wconf 78' lang='grc' dir='ltr'><em>ὰ</em></span> <span class='ocrx_word' id='word_1_374' title='bbox 1876 1324 2086 1386; x_wconf 85' lang='lat' dir='ltr'><em>plerisque</em></span> <span class='ocrx_word' id='word_1_375' title='bbox 2108 1333 2199 1370; x_wconf 88' lang='lat' dir='ltr'><em>tam</em></span> <span class='ocrx_word' id='word_1_376' title='bbox 2229 1339 2328 1372; x_wconf 90' lang='lat' dir='ltr'><em>raro</em></span> <span class='ocrx_word' id='word_1_377' title='bbox 2353 1326 2433 1389; x_wconf 82' lang='lat' dir='ltr'><em>legi</em></span> 
     </span>
    </p>
   </div>
  </div>
 </body>
</html>
