2616 3686
538 203 879 255 LIBER
948 203 1870 263 VLEPISTOLAXX.
2168 236 2267 286 439

66 344 71 349 ,
130 300 233 344 tur.
308 301 325 323 ¹
345 283 532 340 Invafit
558 283 610 336 in
634 279 943 336 cubiculum
973 298 1155 335 meum
1185 295 1356 336 mater
1384 300 1399 338 :
1437 285 1724 355 surgebam
1751 287 2012 354 invicem,
2054 294 2088 348 si
2118 301 2265 365 quie-
2308 314 2341 361 4

125 360 332 422 sceret,
397 357 739 412 excitaturus,
778 354 796 373 ²
834 353 1114 408 residimus
1150 355 1205 408 in
1248 371 1369 409 area
1405 357 1602 412 domus
1629 398 1645 421 ,
1696 377 1833 432 quae
1870 380 2014 416 mare
2056 385 2083 420 a
2114 369 2263 420 tectis

125 433 348 491 modico
382 429 553 502 spatio
590 425 881 482 dividebat.
918 425 1114 480 dubito
1154 426 1506 484 constantiam
1551 448 1779 495 vocare,
1821 437 1835 463 ³
1863 452 1926 487 an
1953 437 2262 503 impruden·
2311 452 2343 499 ς’

125 508 249 560 tiam
280 503 532 559 debeam:
571 500 787 572 agebam
819 499 964 553 enirn
992 498 1494 556 duodevicefimum
1527 520 1744 558 annum.
1822 504 1998 559 Posco
2022 509 2042 532 ⁴
2068 508 2263 565 librum

124 575 242 632 Titi
285 576 427 631 Livii
459 614 475 638 ‚
520 576 571 630 &
612 572 751 645 quasi
780 589 876 643 per
902 572 1078 626 otium
1107 572 1263 641 leg0,
1302 586 1462 644 atque
1491 578 1683 638 etiam,
1721 591 1781 631 ut
1810 595 2129 647 coeperam,
2167 586 2261 637 ex-

124 667 308 722 cerpo.
382 651 529 706 Ecce
565 647 764 700 amicus
796 646 1046 699 avunculi
1074 683 1090 708 ,
1139 647 1233 717 qui
1267 663 1438 716 nuper
1476 649 1541 704 ad
1570 666 1694 703 eum
1721 667 1788 704 ex
1814 650 2070 723 Hispania
2100 671 2262 709 vene-

120 737 231 787 rat,
267 735 325 776 ut
352 738 469 783 me,
507 719 561 773 &
588 731 813 773 matrem
841 717 1116 781 sedentes,
1150 735 1239 772 me
1265 736 1398 773 vero
1426 723 1585 776 etiarn
1615 723 1885 792 legentem
1915 726 2092 787 videt,
2121 727 2260 782 illius

120 795 421 867 patientiam
447 830 464 855 ‚
519 790 857 846 securitatem
889 807 1062 845 meam
1087 791 1342 862 corripit:
1380 792 1549 847 nihilo
1576 795 1782 866 segnius
1809 813 1915 868 ego
1942 800 2178 854 intentus
2202 801 2257 857 in

119 868 324 924 librum.
392 865 509 934 Jam
551 862 682 918 liora
719 863 828 918 diei
868 864 1069 935 prima,
1127 863 1181 918 &
1224 863 1399 918 adhuc
1433 865 1626 920 dubius
1652 907 1667 931 ‚
1723 869 1771 923 ἑίε
1808 870 1949 940 quasi
1977 872 2257 943 languidus
2305 877 2340 916 6

118 938 254 1000 dies,
291 936 305 963 ⁵
327 936 432 1007 jam
457 935 700 1008 quaffatis
725 936 1230 1008 circumjacentibus
1256 936 1439 1002 tesiiS,
1475 955 1783 1011 quanquam
1815 944 1868 995 in
1897 945 2256 1014 apertoloc0,

117 1009 330 1082 angusto
353 1024 527 1065 tamen
555 1025 776 1079 magnus
804 1010 858 1063 &
885 1024 1065 1064 certus
1092 1010 1276 1065 ruinae
1307 1023 1503 1067 metus,
1558 1012 1709 1067 Tum
1738 1014 1956 1069 demum
1987 1018 2255 1074 excedere
2303 1036 2339 1085 7

115 1082 315 1155 oppido
341 1081 529 1137 visum.
605 1082 860 1154 Sequitur
888 1083 1078 1154 vulgus
1106 1083 1394 1137 attonitum
1430 1123 1446 1149 ,
1485 1086 1748 1157 quodque
1786 1087 1839 1141 in
1867 1105 2065 1159 pavore
2093 1091 2256 1145 fimile

113 1154 456 1227 prudentiae,
494 1154 726 1211 alienum
755 1155 1031 1210 consilium
1061 1155 1155 1211 suo
1179 1153 1444 1226 praefert,
1474 1160 1791 1232 ingentique
1818 1161 2033 1231 agmine
2059 1161 2256 1217 abeun-

114 1243 187 1287 tes
221 1231 414 1301 premit
456 1228 512 1282 &
547 1228 788 1300 impellit.
864 1228 1078 1301 Egreffi
1118 1228 1256 1284 tesia
1282 1229 1611 1287 consistimus
1637 1271 1652 1297 ,
1693 1234 1858 1288 multa
1887 1233 1961 1288 ibi
1985 1235 2254 1364 miranlda,
2304 1234 2337 1285 8»

2005 1352 2014 1355 -
2057 1324 2256 1364 mutas

109 1439 370 1482 'tantummodo
394 1438 482 1487 qui,
512 1441 550 1477 in
573 1441 682 1489 quia,
705 1439 767 1489 sed
791 1441 829 1478 in
855 1442 900 1480 cl?
922 1444 1110 1479 mutamus
1126 1470 1135 1486 ,
1178 1447 1180 1451 ·
1204 1441 1349 1482 Tullius
1376 1446 1514 1484 moveri
1547 1454 1592 1484 cs·
1618 1446 1715 1484 verti
1748 1447 1965 1496 coniungit,
1993 1447 2057 1485 ubi
2087 1445 2133 1485 de
2154 1449 2255 1488 coeli-

110 1492 211 1541 quod
235 1493 274 1529 ὃ(
296 1490 370 1527 aliis
391 1490 479 1527 locis
503 1489 714 1528 faciendum
739 1491 817 1527 suit.
874 1491 1038 1529 Heinfii:
1066 1505 1135 1528 non
1208 1501 1316 1530 motu
1335 1495 1511 1543 loquitur.
1541 1496 1697 1534 COR‘rE.

109 1544 243 1581 moveri
267 1539 388 1578 omnia
408 1568 416 1583 ‚
446 1540 511 1587 sed
532 1540 645 1577 everti
668 1541 912 1585 crederentur,
943 1549 1136 1588 propterea
1259 1556 1274 1581 1
1309 1544 1484 1595 Irrumpit
1507 1546 1714 1585 cubiculum.
1736 1546 1751 1596 ]
1795 1548 1971 1597 Optimus
1998 1578 2008 1594 ‚
2036 1557 2076 1588 ut
2098 1550 2169 1587 iam
2194 1553 2250 1589 vi-

109 1597 220 1632 etiam
244 1592 424 1639 displicet,
452 1592 536 1639 quia
560 1590 678 1628 modo
697 1590 885 1639 praecessit
910 1604 979 1627 non
995 1592 1110 1640 solum
1125 1624 1134 1638 ,
1204 1593 1346 1640 dimus,
1377 1596 1517 1642 Invafit
1543 1598 1580 1634 in
1602 1597 1797 1636 cubiculum
1825 1628 1835 1642 ‚
1863 1600 1974 1650 idque
1998 1599 2171 1639 Heinsius
2195 1602 2249 1639 di·

101 1648 165 1696 sed
186 1645 308 1680 etiam.
334 1641 480 1678 Deinde
499 1653 577 1677 non
597 1640 765 1681 modoin
780 1641 977 1686 Mediceo,
1006 1655 1135 1683 verum
1204 1643 1265 1680 eto
1299 1646 1386 1682 loco
1418 1648 1577 1696 pluribus
1609 1657 1734 1687 tuetur
1757 1679 1767 1694 ,
1807 1652 1846 1688 ὃς
1879 1663 1947 1687 nos
1981 1652 2163 1699 quaedam
2199 1653 2245 1692 ad

110 1698 221 1734 etiam
250 1695 285 1731 in
319 1695 488 1730 omnibus
520 1693 592 1730 aliis
616 1692 721 1730 MSS.
744 1693 781 1730 δε
804 1692 895 1730 Edd.
918 1693 1019 1730 Vett.
1044 1697 1137 1733 verti
1204 1694 1317 1744 Crispi
1339 1691 1416 1744 fug.
1440 1710 1516 1746 cap.
1540 1699 1698 1736 XXXll.
1718 1712 1752 1736 n.
1773 1713 1807 1746 4.
1835 1706 1955 1737 Tanta
1980 1702 2038 1738 vis
2062 1703 2252 1742 avaritiae·

106 1748 235 1795 legitur
260 1774 270 1788 ‚
298 1755 376 1779 non
407 1744 519 1780 everti
544 1772 553 1787 ,
584 1745 620 1780 ἃ
646 1742 778 1779 moveri
802 1743 951 1791 quidem
975 1755 1018 1782 ac
1039 1748 1137 1784 verti
1200 1744 1237 1780 in
1257 1747 1544 1793 arumnorum,
1572 1749 1688 1787 veluti
1701 1749 1824 1797 tabes,
1850 1752 2039 1791 invaserat.
2070 1753 2241 1794 Lucanus

107 1798 183 1836 satis
210 1805 293 1845 apte
320 1794 604 1842 coniunguntur.
629 1794 799 1831 Lucanus
813 1793 1037 1834 Lib.111.vs.
1054 1798 1136 1845 418.
1205 1794 1290 1833 Lib.
1313 1796 1359 1835 X.
1383 1809 1435 1836 vs.
1459 1810 1543 1849 355.

160 1901 260 1944 saepe
281 1907 390 1931 cavas
415 1904 523 1933 motu
545 1903 660 1933 terrae
684 1894 816 1945 mugire
837 1907 1020 1936 cavernas.
1251 1896 1388 1938 Invafit
1408 1900 1597 1951 Cleopatra
1623 1902 1792 1942 domum.

114 1998 194 2037 Lib.
221 1997 268 2034 V.
291 2007 342 2033 vs.
363 1994 448 2046 633.
1201 2000 1250 2039 Ni
1273 2003 1508 2041 membranae
1531 2004 1697 2042 iuberent
1722 2033 1734 2049 ,
1769 2017 1788 2043 a
1815 2007 1963 2054 vulgato
1985 2017 2064 2045 non
2087 2008 2244 2057 recede-j

1197 2062 1286 2090 rem.
1316 2053 1369 2091 Ita
1385 2053 1485 2093 idem
1511 2055 1684 2094 Lucanus
1707 2056 1788 2095 Lib.
1813 2057 1861 2095 11.
1883 2069 1932 2095 vs.
1953 2069 2038 2105 327.

158 2118 231 2129 .-.
259 2106 426 2147 motaque
442 2096 511 2147 poli
532 2106 711 2146 compage
731 2097 914 2140 laborant.

1248 2154 1416 2204 Pulsatae
1434 2157 1581 2204 fimuere
1599 2159 1695 2204 sores
1711 2187 1721 2202 ‚
1751 2171 1838 2208 quas
1853 2160 1985 2208 saub'ia
2009 2160 2125 2198 reliHo
2168 2198 2180 2210 ‚

106 2200 191 2241 Lib.
206 2201 272 2238 VI.
296 2211 346 2237 vs.
370 2210 429 2238 21.
1243 2206 1410 2257 Hortenst
1429 2220 1582 2246 moerens
1603 2211 1769 2259 irrumpit
1794 2213 1935 2249 Marcia
1956 2210 2059 2256 busto.

150 2302 278 2340 Cedere
300 2300 358 2338 vel
378 2299 471 2338 bellis
486 2328 495 2345 ‚
524 2300 581 2338 vel
605 2305 730 2340 cuncla
752 2305 986 2352 moventibus
1007 2308 1127 2350 annis=
1244 2319 1265 2345 2
1295 2308 1510 2346 Resedimus
1532 2309 1569 2345 in
1594 2322 1676 2347 area
1699 2313 1833 2350 domus.
1859 2310 1874 2359 ]
1908 2311 2084 2356 Optimus
2107 2310 2226 2359 residi-

1191 2371 1295 2402 mus,
1324 2362 1362 2396 &
1399 2358 1447 2395 fic
1478 2360 1536 2396 illc
1570 2369 1750 2408 perpetuo
1775 2391 1785 2406 ‚
1827 2372 1867 2398 ut
1895 2360 2036 2398 dietum
2071 2362 2116 2400 ad
2142 2363 2225 2400 Lib.

111 2403 191 2443 Lib.
214 2402 323 2439 VIII.
348 2394 400 2439 ὗς.
425 2402 508 2448 843.
1192 2407 1261 2445 ΙΙΙ.
1283 2409 1392 2457 Epist.
1417 2409 1445 2445 Ι.
1470 2421 1503 2445 n.
1530 2423 1560 2457 5.
1583 2411 1718 2449 Deinde
1744 2411 1908 2449 confidit.
1928 2412 1989 2449 ubi
2015 2412 2109 2450 vide.

1242 2471 1260 2509 3
1294 2465 1355 2495 An
1390 2459 1675 2505 imprudentiam
1707 2462 1863 2499 debeam.
1890 2461 1905 2511 ]
1958 2463 2046 2499 Hoc
2092 2464 2225 2512 placuit

149 2504 288 2555 Ignibus
311 2514 375 2540 aut
399 2505 517 2543 nimiis
533 2533 542 2551 ,
569 2516 634 2542 aut
657 2517 771 2545 terrae
794 2509 883 2544 tetta
906 2512 1088 2549 moventi.
1190 2510 1366 2549 Mediceo
1381 2539 1391 2554 ‚
1421 2509 1524 2546 Voss.
1551 2512 1678 2548 oxon.
1706 2513 1856 2550 Helmst.
1884 2512 2089 2552 EddVett.
2105 2515 2227 2563 AIdo,

1192 2562 1375 2611 Grypliio.
1416 2561 1577 2610 Impresli
1610 2563 1763 2611 quidam
1801 2566 1838 2601 ὃς
1864 2565 1974 2601 Arnz.
1998 2578 2046 2600 an
2072 2567 2230 2615 pruden—

104 2604 182 2644 Lib.
204 2604 270 2644 IX.
294 2616 344 2643 vs.
367 2606 450 2652 466.
1189 2614 1278 2650 tiam
1313 2614 1454 2649 debeam
1478 2639 1488 2654 ,
1537 2623 1582 2648 ez<
1615 2623 1742 2652 mente
1776 2616 1951 2653 monachi
1979 2616 2227 2662 somnolenti,
2264 2651 2271 2655 .

439 2688 442 2691 .
1191 2675 1268 2700 non
1297 2664 1411 2701 Plinii.
1448 2662 1595 2700 Deinde
1617 2663 1753 2704 Medic.
1775 2667 2115 2716 duodevicensimum
2141 2696 2150 2712 ,
2177 2668 2225 2708 de

153 2706 371 2746 Concuteret
394 2719 531 2754 terras,
559 2707 739 2759 orbemque
762 2707 807 2745 ab
828 2712 904 2759 [ede
936 2723 1123 2755 moveret.
1186 2725 1258 2763 qua
1283 2715 1454 2762 scriptura
1481 2713 1524 2751 ad
1550 2715 1630 2752 Lib.
1654 2715 1680 2753 I.

1239 2777 1262 2810 4
1298 2766 1454 2802 Librum.
1487 2764 1502 2814 ]
1554 2765 1735 2805 Historias.
1776 2769 1875 2806 Nam
1907 2770 1945 2806 ὃς
1972 2767 2149 2817 Epistolas
2178 2774 2218 2811 &

112 2803 171 2843 Ad
193 2807 347 2846 eiusdem
372 2809 452 2847 Lib.
480 2809 547 2846 Ill.
572 2822 621 2848 vs.
645 2818 730 2858 489.
1188 2814 1373 2854 sermones
1397 2816 1603 2865 composuit
1625 2819 1773 2863 Livius,
1802 2819 2152 2870 sermonesinquam
2168 2836 2213 2861 ex

1189 2866 1348 2912 profesto
1372 2868 1635 2916 philosophiam
1660 2871 1900 2907 continentes.
1945 2871 2099 2909 CATAN.
2141 2873 2217 2911 Ex-

163 2902 282 2944 Moliri
306 2922 393 2946 nunc
415 2911 487 2948 ima
503 2921 638 2962 parant
654 2940 664 2957 ‚
691 2923 734 2952 cs·
757 2921 897 2952 vertere
912 2916 1014 2961 ferro
1189 2915 1273 2954 cidit
1295 2930 1478 2957 numerus.
1502 2918 1650 2956 Totum
1674 2921 1772 2957 enim
1794 2932 1885 2969 opus
1906 2931 1985 2957 non
2005 2931 2149 2970 poterat
2169 2923 2217 2963 fic

162 2952 331 3002 Moenia,
1189 2968 1284 3014 porci
1298 2995 1309 3012 ‚
1322 2971 1380 3007 vel
1392 2971 1543 3008 πλέξαι-ι’.
1574 2970 1766 3007 Martialis:
1783 2971 1906 3008 Livius
1918 2971 2046 3020 ingens.
2062 2974 2215 3014 ssARTH.

161 3054 167 3059 ‚
1190 3018 1259 3055 Sed
1282 3022 1320 3057 &
1343 3029 1483 3060 certum
1507 3021 1636 3059 librum
1659 3030 1803 3067 poterat
1826 3023 1880 3059 liis
1903 3023 2212 3063 verbis-indicare:

108 3052 168 3109 ubi
190 3051 314 3093 decern
336 3060 466 3099 circiter
488 3064 594 3102 MSS.
615 3076 768 3104 evertere
789 3065 1024 3115 praeferunt,
1053 3068 1120 3106 do·
1189 3069 1288 3118 Posco
1312 3072 1441 3110 librum
1466 3072 1537 3109 Titi
1561 3072 1669 3109 Livn'.
1700 3072 1858 3110 Codices
1869 3073 1948 3110 sane
1961 3074 2048 3111 nihil
2060 3085 2214 3111 inurant.

110 3113 249 3150 Culmus
279 3118 410 3147 vertere
438 3110 630 3162 significare
669 3127 834 3171 evertere.
883 3117 974 3171 Alio
1016 3119 1117 3159 sensu
1240 3133 1258 3169 5
1288 3128 1364 3162 lam
1388 3121 1557 3174 quassatis
1577 3123 1898 3177 circumiacentibus
1921 3123 2058 3176 tetus]
2089 3126 2217 3176 Oxou·

1821 3180 1823 3185 ’
2149 3185 2228 3210 cir»
