<?xml version="1.0" encoding="UTF-8"?>
<!DOCTYPE html PUBLIC "-//W3C//DTD XHTML 1.0 Transitional//EN"
    "http://www.w3.org/TR/xhtml1/DTD/xhtml1-transitional.dtd">
<html xmlns="http://www.w3.org/1999/xhtml" xml:lang="en" lang="en">
 <head>
  <title>
</title>
<meta http-equiv="Content-Type" content="text/html;charset=utf-8" />
  <meta name='ocr-system' content='tesseract 3.04.00' />
  <meta name='ocr-capabilities' content='ocr_page ocr_carea ocr_par ocr_line ocrx_word'/>
</head>
<body>
  <div class='ocr_page' id='page_1' title='image "./caiipliniicaecil00plin_0382.png"; bbox 0 0 2616 3686; ppageno 0'>
   <div class='ocr_carea' id='block_1_1' title="bbox 265 137 2203 258">
    <p class='ocr_par' dir='ltr' id='par_1_1' title="bbox 265 137 2203 258">
     <span class='ocr_line' id='line_1_1' title="bbox 265 137 2203 258; baseline -0.01 -18"><span class='ocrx_word' id='word_1_1' title='bbox 265 187 357 258; x_wconf 59' lang='grc' dir='ltr'>με</span> <span class='ocrx_word' id='word_1_2' title='bbox 520 189 583 238; x_wconf 85' lang='lat' dir='ltr'>e.</span> <span class='ocrx_word' id='word_1_3' title='bbox 648 177 1038 235; x_wconf 75' lang='lat' dir='ltr'>pL1N11</span> <span class='ocrx_word' id='word_1_4' title='bbox 1106 137 1621 224; x_wconf 58' lang='lat' dir='ltr'>cAEcttssm</span> <span class='ocrx_word' id='word_1_5' title='bbox 1689 164 2203 221; x_wconf 77' lang='lat' dir='ltr'>sEanot</span> 
     </span>
    </p>
   </div>
   <div class='ocr_carea' id='block_1_2' title="bbox 184 241 2442 331">
    <p class='ocr_par' dir='ltr' id='par_1_2' title="bbox 184 241 2442 331">
     <span class='ocr_line' id='line_1_2' title="bbox 184 241 2442 331; baseline -0.021 -2"><span class='ocrx_word' id='word_1_6' title='bbox 184 282 218 329; x_wconf 87' lang='lat'>6</span> <span class='ocrx_word' id='word_1_7' title='bbox 266 265 436 325; x_wconf 87' lang='lat' dir='ltr'>modo</span> <span class='ocrx_word' id='word_1_8' title='bbox 473 261 743 326; x_wconf 85' lang='lat' dir='ltr'>includit,</span> <span class='ocrx_word' id='word_1_9' title='bbox 779 267 943 331; x_wconf 85' lang='lat' dir='ltr'>prout</span> <span class='ocrx_word' id='word_1_10' title='bbox 967 260 981 282; x_wconf 87' lang='lat'>¹</span> <span class='ocrx_word' id='word_1_11' title='bbox 1010 254 1181 308; x_wconf 86' lang='lat' dir='ltr'>illatus</span> <span class='ocrx_word' id='word_1_12' title='bbox 1204 246 1443 305; x_wconf 89' lang='lat' dir='ltr'>occurrit</span> <span class='ocrx_word' id='word_1_13' title='bbox 1470 284 1486 310; x_wconf 92' lang='lat'>,</span> <span class='ocrx_word' id='word_1_14' title='bbox 1525 253 1616 298; x_wconf 89' lang='lat' dir='ltr'>aut</span> <span class='ocrx_word' id='word_1_15' title='bbox 1649 241 1873 297; x_wconf 82' lang='lat' dir='ltr'>decessit</span> <span class='ocrx_word' id='word_1_16' title='bbox 1920 247 2197 317; x_wconf 83' lang='lat' dir='ltr'>expulsus?</span> <span class='ocrx_word' id='word_1_17' title='bbox 2240 246 2442 322; x_wconf 70' lang='lat' dir='ltr'>Quod.</span> 
     </span>
    </p>
   </div>
   <div class='ocr_carea' id='block_1_3' title="bbox 192 315 2423 849">
    <p class='ocr_par' dir='ltr' id='par_1_3' title="bbox 192 315 2423 849">
     <span class='ocr_line' id='line_1_3' title="bbox 272 315 2411 409; baseline -0.01 -12"><span class='ocrx_word' id='word_1_18' title='bbox 272 344 328 398; x_wconf 88' lang='lat' dir='ltr'>in</span> <span class='ocrx_word' id='word_1_19' title='bbox 367 338 607 409; x_wconf 86' lang='lat' dir='ltr'><strong>ampullis</strong></span> <span class='ocrx_word' id='word_1_20' title='bbox 644 333 951 402; x_wconf 87' lang='lat' dir='ltr'>ceterisque</span> <span class='ocrx_word' id='word_1_21' title='bbox 979 326 1190 402; x_wconf 87' lang='lat' dir='ltr'>generis</span> <span class='ocrx_word' id='word_1_22' title='bbox 1214 321 1468 402; x_wconf 39' lang='lat' dir='ltr'>eiusdem·</span> <span class='ocrx_word' id='word_1_23' title='bbox 1487 315 1731 371; x_wconf 88' lang='lat' dir='ltr'>videmus</span> <span class='ocrx_word' id='word_1_24' title='bbox 1760 315 2040 384; x_wconf 87' lang='lat' dir='ltr'>accidere,</span> <span class='ocrx_word' id='word_1_25' title='bbox 2079 323 2274 394; x_wconf 84' lang='lat' dir='ltr'>quibus</span> <span class='ocrx_word' id='word_1_26' title='bbox 2297 341 2411 382; x_wconf 86' lang='lat' dir='ltr'>non</span> 
     </span>
     <span class='ocr_line' id='line_1_4' title="bbox 273 392 2412 478; baseline -0.011 -9"><span class='ocrx_word' id='word_1_27' title='bbox 273 415 447 475; x_wconf 75' lang='lat' dir='ltr'>hianS,</span> <span class='ocrx_word' id='word_1_28' title='bbox 488 428 592 466; x_wconf 89' lang='lat' dir='ltr'>nec</span> <span class='ocrx_word' id='word_1_29' title='bbox 619 409 793 464; x_wconf 87' lang='lat' dir='ltr'>statim</span> <span class='ocrx_word' id='word_1_30' title='bbox 815 417 1002 478; x_wconf 86' lang='lat' dir='ltr'>patens</span> <span class='ocrx_word' id='word_1_31' title='bbox 1026 403 1219 458; x_wconf 86' lang='lat' dir='ltr'>exitus.</span> <span class='ocrx_word' id='word_1_32' title='bbox 1294 396 1433 451; x_wconf 90' lang='lat' dir='ltr'>Nam</span> <span class='ocrx_word' id='word_1_33' title='bbox 1459 392 1543 446; x_wconf 82' lang='lat' dir='ltr'>illa</span> <span class='ocrx_word' id='word_1_34' title='bbox 1567 405 1788 472; x_wconf 74' lang='lat' dir='ltr'>quoque</span> <span class='ocrx_word' id='word_1_35' title='bbox 1819 426 1834 451; x_wconf 92' lang='lat'><strong>,</strong></span> <span class='ocrx_word' id='word_1_36' title='bbox 1869 403 2175 464; x_wconf 84' lang='lat' dir='ltr'>quanquam</span> <span class='ocrx_word' id='word_1_37' title='bbox 2203 396 2220 415; x_wconf 83' lang='lat'>²</span> <span class='ocrx_word' id='word_1_38' title='bbox 2241 414 2412 470; x_wconf 79' lang='lat' dir='ltr'>prona</span> 
     </span>
     <span class='ocr_line' id='line_1_5' title="bbox 275 467 2411 559; baseline -0.01 -16"><span class='ocrx_word' id='word_1_39' title='bbox 275 503 439 559; x_wconf 87' lang='lat' dir='ltr'>atque</span> <span class='ocrx_word' id='word_1_40' title='bbox 465 483 743 558; x_wconf 82' lang='lat' dir='ltr'>vergentia</span> <span class='ocrx_word' id='word_1_41' title='bbox 768 520 783 546; x_wconf 89' lang='lat'><em>‚</em></span> <span class='ocrx_word' id='word_1_42' title='bbox 817 496 913 551; x_wconf 87' lang='lat' dir='ltr'>per</span> <span class='ocrx_word' id='word_1_43' title='bbox 939 475 1193 548; x_wconf 85' lang='lat' dir='ltr'>quasdam</span> <span class='ocrx_word' id='word_1_44' title='bbox 1217 467 1575 524; x_wconf 68' lang='lat' dir='ltr'>³&#39;0blu6iantis</span> <span class='ocrx_word' id='word_1_45' title='bbox 1601 479 1808 518; x_wconf 84' lang='lat' dir='ltr'>ammae</span> <span class='ocrx_word' id='word_1_46' title='bbox 1846 478 2022 518; x_wconf 87' lang='lat' dir='ltr'>moras</span> <span class='ocrx_word' id='word_1_47' title='bbox 2046 467 2245 525; x_wconf 86' lang='lat' dir='ltr'>crebris</span> <span class='ocrx_word' id='word_1_48' title='bbox 2267 471 2411 543; x_wconf 80' lang='lat' dir='ltr'>quast</span> 
     </span>
     <span class='ocr_line' id='line_1_6' title="bbox 192 536 2414 634; baseline -0.008 -16"><span class='ocrx_word' id='word_1_49' title='bbox 192 578 228 629; x_wconf 94' lang='lat'>7</span> <span class='ocrx_word' id='word_1_50' title='bbox 277 558 587 634; x_wconf 75' lang='lat' dir='ltr'>singultibus</span> <span class='ocrx_word' id='word_1_51' title='bbox 615 554 822 615; x_wconf 78' lang='lat' dir='ltr'>sistunt,</span> <span class='ocrx_word' id='word_1_52' title='bbox 861 550 1012 622; x_wconf 88' lang='lat' dir='ltr'>quod</span> <span class='ocrx_word' id='word_1_53' title='bbox 1036 544 1342 602; x_wconf 86' lang='lat' dir='ltr'>effundunt.</span> <span class='ocrx_word' id='word_1_54' title='bbox 1419 543 1537 604; x_wconf 91' lang='lat' dir='ltr'>An,</span> <span class='ocrx_word' id='word_1_55' title='bbox 1573 554 1710 609; x_wconf 89' lang='lat' dir='ltr'>quae</span> <span class='ocrx_word' id='word_1_56' title='bbox 1731 543 1750 568; x_wconf 75' lang='lat'>⁴</span> <span class='ocrx_word' id='word_1_57' title='bbox 1773 536 1999 590; x_wconf 83' lang='lat' dir='ltr'>Oceano</span> <span class='ocrx_word' id='word_1_58' title='bbox 2032 551 2217 595; x_wconf 83' lang='lat' dir='ltr'>natura</span> <span class='ocrx_word' id='word_1_59' title='bbox 2241 579 2259 607; x_wconf 90' lang='lat'><strong>,</strong></span> <span class='ocrx_word' id='word_1_60' title='bbox 2294 545 2414 601; x_wconf 89' lang='lat' dir='ltr'>fon·</span> 
     </span>
     <span class='ocr_line' id='line_1_7' title="bbox 276 608 2417 706; baseline -0.011 -17"><span class='ocrx_word' id='word_1_61' title='bbox 276 635 315 689; x_wconf 88' lang='lat' dir='ltr'>ti</span> <span class='ocrx_word' id='word_1_62' title='bbox 342 632 597 706; x_wconf 88' lang='lat' dir='ltr'>quoque?</span> <span class='ocrx_word' id='word_1_63' title='bbox 636 642 850 701; x_wconf 89' lang='lat' dir='ltr'>quaque</span> <span class='ocrx_word' id='word_1_64' title='bbox 877 624 962 677; x_wconf 87' lang='lat' dir='ltr'>ille</span> <span class='ocrx_word' id='word_1_65' title='bbox 991 621 1200 677; x_wconf 90' lang='lat' dir='ltr'>ratione</span> <span class='ocrx_word' id='word_1_66' title='bbox 1231 630 1319 670; x_wconf 89' lang='lat' dir='ltr'>aut</span> <span class='ocrx_word' id='word_1_67' title='bbox 1345 613 1639 682; x_wconf 81' lang='lat' dir='ltr'><strong>impellitur</strong></span> <span class='ocrx_word' id='word_1_68' title='bbox 1676 623 1764 665; x_wconf 91' lang='lat' dir='ltr'>aut</span> <span class='ocrx_word' id='word_1_69' title='bbox 1791 608 2097 667; x_wconf 83' lang='lat' dir='ltr'>resorbetur</span> <span class='ocrx_word' id='word_1_70' title='bbox 2123 651 2138 676; x_wconf 91' lang='lat'>,</span> <span class='ocrx_word' id='word_1_71' title='bbox 2174 613 2272 668; x_wconf 81' lang='lat' dir='ltr'>hac</span> <span class='ocrx_word' id='word_1_72' title='bbox 2299 632 2417 672; x_wconf 85' lang='lat' dir='ltr'>mo.</span> 
     </span>
     <span class='ocr_line' id='line_1_8' title="bbox 198 683 2420 762; baseline -0.013 -2"><span class='ocrx_word' id='word_1_73' title='bbox 198 709 227 760; x_wconf 87' lang='lat'><em>8</em></span> <span class='ocrx_word' id='word_1_74' title='bbox 279 708 431 762; x_wconf 90' lang='lat' dir='ltr'>dicus</span> <span class='ocrx_word' id='word_1_75' title='bbox 458 706 543 760; x_wconf 82' lang='lat' dir='ltr'>hic</span> <span class='ocrx_word' id='word_1_76' title='bbox 571 703 766 757; x_wconf 85' lang='lat' dir='ltr'>humor</span> <span class='ocrx_word' id='word_1_77' title='bbox 794 695 996 750; x_wconf 85' lang='lat' dir='ltr'>vicibus</span> <span class='ocrx_word' id='word_1_78' title='bbox 1021 690 1236 747; x_wconf 88' lang='lat' dir='ltr'>alternis</span> <span class='ocrx_word' id='word_1_79' title='bbox 1259 687 1605 758; x_wconf 84' lang='lat' dir='ltr'>supprimitur</span> <span class='ocrx_word' id='word_1_80' title='bbox 1637 685 1650 712; x_wconf 72' lang='lat'>³</span> <span class='ocrx_word' id='word_1_81' title='bbox 1678 684 1765 738; x_wconf 91' lang='lat' dir='ltr'>vel</span> <span class='ocrx_word' id='word_1_82' title='bbox 1787 683 2043 752; x_wconf 82' lang='lat' dir='ltr'>erigitur?</span> <span class='ocrx_word' id='word_1_83' title='bbox 2085 688 2174 743; x_wconf 86' lang='lat' dir='ltr'>An</span> <span class='ocrx_word' id='word_1_84' title='bbox 2192 725 2207 751; x_wconf 88' lang='lat'>‚</span> <span class='ocrx_word' id='word_1_85' title='bbox 2243 701 2302 741; x_wconf 88' lang='lat' dir='ltr'>ut</span> <span class='ocrx_word' id='word_1_86' title='bbox 2316 687 2420 744; x_wconf 80' lang='lat' dir='ltr'>flu-</span> 
     </span>
     <span class='ocr_line' id='line_1_9' title="bbox 280 755 2423 849; baseline -0.01 -12"><span class='ocrx_word' id='word_1_87' title='bbox 280 781 422 837; x_wconf 88' lang='lat' dir='ltr'>mina</span> <span class='ocrx_word' id='word_1_88' title='bbox 442 816 459 842; x_wconf 93' lang='lat'>,</span> <span class='ocrx_word' id='word_1_89' title='bbox 494 791 633 849; x_wconf 89' lang='lat' dir='ltr'>quae</span> <span class='ocrx_word' id='word_1_90' title='bbox 662 775 717 830; x_wconf 90' lang='lat' dir='ltr'>in</span> <span class='ocrx_word' id='word_1_91' title='bbox 743 785 888 826; x_wconf 89' lang='lat' dir='ltr'>mare</span> <span class='ocrx_word' id='word_1_92' title='bbox 916 766 1270 826; x_wconf 84' lang='lat' dir='ltr'>deferuntur,</span> <span class='ocrx_word' id='word_1_93' title='bbox 1309 755 1709 815; x_wconf 84' lang='lat' dir='ltr'>adversantibus</span> <span class='ocrx_word' id='word_1_94' title='bbox 1737 759 1938 820; x_wconf 87' lang='lat' dir='ltr'>ventis,</span> <span class='ocrx_word' id='word_1_95' title='bbox 1978 757 2253 832; x_wconf 88' lang='lat' dir='ltr'>obvioque</span> <span class='ocrx_word' id='word_1_96' title='bbox 2281 761 2423 819; x_wconf 80' lang='lat' dir='ltr'>aestu</span> 
     </span>
    </p>
   </div>
   <div class='ocr_carea' id='block_1_4' title="bbox 2211 851 2425 890">
    <p class='ocr_par' dir='ltr' id='par_1_4' title="bbox 2211 851 2425 890">
     <span class='ocr_line' id='line_1_10' title="bbox 2211 851 2425 890; baseline 0.019 -4"><span class='ocrx_word' id='word_1_97' title='bbox 2211 884 2216 886; x_wconf 68' lang='grc'><em>,</em></span> <span class='ocrx_word' id='word_1_98' title='bbox 2247 851 2425 890; x_wconf 70' lang='lat' dir='ltr'>setor-</span> 
     </span>
    </p>
   </div>
   <div class='ocr_carea' id='block_1_5' title="bbox 208 967 2434 1192">
    <p class='ocr_par' dir='ltr' id='par_1_5' title="bbox 334 967 2429 1038">
     <span class='ocr_line' id='line_1_11' title="bbox 334 967 2429 1038; baseline -0.008 -10"><span class='ocrx_word' id='word_1_99' title='bbox 334 1004 350 1032; x_wconf 80' lang='grc' dir='ltr'>ι</span> <span class='ocrx_word' id='word_1_100' title='bbox 385 987 555 1038; x_wconf 57' lang='lat' dir='ltr'>matus]</span> <span class='ocrx_word' id='word_1_101' title='bbox 585 987 654 1026; x_wconf 85' lang='lat' dir='ltr'>Ori</span> <span class='ocrx_word' id='word_1_102' title='bbox 679 984 856 1037; x_wconf 68' lang='lat' dir='ltr'>objectus.</span> <span class='ocrx_word' id='word_1_103' title='bbox 885 984 1041 1022; x_wconf 65' lang='lat' dir='ltr'>Cum.</span> <span class='ocrx_word' id='word_1_104' title='bbox 1071 974 1240 1026; x_wconf 81' lang='lat' dir='ltr'>lltatus.]</span> <span class='ocrx_word' id='word_1_105' title='bbox 1271 972 1326 1012; x_wconf 83' lang='lat' dir='ltr'>Ita</span> <span class='ocrx_word' id='word_1_106' title='bbox 1391 981 1488 1022; x_wconf 87' lang='lat' dir='ltr'>quae</span> <span class='ocrx_word' id='word_1_107' title='bbox 1508 967 1677 1009; x_wconf 82' lang='lat' dir='ltr'>secunda.</span> <span class='ocrx_word' id='word_1_108' title='bbox 1726 969 1919 1012; x_wconf 85' lang='lat' dir='ltr'>Excitatur</span> <span class='ocrx_word' id='word_1_109' title='bbox 1938 979 2066 1011; x_wconf 86' lang='lat' dir='ltr'>autem</span> <span class='ocrx_word' id='word_1_110' title='bbox 2086 972 2140 1010; x_wconf 86' lang='lat' dir='ltr'>bis</span> <span class='ocrx_word' id='word_1_111' title='bbox 2164 975 2202 1012; x_wconf 89' lang='lat' dir='ltr'>in</span> <span class='ocrx_word' id='word_1_112' title='bbox 2222 973 2307 1020; x_wconf 89' lang='lat' dir='ltr'>die,</span> <span class='ocrx_word' id='word_1_113' title='bbox 2334 975 2429 1015; x_wconf 83' lang='lat' dir='ltr'>sem·</span> 
     </span>
    </p>

    <p class='ocr_par' dir='ltr' id='par_1_6' title="bbox 208 1021 2434 1192">
     <span class='ocr_line' id='line_1_12' title="bbox 208 1021 2432 1085; baseline -0.009 -2"><span class='ocrx_word' id='word_1_114' title='bbox 208 1079 213 1083; x_wconf 82' lang='grc'><em>.</em></span> <span class='ocrx_word' id='word_1_115' title='bbox 280 1045 391 1085; x_wconf 70' lang='lat' dir='ltr'>Palat.</span> <span class='ocrx_word' id='word_1_116' title='bbox 428 1043 467 1080; x_wconf 72' lang='grc' dir='ltr'>ὃ(</span> <span class='ocrx_word' id='word_1_117' title='bbox 499 1038 594 1078; x_wconf 84' lang='lat' dir='ltr'>Edd.</span> <span class='ocrx_word' id='word_1_118' title='bbox 625 1038 730 1076; x_wconf 87' lang='lat' dir='ltr'>Vett.</span> <span class='ocrx_word' id='word_1_119' title='bbox 761 1034 822 1075; x_wconf 85' lang='lat' dir='ltr'>sed</span> <span class='ocrx_word' id='word_1_120' title='bbox 855 1037 996 1074; x_wconf 87' lang='lat' dir='ltr'>ratione</span> <span class='ocrx_word' id='word_1_121' title='bbox 1024 1029 1200 1070; x_wconf 89' lang='lat' dir='ltr'>scribendi</span> <span class='ocrx_word' id='word_1_122' title='bbox 1226 1026 1316 1064; x_wconf 89' lang='lat' dir='ltr'>anti·</span> <span class='ocrx_word' id='word_1_123' title='bbox 1395 1034 1468 1080; x_wconf 33' lang='lat' dir='ltr'>per.</span> <span class='ocrx_word' id='word_1_124' title='bbox 1491 1021 1670 1059; x_wconf 80' lang='lat' dir='ltr'>horarum</span> <span class='ocrx_word' id='word_1_125' title='bbox 1700 1021 1786 1061; x_wconf 79' lang='grc' dir='ltr'>ΧΠ.</span> <span class='ocrx_word' id='word_1_126' title='bbox 1818 1024 1944 1073; x_wconf 89' lang='lat' dir='ltr'>spatio.</span> <span class='ocrx_word' id='word_1_127' title='bbox 1998 1024 2107 1060; x_wconf 88' lang='lat' dir='ltr'>Luna</span> <span class='ocrx_word' id='word_1_128' title='bbox 2137 1035 2227 1062; x_wconf 86' lang='lat' dir='ltr'>vero</span> <span class='ocrx_word' id='word_1_129' title='bbox 2251 1027 2432 1069; x_wconf 82' lang='lat' dir='ltr'>crescente</span> 
     </span>
     <span class='ocr_line' id='line_1_13' title="bbox 281 1071 2434 1146; baseline -0.009 -12"><span class='ocrx_word' id='word_1_130' title='bbox 281 1106 356 1146; x_wconf 73' lang='lat' dir='ltr'>qua</span> <span class='ocrx_word' id='word_1_131' title='bbox 371 1123 382 1139; x_wconf 84' lang='lat'><strong><em>‚</em></strong></span> <span class='ocrx_word' id='word_1_132' title='bbox 404 1103 541 1141; x_wconf 85' lang='lat' dir='ltr'>nempe</span> <span class='ocrx_word' id='word_1_133' title='bbox 564 1089 714 1128; x_wconf 80' lang='lat' dir='ltr'>inlatus.</span> <span class='ocrx_word' id='word_1_134' title='bbox 736 1098 782 1126; x_wconf 77' lang='lat' dir='ltr'>ex</span> <span class='ocrx_word' id='word_1_135' title='bbox 806 1099 885 1137; x_wconf 86' lang='lat' dir='ltr'>quo</span> <span class='ocrx_word' id='word_1_136' title='bbox 898 1082 1088 1125; x_wconf 85' lang='lat' dir='ltr'>Neoterici</span> <span class='ocrx_word' id='word_1_137' title='bbox 1103 1080 1206 1118; x_wconf 88' lang='lat' dir='ltr'>nobis</span> <span class='ocrx_word' id='word_1_138' title='bbox 1220 1078 1318 1116; x_wconf 87' lang='lat' dir='ltr'>fece·</span> <span class='ocrx_word' id='word_1_139' title='bbox 1398 1084 1557 1119; x_wconf 69' lang='lat' dir='ltr'>maiores</span> <span class='ocrx_word' id='word_1_140' title='bbox 1579 1071 1693 1119; x_wconf 86' lang='lat' dir='ltr'>fiunt,</span> <span class='ocrx_word' id='word_1_141' title='bbox 1722 1082 1765 1112; x_wconf 86' lang='lat' dir='ltr'>ut</span> <span class='ocrx_word' id='word_1_142' title='bbox 1786 1075 1898 1114; x_wconf 86' lang='lat' dir='ltr'>refert</span> <span class='ocrx_word' id='word_1_143' title='bbox 1916 1074 2047 1112; x_wconf 86' lang='lat' dir='ltr'>Caesar</span> <span class='ocrx_word' id='word_1_144' title='bbox 2069 1075 2107 1112; x_wconf 90' lang='lat' dir='ltr'>in</span> <span class='ocrx_word' id='word_1_145' title='bbox 2133 1074 2434 1118; x_wconf 84' lang='lat' dir='ltr'>Commentariis.</span> 
     </span>
     <span class='ocr_line' id='line_1_14' title="bbox 281 1131 1318 1192; baseline -0.022 -5"><span class='ocrx_word' id='word_1_146' title='bbox 281 1159 342 1192; x_wconf 78' lang='lat' dir='ltr'>re,</span> <span class='ocrx_word' id='word_1_147' title='bbox 370 1147 409 1184; x_wconf 81' lang='lat' dir='ltr'>in</span> <span class='ocrx_word' id='word_1_148' title='bbox 431 1143 540 1180; x_wconf 76' lang='lat' dir='ltr'>latus.</span> <span class='ocrx_word' id='word_1_149' title='bbox 585 1141 696 1178; x_wconf 83' lang='lat' dir='ltr'>Male.</span> <span class='ocrx_word' id='word_1_150' title='bbox 736 1139 906 1177; x_wconf 89' lang='lat' dir='ltr'>Alterum</span> <span class='ocrx_word' id='word_1_151' title='bbox 932 1135 1096 1173; x_wconf 82' lang='lat' dir='ltr'>nostrum</span> <span class='ocrx_word' id='word_1_152' title='bbox 1119 1131 1318 1181; x_wconf 79' lang='lat' dir='ltr'>explicatur</span> 
     </span>
    </p>
   </div>
   <div class='ocr_carea' id='block_1_6' title="bbox 280 1176 2440 1241">
    <p class='ocr_par' dir='ltr' id='par_1_7' title="bbox 280 1176 2440 1241">
     <span class='ocr_line' id='line_1_15' title="bbox 280 1176 2440 1241; baseline -0.004 -15"><span class='ocrx_word' id='word_1_153' title='bbox 280 1201 320 1241; x_wconf 64' lang='grc' dir='ltr'>ὅ(</span> <span class='ocrx_word' id='word_1_154' title='bbox 355 1209 375 1234; x_wconf 63' lang='lat' dir='ltr'>a</span> <span class='ocrx_word' id='word_1_155' title='bbox 407 1196 610 1234; x_wconf 64' lang='lat' dir='ltr'>catanam,</span> <span class='ocrx_word' id='word_1_156' title='bbox 649 1193 837 1230; x_wconf 66' lang='lat' dir='ltr'>GRuTsR.</span> <span class='ocrx_word' id='word_1_157' title='bbox 877 1187 1000 1229; x_wconf 85' lang='lat' dir='ltr'>Nostri</span> <span class='ocrx_word' id='word_1_158' title='bbox 1022 1187 1132 1224; x_wconf 86' lang='lat' dir='ltr'>etiam</span> <span class='ocrx_word' id='word_1_159' title='bbox 1154 1182 1318 1225; x_wconf 76' lang='lat' dir='ltr'>inlatus,</span> <span class='ocrx_word' id='word_1_160' title='bbox 1399 1176 1497 1227; x_wconf 89' lang='lat' dir='ltr'>apud</span> <span class='ocrx_word' id='word_1_161' title='bbox 1528 1187 1643 1226; x_wconf 88' lang='lat' dir='ltr'>quern</span> <span class='ocrx_word' id='word_1_162' title='bbox 1674 1177 1767 1215; x_wconf 83' lang='lat' dir='ltr'>libro</span> <span class='ocrx_word' id='word_1_163' title='bbox 1792 1176 1954 1217; x_wconf 87' lang='lat' dir='ltr'>secundo</span> <span class='ocrx_word' id='word_1_164' title='bbox 1979 1205 1990 1224; x_wconf 88' lang='lat'><em>,</em></span> <span class='ocrx_word' id='word_1_165' title='bbox 2041 1178 2079 1215; x_wconf 70' lang='grc' dir='ltr'>ὅ(</span> <span class='ocrx_word' id='word_1_166' title='bbox 2101 1185 2270 1216; x_wconf 82' lang='lat' dir='ltr'>naturam</span> <span class='ocrx_word' id='word_1_167' title='bbox 2295 1179 2440 1221; x_wconf 86' lang='lat' dir='ltr'>Oceani</span> 
     </span>
    </p>
   </div>
   <div class='ocr_carea' id='block_1_7' title="bbox 1396 1118 2450 1176">
    <p class='ocr_par' dir='ltr' id='par_1_8' title="bbox 1396 1118 2450 1176">
     <span class='ocr_line' id='line_1_16' title="bbox 1396 1118 2450 1176; baseline 0.005 -13"><span class='ocrx_word' id='word_1_168' title='bbox 1396 1118 1532 1164; x_wconf 80' lang='lat' dir='ltr'>Plinius</span> <span class='ocrx_word' id='word_1_169' title='bbox 1560 1123 1679 1162; x_wconf 90' lang='lat' dir='ltr'>senior</span> <span class='ocrx_word' id='word_1_170' title='bbox 1707 1127 1817 1165; x_wconf 84' lang='lat' dir='ltr'>etiam</span> <span class='ocrx_word' id='word_1_171' title='bbox 1849 1128 1887 1165; x_wconf 91' lang='lat' dir='ltr'>in</span> <span class='ocrx_word' id='word_1_172' title='bbox 1907 1127 1982 1166; x_wconf 88' lang='lat' dir='ltr'>sole</span> <span class='ocrx_word' id='word_1_173' title='bbox 2005 1126 2151 1165; x_wconf 85' lang='lat' dir='ltr'>causam</span> <span class='ocrx_word' id='word_1_174' title='bbox 2173 1125 2285 1166; x_wconf 82' lang='lat' dir='ltr'>aestus</span> <span class='ocrx_word' id='word_1_175' title='bbox 2305 1131 2415 1176; x_wconf 82' lang='lat' dir='ltr'>ponit</span> <span class='ocrx_word' id='word_1_176' title='bbox 2437 1158 2450 1176; x_wconf 84' lang='lat'>,</span> 
     </span>
    </p>
   </div>
   <div class='ocr_carea' id='block_1_8' title="bbox 281 1231 1318 1293">
    <p class='ocr_par' dir='ltr' id='par_1_9' title="bbox 281 1231 1318 1293">
     <span class='ocr_line' id='line_1_17' title="bbox 281 1231 1318 1293; baseline -0.017 -7"><span class='ocrx_word' id='word_1_177' title='bbox 281 1257 344 1288; x_wconf 82' lang='lat' dir='ltr'>aut</span> <span class='ocrx_word' id='word_1_178' title='bbox 354 1246 487 1287; x_wconf 78' lang='lat' dir='ltr'>illatus.</span> <span class='ocrx_word' id='word_1_179' title='bbox 517 1245 694 1293; x_wconf 79' lang='lat' dir='ltr'>Optimus</span> <span class='ocrx_word' id='word_1_180' title='bbox 706 1244 817 1281; x_wconf 82' lang='lat' dir='ltr'>etiam</span> <span class='ocrx_word' id='word_1_181' title='bbox 831 1271 842 1287; x_wconf 94' lang='lat'><strong>‚</strong></span> <span class='ocrx_word' id='word_1_182' title='bbox 871 1251 956 1278; x_wconf 89' lang='lat' dir='ltr'>cum</span> <span class='ocrx_word' id='word_1_183' title='bbox 971 1236 1138 1285; x_wconf 77' lang='lat' dir='ltr'>Bongars</span> <span class='ocrx_word' id='word_1_184' title='bbox 1162 1231 1318 1272; x_wconf 83' lang='lat' dir='ltr'>Helmst.</span> 
     </span>
    </p>
   </div>
   <div class='ocr_carea' id='block_1_9' title="bbox 206 1282 1320 1340">
    <p class='ocr_par' dir='ltr' id='par_1_10' title="bbox 206 1282 1320 1340">
     <span class='ocr_line' id='line_1_18' title="bbox 206 1282 1320 1340; baseline -0.016 0"><span class='ocrx_word' id='word_1_185' title='bbox 206 1300 213 1306; x_wconf 64' lang='lat'><strong><em>⁴</em></strong></span> <span class='ocrx_word' id='word_1_186' title='bbox 281 1303 322 1340; x_wconf 69' lang='grc' dir='ltr'>δε</span> <span class='ocrx_word' id='word_1_187' title='bbox 347 1298 412 1338; x_wconf 83' lang='lat' dir='ltr'>Ed.</span> <span class='ocrx_word' id='word_1_188' title='bbox 434 1298 522 1334; x_wconf 78' lang='lat' dir='ltr'>Ver.</span> <span class='ocrx_word' id='word_1_189' title='bbox 549 1295 672 1332; x_wconf 84' lang='lat' dir='ltr'>il-&#39;atus</span> <span class='ocrx_word' id='word_1_190' title='bbox 697 1292 842 1332; x_wconf 81' lang='lat' dir='ltr'>occurrit</span> <span class='ocrx_word' id='word_1_191' title='bbox 866 1322 876 1339; x_wconf 82' lang='lat'><strong>‚</strong></span> <span class='ocrx_word' id='word_1_192' title='bbox 905 1302 982 1329; x_wconf 87' lang='lat' dir='ltr'>non</span> <span class='ocrx_word' id='word_1_193' title='bbox 1012 1287 1162 1327; x_wconf 81' lang='lat' dir='ltr'>incurrit</span> <span class='ocrx_word' id='word_1_194' title='bbox 1180 1314 1190 1329; x_wconf 90' lang='lat'><strong>,</strong></span> <span class='ocrx_word' id='word_1_195' title='bbox 1215 1282 1320 1335; x_wconf 86' lang='lat' dir='ltr'>quod</span> 
     </span>
    </p>
   </div>
   <div class='ocr_carea' id='block_1_10' title="bbox 276 1337 1330 1659">
    <p class='ocr_par' dir='ltr' id='par_1_11' title="bbox 276 1337 1330 1659">
     <span class='ocr_line' id='line_1_19' title="bbox 280 1337 1320 1396; baseline -0.019 -4"><span class='ocrx_word' id='word_1_196' title='bbox 280 1351 409 1396; x_wconf 64' lang='lat' dir='ltr'>Attio,</span> <span class='ocrx_word' id='word_1_197' title='bbox 438 1348 610 1396; x_wconf 73' lang='lat' dir='ltr'>Gryphio</span> <span class='ocrx_word' id='word_1_198' title='bbox 648 1348 686 1385; x_wconf 85' lang='lat'>&amp;</span> <span class='ocrx_word' id='word_1_199' title='bbox 719 1343 980 1384; x_wconf 83' lang='lat' dir='ltr'>recentioribus</span> <span class='ocrx_word' id='word_1_200' title='bbox 1004 1338 1221 1391; x_wconf 82' lang='lat' dir='ltr'>quibusdam</span> <span class='ocrx_word' id='word_1_201' title='bbox 1244 1337 1320 1386; x_wconf 80' lang='lat' dir='ltr'>pla-</span> 
     </span>
     <span class='ocr_line' id='line_1_20' title="bbox 282 1390 1320 1450; baseline -0.016 -9"><span class='ocrx_word' id='word_1_202' title='bbox 282 1405 367 1442; x_wconf 84' lang='lat' dir='ltr'>cuit.</span> <span class='ocrx_word' id='word_1_203' title='bbox 422 1401 570 1450; x_wconf 76' lang='lat' dir='ltr'>Spiritus</span> <span class='ocrx_word' id='word_1_204' title='bbox 604 1398 719 1436; x_wconf 80' lang='lat' dir='ltr'>iilatus</span> <span class='ocrx_word' id='word_1_205' title='bbox 751 1395 909 1433; x_wconf 89' lang='lat' dir='ltr'>occurrit</span> <span class='ocrx_word' id='word_1_206' title='bbox 943 1390 1151 1441; x_wconf 83' lang='lat' dir='ltr'>erumpenti</span> <span class='ocrx_word' id='word_1_207' title='bbox 1179 1400 1320 1439; x_wconf 87' lang='lat' dir='ltr'>aquae,</span> 
     </span>
     <span class='ocr_line' id='line_1_21' title="bbox 283 1440 1321 1494; baseline -0.017 0"><span class='ocrx_word' id='word_1_208' title='bbox 283 1467 368 1494; x_wconf 86' lang='lat' dir='ltr'>eam</span> <span class='ocrx_word' id='word_1_209' title='bbox 398 1465 444 1490; x_wconf 77' lang='lat' dir='ltr'>ue</span> <span class='ocrx_word' id='word_1_210' title='bbox 477 1449 569 1488; x_wconf 78' lang='lat' dir='ltr'>sistit.</span> <span class='ocrx_word' id='word_1_211' title='bbox 626 1447 774 1487; x_wconf 84' lang='lat' dir='ltr'>Deinde</span> <span class='ocrx_word' id='word_1_212' title='bbox 809 1445 1008 1487; x_wconf 82' lang='lat' dir='ltr'>Lindenbr.</span> <span class='ocrx_word' id='word_1_213' title='bbox 1051 1445 1090 1481; x_wconf 72' lang='grc' dir='ltr'>ὅ(</span> <span class='ocrx_word' id='word_1_214' title='bbox 1129 1440 1321 1479; x_wconf 83' lang='lat' dir='ltr'>Etruscus:</span> 
     </span>
     <span class='ocr_line' id='line_1_22' title="bbox 286 1491 1326 1550; baseline -0.014 -7"><span class='ocrx_word' id='word_1_215' title='bbox 286 1517 352 1543; x_wconf 77' lang='lat' dir='ltr'>aut</span> <span class='ocrx_word' id='word_1_216' title='bbox 402 1502 510 1542; x_wconf 88' lang='lat' dir='ltr'>ecidit</span> <span class='ocrx_word' id='word_1_217' title='bbox 532 1499 705 1550; x_wconf 80' lang='lat' dir='ltr'>expulsus.</span> <span class='ocrx_word' id='word_1_218' title='bbox 732 1499 866 1537; x_wconf 87' lang='lat' dir='ltr'>Voluit</span> <span class='ocrx_word' id='word_1_219' title='bbox 888 1497 984 1534; x_wconf 79' lang='lat' dir='ltr'>forte</span> <span class='ocrx_word' id='word_1_220' title='bbox 1009 1509 1017 1533; x_wconf 74' lang='grc' dir='ltr'>ε</span> <span class='ocrx_word' id='word_1_221' title='bbox 1046 1493 1182 1531; x_wconf 85' lang='lat' dir='ltr'>decedit</span> <span class='ocrx_word' id='word_1_222' title='bbox 1203 1491 1326 1542; x_wconf 83' lang='lat' dir='ltr'>expul-</span> 
     </span>
     <span class='ocr_line' id='line_1_23' title="bbox 276 1544 1324 1609; baseline -0.013 -16"><span class='ocrx_word' id='word_1_223' title='bbox 276 1558 342 1609; x_wconf 83' lang='lat' dir='ltr'>sus</span> <span class='ocrx_word' id='word_1_224' title='bbox 367 1586 378 1602; x_wconf 89' lang='lat'>‚</span> <span class='ocrx_word' id='word_1_225' title='bbox 427 1563 467 1592; x_wconf 89' lang='lat' dir='ltr'>ut</span> <span class='ocrx_word' id='word_1_226' title='bbox 498 1553 716 1592; x_wconf 83' lang='lat' dir='ltr'>conveniret</span> <span class='ocrx_word' id='word_1_227' title='bbox 750 1562 837 1588; x_wconf 87' lang='lat' dir='ltr'>cum</span> <span class='ocrx_word' id='word_1_228' title='bbox 870 1546 1104 1598; x_wconf 83' lang='lat' dir='ltr'>praecedenti</span> <span class='ocrx_word' id='word_1_229' title='bbox 1147 1544 1324 1581; x_wconf 83' lang='lat' dir='ltr'>occurrit.-</span> 
     </span>
     <span class='ocr_line' id='line_1_24' title="bbox 287 1595 1330 1659; baseline -0.012 -13"><span class='ocrx_word' id='word_1_230' title='bbox 287 1619 386 1659; x_wconf 85' lang='lat' dir='ltr'>quae</span> <span class='ocrx_word' id='word_1_231' title='bbox 405 1617 490 1644; x_wconf 81' lang='lat' dir='ltr'>cura</span> <span class='ocrx_word' id='word_1_232' title='bbox 512 1603 560 1643; x_wconf 86' lang='lat' dir='ltr'>est</span> <span class='ocrx_word' id='word_1_233' title='bbox 585 1602 792 1641; x_wconf 86' lang='lat' dir='ltr'>frustranea.</span> <span class='ocrx_word' id='word_1_234' title='bbox 823 1601 954 1641; x_wconf 86' lang='lat' dir='ltr'>Oxon.</span> <span class='ocrx_word' id='word_1_235' title='bbox 982 1610 1040 1637; x_wconf 84' lang='lat' dir='ltr'>nec</span> <span class='ocrx_word' id='word_1_236' title='bbox 1055 1595 1183 1645; x_wconf 83' lang='lat' dir='ltr'>statim</span> <span class='ocrx_word' id='word_1_237' title='bbox 1203 1604 1330 1646; x_wconf 84' lang='lat' dir='ltr'>patens</span> 
     </span>
    </p>
   </div>
   <div class='ocr_carea' id='block_1_11' title="bbox 285 1658 1342 2017">
    <p class='ocr_par' dir='ltr' id='par_1_12' title="bbox 285 1673 419 1698">
     <span class='ocr_line' id='line_1_25' title="bbox 285 1673 419 1698; baseline -0.015 0"><span class='ocrx_word' id='word_1_238' title='bbox 285 1673 326 1698; x_wconf 75' lang='lat' dir='ltr'>ac</span> <span class='ocrx_word' id='word_1_239' title='bbox 356 1673 419 1697; x_wconf 82' lang='lat' dir='ltr'>us.</span> 
     </span>
    </p>

    <p class='ocr_par' dir='ltr' id='par_1_13' title="bbox 292 1658 1337 1860">
     <span class='ocr_line' id='line_1_26' title="bbox 321 1658 1337 1757; baseline -0.013 -9"><span class='ocrx_word' id='word_1_240' title='bbox 321 1658 364 1748; x_wconf 78' lang='lat' dir='ltr'>flz</span> <span class='ocrx_word' id='word_1_241' title='bbox 395 1715 515 1746; x_wconf 81' lang='lat' dir='ltr'>Prona</span> <span class='ocrx_word' id='word_1_242' title='bbox 551 1712 590 1749; x_wconf 72' lang='grc' dir='ltr'>δί</span> <span class='ocrx_word' id='word_1_243' title='bbox 622 1705 820 1757; x_wconf 77' lang='lat' dir='ltr'>vergentia.</span> <span class='ocrx_word' id='word_1_244' title='bbox 844 1703 861 1752; x_wconf 93' lang='lat'>]</span> <span class='ocrx_word' id='word_1_245' title='bbox 890 1702 1117 1741; x_wconf 69' lang='lat' dir='ltr'>Primanus:</span> <span class='ocrx_word' id='word_1_246' title='bbox 1146 1709 1257 1750; x_wconf 79' lang='lat' dir='ltr'>prona</span> <span class='ocrx_word' id='word_1_247' title='bbox 1277 1709 1337 1736; x_wconf 87' lang='lat' dir='ltr'>at·</span> 
     </span>
     <span class='ocr_line' id='line_1_27' title="bbox 292 1750 1337 1814; baseline -0.01 -15"><span class='ocrx_word' id='word_1_248' title='bbox 292 1775 357 1814; x_wconf 75' lang='lat' dir='ltr'>que</span> <span class='ocrx_word' id='word_1_249' title='bbox 380 1761 540 1811; x_wconf 79' lang='lat' dir='ltr'>urgentia</span> <span class='ocrx_word' id='word_1_250' title='bbox 556 1791 566 1807; x_wconf 93' lang='lat'>,</span> <span class='ocrx_word' id='word_1_251' title='bbox 595 1771 640 1798; x_wconf 85' lang='lat' dir='ltr'>ex</span> <span class='ocrx_word' id='word_1_252' title='bbox 663 1758 794 1809; x_wconf 86' lang='lat' dir='ltr'>quibus</span> <span class='ocrx_word' id='word_1_253' title='bbox 818 1767 925 1806; x_wconf 76' lang='lat' dir='ltr'>atque</span> <span class='ocrx_word' id='word_1_254' title='bbox 938 1752 1179 1790; x_wconf 77' lang='lat' dir='ltr'>adsumsimus</span> <span class='ocrx_word' id='word_1_255' title='bbox 1195 1780 1205 1798; x_wconf 94' lang='lat'>‚</span> <span class='ocrx_word' id='word_1_256' title='bbox 1233 1750 1337 1802; x_wconf 90' lang='lat' dir='ltr'>quod</span> 
     </span>
     <span class='ocr_line' id='line_1_28' title="bbox 297 1810 658 1860; baseline -0.017 -7"><span class='ocrx_word' id='word_1_257' title='bbox 297 1816 338 1853; x_wconf 71' lang='grc' dir='ltr'>ὅ(</span> <span class='ocrx_word' id='word_1_258' title='bbox 358 1810 462 1850; x_wconf 81' lang='lat' dir='ltr'>Voff.</span> <span class='ocrx_word' id='word_1_259' title='bbox 488 1811 658 1860; x_wconf 80' lang='lat' dir='ltr'>agnoscit.</span> 
     </span>
    </p>

    <p class='ocr_par' dir='ltr' id='par_1_14' title="bbox 291 1854 1342 2017">
     <span class='ocr_line' id='line_1_29' title="bbox 345 1854 1339 1915; baseline -0.008 -14"><span class='ocrx_word' id='word_1_260' title='bbox 345 1877 364 1915; x_wconf 86' lang='lat'>3</span> <span class='ocrx_word' id='word_1_261' title='bbox 397 1863 627 1902; x_wconf 63' lang='lat' dir='ltr'>oblatrantis</span> <span class='ocrx_word' id='word_1_262' title='bbox 649 1859 792 1898; x_wconf 82' lang='lat' dir='ltr'>animae</span> <span class='ocrx_word' id='word_1_263' title='bbox 806 1854 964 1905; x_wconf 84' lang='lat' dir='ltr'>moras.]</span> <span class='ocrx_word' id='word_1_264' title='bbox 994 1857 1014 1896; x_wconf 91' lang='lat' dir='ltr'>i.</span> <span class='ocrx_word' id='word_1_265' title='bbox 1031 1855 1258 1893; x_wconf 83' lang='lat' dir='ltr'>occurrentis</span> <span class='ocrx_word' id='word_1_266' title='bbox 1273 1854 1339 1902; x_wconf 85' lang='lat' dir='ltr'>spi-</span> 
     </span>
     <span class='ocr_line' id='line_1_30' title="bbox 291 1907 1338 1961; baseline -0.012 -6"><span class='ocrx_word' id='word_1_267' title='bbox 291 1915 381 1954; x_wconf 80' lang='lat' dir='ltr'>ritus</span> <span class='ocrx_word' id='word_1_268' title='bbox 415 1926 538 1953; x_wconf 88' lang='lat' dir='ltr'>moras</span> <span class='ocrx_word' id='word_1_269' title='bbox 561 1944 572 1961; x_wconf 94' lang='lat'>‚</span> <span class='ocrx_word' id='word_1_270' title='bbox 609 1921 650 1952; x_wconf 90' lang='lat' dir='ltr'>ut</span> <span class='ocrx_word' id='word_1_271' title='bbox 681 1912 783 1960; x_wconf 86' lang='lat' dir='ltr'>supra</span> <span class='ocrx_word' id='word_1_272' title='bbox 816 1908 991 1958; x_wconf 86' lang='lat' dir='ltr'>loquitur.</span> <span class='ocrx_word' id='word_1_273' title='bbox 1031 1908 1213 1944; x_wconf 82' lang='lat' dir='ltr'>Animam</span> <span class='ocrx_word' id='word_1_274' title='bbox 1238 1907 1338 1944; x_wconf 87' lang='lat' dir='ltr'>enim</span> 
     </span>
     <span class='ocr_line' id='line_1_31' title="bbox 296 1956 1342 2017; baseline -0.014 -10"><span class='ocrx_word' id='word_1_275' title='bbox 296 1967 430 2017; x_wconf 72' lang='lat' dir='ltr'>optimi</span> <span class='ocrx_word' id='word_1_276' title='bbox 451 1966 612 2015; x_wconf 84' lang='lat' dir='ltr'>spiritum</span> <span class='ocrx_word' id='word_1_277' title='bbox 637 1994 646 2010; x_wconf 94' lang='lat'>‚</span> <span class='ocrx_word' id='word_1_278' title='bbox 674 1963 878 2000; x_wconf 85' lang='lat' dir='ltr'>anhelitum</span> <span class='ocrx_word' id='word_1_279' title='bbox 905 1988 916 2004; x_wconf 94' lang='lat'><strong><em>,</em></strong></span> <span class='ocrx_word' id='word_1_280' title='bbox 944 1968 1102 1997; x_wconf 85' lang='lat' dir='ltr'>ventum</span> <span class='ocrx_word' id='word_1_281' title='bbox 1126 1968 1260 1995; x_wconf 87' lang='lat' dir='ltr'>vocare</span> <span class='ocrx_word' id='word_1_282' title='bbox 1284 1956 1342 1994; x_wconf 89' lang='lat' dir='ltr'>so-</span> 
     </span>
    </p>
   </div>
   <div class='ocr_carea' id='block_1_12' title="bbox 1401 1227 2448 1845">
    <p class='ocr_par' dir='ltr' id='par_1_15' title="bbox 1401 1227 2441 1377">
     <span class='ocr_line' id='line_1_32' title="bbox 1401 1227 2441 1280; baseline 0.002 -13"><span class='ocrx_word' id='word_1_283' title='bbox 1401 1231 1439 1267; x_wconf 85' lang='lat'>&amp;</span> <span class='ocrx_word' id='word_1_284' title='bbox 1461 1227 1576 1266; x_wconf 88' lang='lat' dir='ltr'>aestus</span> <span class='ocrx_word' id='word_1_285' title='bbox 1598 1228 1759 1267; x_wconf 89' lang='lat' dir='ltr'>modum</span> <span class='ocrx_word' id='word_1_286' title='bbox 1780 1229 1878 1278; x_wconf 87' lang='lat' dir='ltr'>leges</span> <span class='ocrx_word' id='word_1_287' title='bbox 1902 1259 1912 1275; x_wconf 90' lang='lat'>,</span> <span class='ocrx_word' id='word_1_288' title='bbox 1941 1239 2054 1280; x_wconf 90' lang='lat' dir='ltr'>quarn</span> <span class='ocrx_word' id='word_1_289' title='bbox 2078 1239 2157 1266; x_wconf 90' lang='lat' dir='ltr'>rem</span> <span class='ocrx_word' id='word_1_290' title='bbox 2180 1228 2329 1267; x_wconf 82' lang='lat' dir='ltr'>Curtius</span> <span class='ocrx_word' id='word_1_291' title='bbox 2347 1230 2441 1270; x_wconf 84' lang='lat' dir='ltr'>libro</span> 
     </span>
     <span class='ocr_line' id='line_1_33' title="bbox 1401 1279 2441 1333; baseline 0.003 -16"><span class='ocrx_word' id='word_1_292' title='bbox 1401 1280 1650 1318; x_wconf 69' lang='lat' dir='ltr'>ostavoante</span> <span class='ocrx_word' id='word_1_293' title='bbox 1672 1281 1801 1333; x_wconf 85' lang='lat' dir='ltr'>oculos</span> <span class='ocrx_word' id='word_1_294' title='bbox 1823 1279 2110 1319; x_wconf 86' lang='lat' dir='ltr'>manifestiffime</span> <span class='ocrx_word' id='word_1_295' title='bbox 2135 1280 2264 1328; x_wconf 87' lang='lat' dir='ltr'>ponit,</span> <span class='ocrx_word' id='word_1_296' title='bbox 2293 1290 2333 1319; x_wconf 92' lang='lat' dir='ltr'>ut</span> <span class='ocrx_word' id='word_1_297' title='bbox 2346 1283 2441 1322; x_wconf 86' lang='lat' dir='ltr'>Stra-</span> 
     </span>
     <span class='ocr_line' id='line_1_34' title="bbox 1401 1330 2203 1377; baseline -0.001 -7"><span class='ocrx_word' id='word_1_298' title='bbox 1401 1332 1475 1377; x_wconf 93' lang='lat' dir='ltr'>bo,</span> <span class='ocrx_word' id='word_1_299' title='bbox 1504 1330 1748 1377; x_wconf 88' lang='lat' dir='ltr'>Censorinus,</span> <span class='ocrx_word' id='word_1_300' title='bbox 1774 1332 2014 1371; x_wconf 86' lang='lat' dir='ltr'>Philostratus.</span> <span class='ocrx_word' id='word_1_301' title='bbox 2045 1332 2203 1369; x_wconf 71' lang='grc' dir='ltr'>(ΞΛ-[ΑΝ.</span> 
     </span>
    </p>

    <p class='ocr_par' dir='ltr' id='par_1_16' title="bbox 1403 1381 2448 1845">
     <span class='ocr_line' id='line_1_35' title="bbox 1453 1381 2439 1434; baseline 0.005 -16"><span class='ocrx_word' id='word_1_302' title='bbox 1453 1396 1471 1433; x_wconf 81' lang='lat'><em>5</em></span> <span class='ocrx_word' id='word_1_303' title='bbox 1503 1382 1557 1420; x_wconf 84' lang='lat' dir='ltr'>Vel</span> <span class='ocrx_word' id='word_1_304' title='bbox 1600 1383 1761 1431; x_wconf 79' lang='lat' dir='ltr'>egeritur.</span> <span class='ocrx_word' id='word_1_305' title='bbox 1784 1382 1800 1434; x_wconf 86' lang='lat'><em>]</em></span> <span class='ocrx_word' id='word_1_306' title='bbox 1846 1383 2046 1422; x_wconf 85' lang='lat' dir='ltr'>Emittitut.</span> <span class='ocrx_word' id='word_1_307' title='bbox 2101 1381 2235 1420; x_wconf 83' lang='lat' dir='ltr'>Asserit</span> <span class='ocrx_word' id='word_1_308' title='bbox 2276 1382 2439 1432; x_wconf 67' lang='lat' dir='ltr'>Plinius‚‘·</span> 
     </span>
     <span class='ocr_line' id='line_1_36' title="bbox 1406 1433 2439 1485; baseline 0.004 -13"><span class='ocrx_word' id='word_1_309' title='bbox 1406 1433 1569 1473; x_wconf 87' lang='lat' dir='ltr'>Gadibus</span> <span class='ocrx_word' id='word_1_310' title='bbox 1595 1435 1700 1484; x_wconf 83' lang='lat' dir='ltr'>juxta</span> <span class='ocrx_word' id='word_1_311' title='bbox 1732 1435 1915 1485; x_wconf 62' lang='lat' dir='ltr'>ternplum</span> <span class='ocrx_word' id='word_1_312' title='bbox 1950 1433 2120 1473; x_wconf 86' lang='lat' dir='ltr'>Herculis</span> <span class='ocrx_word' id='word_1_313' title='bbox 2153 1434 2298 1472; x_wconf 88' lang='lat' dir='ltr'>fontem</span> <span class='ocrx_word' id='word_1_314' title='bbox 2326 1437 2439 1476; x_wconf 80' lang='lat' dir='ltr'>inclu-</span> 
     </span>
     <span class='ocr_line' id='line_1_37' title="bbox 1403 1484 2439 1534; baseline 0.003 -11"><span class='ocrx_word' id='word_1_315' title='bbox 1403 1485 1483 1524; x_wconf 87' lang='lat' dir='ltr'>sum</span> <span class='ocrx_word' id='word_1_316' title='bbox 1506 1486 1551 1524; x_wconf 90' lang='lat' dir='ltr'>ad</span> <span class='ocrx_word' id='word_1_317' title='bbox 1574 1488 1675 1534; x_wconf 84' lang='lat' dir='ltr'>putei</span> <span class='ocrx_word' id='word_1_318' title='bbox 1698 1486 1854 1525; x_wconf 87' lang='lat' dir='ltr'>modum</span> <span class='ocrx_word' id='word_1_319' title='bbox 1876 1515 1887 1532; x_wconf 93' lang='lat'><strong>‚</strong></span> <span class='ocrx_word' id='word_1_320' title='bbox 1928 1486 2010 1524; x_wconf 81' lang='lat' dir='ltr'>alias</span> <span class='ocrx_word' id='word_1_321' title='bbox 2033 1484 2138 1523; x_wconf 72' lang='lat' dir='ltr'>simul</span> <span class='ocrx_word' id='word_1_322' title='bbox 2160 1495 2245 1522; x_wconf 87' lang='lat' dir='ltr'>cum</span> <span class='ocrx_word' id='word_1_323' title='bbox 2280 1486 2439 1526; x_wconf 89' lang='lat' dir='ltr'>Oceano</span> 
     </span>
     <span class='ocr_line' id='line_1_38' title="bbox 1405 1537 2442 1587; baseline 0.004 -13"><span class='ocrx_word' id='word_1_324' title='bbox 1405 1538 1532 1586; x_wconf 85' lang='lat' dir='ltr'>augeri</span> <span class='ocrx_word' id='word_1_325' title='bbox 1555 1538 1594 1575; x_wconf 67' lang='grc' dir='ltr'>ὃς</span> <span class='ocrx_word' id='word_1_326' title='bbox 1615 1537 1732 1574; x_wconf 90' lang='lat' dir='ltr'>minui</span> <span class='ocrx_word' id='word_1_327' title='bbox 1757 1566 1767 1582; x_wconf 96' lang='lat'>‚</span> <span class='ocrx_word' id='word_1_328' title='bbox 1804 1537 1889 1574; x_wconf 82' lang='lat' dir='ltr'>alias</span> <span class='ocrx_word' id='word_1_329' title='bbox 1910 1545 2112 1587; x_wconf 87' lang='lat' dir='ltr'>utrumque</span> <span class='ocrx_word' id='word_1_330' title='bbox 2135 1538 2322 1575; x_wconf 84' lang='lat' dir='ltr'>contrariis</span> <span class='ocrx_word' id='word_1_331' title='bbox 2345 1545 2442 1578; x_wconf 81' lang='lat' dir='ltr'>tem-</span> 
     </span>
     <span class='ocr_line' id='line_1_39' title="bbox 1405 1587 2443 1638; baseline 0.002 -12"><span class='ocrx_word' id='word_1_332' title='bbox 1405 1589 1566 1638; x_wconf 88' lang='lat' dir='ltr'>poribus.</span> <span class='ocrx_word' id='word_1_333' title='bbox 1594 1587 1749 1625; x_wconf 69' lang='lat' dir='ltr'>CATAN.</span> <span class='ocrx_word' id='word_1_334' title='bbox 1776 1587 1936 1636; x_wconf 71' lang='lat' dir='ltr'>Vulgata</span> <span class='ocrx_word' id='word_1_335' title='bbox 1956 1588 2069 1626; x_wconf 67' lang='lat' dir='ltr'>leffio</span> <span class='ocrx_word' id='word_1_336' title='bbox 2091 1596 2187 1626; x_wconf 79' lang='lat' dir='ltr'>erat:</span> <span class='ocrx_word' id='word_1_337' title='bbox 2210 1588 2443 1637; x_wconf 80' lang='lat' dir='ltr'>supprimitur</span> 
     </span>
     <span class='ocr_line' id='line_1_40' title="bbox 1409 1639 2445 1690; baseline 0.003 -14"><span class='ocrx_word' id='word_1_338' title='bbox 1409 1639 1469 1678; x_wconf 78' lang='lat' dir='ltr'>vel</span> <span class='ocrx_word' id='word_1_339' title='bbox 1489 1639 1652 1690; x_wconf 82' lang='lat' dir='ltr'>egeritur.</span> <span class='ocrx_word' id='word_1_340' title='bbox 1680 1639 1762 1677; x_wconf 90' lang='lat' dir='ltr'>Nos</span> <span class='ocrx_word' id='word_1_341' title='bbox 1786 1650 1831 1677; x_wconf 86' lang='lat' dir='ltr'>ex</span> <span class='ocrx_word' id='word_1_342' title='bbox 1855 1639 2060 1678; x_wconf 88' lang='lat' dir='ltr'>Castiffimo</span> <span class='ocrx_word' id='word_1_343' title='bbox 2088 1639 2315 1689; x_wconf 87' lang='lat' dir='ltr'>reposuimus</span> <span class='ocrx_word' id='word_1_344' title='bbox 2338 1654 2347 1679; x_wconf 90' lang='lat'><strong>:</strong></span> <span class='ocrx_word' id='word_1_345' title='bbox 2386 1642 2445 1680; x_wconf 78' lang='lat' dir='ltr'>vel</span> 
     </span>
     <span class='ocr_line' id='line_1_41' title="bbox 1408 1691 2448 1742; baseline 0.002 -12"><span class='ocrx_word' id='word_1_346' title='bbox 1408 1692 1579 1742; x_wconf 84' lang='lat' dir='ltr'>erigitur,</span> <span class='ocrx_word' id='word_1_347' title='bbox 1607 1691 1710 1740; x_wconf 89' lang='lat' dir='ltr'>quod</span> <span class='ocrx_word' id='word_1_348' title='bbox 1734 1693 1771 1729; x_wconf 68' lang='grc' dir='ltr'>ὅ(</span> <span class='ocrx_word' id='word_1_349' title='bbox 1795 1702 1871 1728; x_wconf 89' lang='lat' dir='ltr'>rem</span> <span class='ocrx_word' id='word_1_350' title='bbox 1897 1691 2027 1729; x_wconf 88' lang='lat' dir='ltr'>melius</span> <span class='ocrx_word' id='word_1_351' title='bbox 2048 1692 2244 1740; x_wconf 78' lang='lat' dir='ltr'>exprimit,</span> <span class='ocrx_word' id='word_1_352' title='bbox 2271 1693 2310 1730; x_wconf 90' lang='lat'>&amp;</span> <span class='ocrx_word' id='word_1_353' title='bbox 2332 1694 2448 1742; x_wconf 84' lang='lat' dir='ltr'>aptius</span> 
     </span>
     <span class='ocr_line' id='line_1_42' title="bbox 1409 1742 2446 1793; baseline -0.001 -12"><span class='ocrx_word' id='word_1_354' title='bbox 1409 1743 1455 1782; x_wconf 84' lang='lat' dir='ltr'>ad</span> <span class='ocrx_word' id='word_1_355' title='bbox 1478 1742 1699 1792; x_wconf 88' lang='lat' dir='ltr'>praecedens</span> <span class='ocrx_word' id='word_1_356' title='bbox 1714 1743 1952 1793; x_wconf 79' lang='lat' dir='ltr'>supprimitur</span> <span class='ocrx_word' id='word_1_357' title='bbox 1975 1742 2141 1780; x_wconf 87' lang='lat' dir='ltr'>refertur.</span> <span class='ocrx_word' id='word_1_358' title='bbox 2172 1743 2313 1781; x_wconf 82' lang='lat' dir='ltr'>Eadem</span> <span class='ocrx_word' id='word_1_359' title='bbox 2336 1745 2446 1784; x_wconf 81' lang='lat' dir='ltr'>verba</span> 
     </span>
     <span class='ocr_line' id='line_1_43' title="bbox 1412 1792 2422 1845; baseline 0.002 -13"><span class='ocrx_word' id='word_1_360' title='bbox 1412 1793 1696 1833; x_wconf 82' lang='lat' dir='ltr'>confunduntur</span> <span class='ocrx_word' id='word_1_361' title='bbox 1719 1794 1817 1843; x_wconf 84' lang='lat' dir='ltr'>apud</span> <span class='ocrx_word' id='word_1_362' title='bbox 1839 1794 2039 1833; x_wconf 87' lang='lat' dir='ltr'>Lucanum</span> <span class='ocrx_word' id='word_1_363' title='bbox 2065 1793 2150 1832; x_wconf 92' lang='lat' dir='ltr'>Lib.</span> <span class='ocrx_word' id='word_1_364' title='bbox 2176 1792 2244 1832; x_wconf 90' lang='lat' dir='ltr'>IV.</span> <span class='ocrx_word' id='word_1_365' title='bbox 2265 1805 2317 1832; x_wconf 90' lang='lat' dir='ltr'>vs.</span> <span class='ocrx_word' id='word_1_366' title='bbox 2336 1796 2422 1845; x_wconf 76' lang='lat'>643.</span> 
     </span>
    </p>
   </div>
   <div class='ocr_carea' id='block_1_13' title="bbox 1463 1896 2276 1996">
    <p class='ocr_par' dir='ltr' id='par_1_17' title="bbox 1463 1896 2276 1996">
     <span class='ocr_line' id='line_1_44' title="bbox 1463 1896 2276 1947; baseline 0 -11"><span class='ocrx_word' id='word_1_367' title='bbox 1463 1917 1535 1927; x_wconf 89' lang='lat'>—</span> <span class='ocrx_word' id='word_1_368' title='bbox 1585 1916 1658 1928; x_wconf 88' lang='lat'>——</span> <span class='ocrx_word' id='word_1_369' title='bbox 1707 1917 1772 1929; x_wconf 92' lang='lat'><strong>—</strong></span> <span class='ocrx_word' id='word_1_370' title='bbox 1825 1899 1863 1936; x_wconf 86' lang='lat' dir='ltr'>in</span> <span class='ocrx_word' id='word_1_371' title='bbox 1876 1899 1917 1945; x_wconf 84' lang='lat' dir='ltr'>fe</span> <span class='ocrx_word' id='word_1_372' title='bbox 1944 1912 1980 1936; x_wconf 85' lang='lat' dir='ltr'>os</span> <span class='ocrx_word' id='word_1_373' title='bbox 1993 1896 2137 1947; x_wconf 77' lang='lat' dir='ltr'>spiritus</span> <span class='ocrx_word' id='word_1_374' title='bbox 2158 1901 2276 1944; x_wconf 72' lang='lat' dir='ltr'>artus!</span> 
     </span>
     <span class='ocr_line' id='line_1_45' title="bbox 1467 1947 1658 1996; baseline -0.005 -10"><span class='ocrx_word' id='word_1_375' title='bbox 1467 1947 1658 1996; x_wconf 84' lang='lat' dir='ltr'>Egeritur,</span> 
     </span>
    </p>
   </div>
   <div class='ocr_carea' id='block_1_14' title="bbox 294 2006 2450 3133">
    <p class='ocr_par' dir='ltr' id='par_1_18' title="bbox 294 2006 2450 2153">
     <span class='ocr_line' id='line_1_46' title="bbox 294 2006 1604 2068; baseline -0.011 -12"><span class='ocrx_word' id='word_1_376' title='bbox 294 2018 373 2056; x_wconf 82' lang='lat' dir='ltr'>lent</span> <span class='ocrx_word' id='word_1_377' title='bbox 394 2047 404 2064; x_wconf 89' lang='lat'>‚</span> <span class='ocrx_word' id='word_1_378' title='bbox 456 2018 559 2068; x_wconf 89' lang='lat' dir='ltr'>quod</span> <span class='ocrx_word' id='word_1_379' title='bbox 591 2015 725 2055; x_wconf 84' lang='lat' dir='ltr'>Graeci</span> <span class='ocrx_word' id='word_1_380' title='bbox 753 2011 888 2058; x_wconf 63' lang='grc' dir='ltr'>ἁνεμόν.</span> <span class='ocrx_word' id='word_1_381' title='bbox 945 2010 1140 2049; x_wconf 85' lang='lat' dir='ltr'>Lucretius</span> <span class='ocrx_word' id='word_1_382' title='bbox 1167 2008 1249 2047; x_wconf 87' lang='lat' dir='ltr'>Lib.</span> <span class='ocrx_word' id='word_1_383' title='bbox 1273 2006 1343 2045; x_wconf 90' lang='lat' dir='ltr'>VI.</span> <span class='ocrx_word' id='word_1_384' title='bbox 1470 2052 1477 2059; x_wconf 38' lang='lat'><strong>·</strong></span> <span class='ocrx_word' id='word_1_385' title='bbox 1599 2052 1604 2058; x_wconf 20' lang='grc' dir='ltr'><strong><em>ἡ</em></strong></span> 
     </span>
     <span class='ocr_line' id='line_1_47' title="bbox 300 2051 2450 2118; baseline 0.003 -32"><span class='ocrx_word' id='word_1_386' title='bbox 300 2079 353 2108; x_wconf 44' lang='lat' dir='ltr'>vs·</span> <span class='ocrx_word' id='word_1_387' title='bbox 385 2081 465 2118; x_wconf 46' lang='lat'>577·</span> <span class='ocrx_word' id='word_1_388' title='bbox 1417 2051 1479 2090; x_wconf 79' lang='lat' dir='ltr'>ubi</span> <span class='ocrx_word' id='word_1_389' title='bbox 1499 2051 1607 2089; x_wconf 76' lang='lat' dir='ltr'>multi</span> <span class='ocrx_word' id='word_1_390' title='bbox 1631 2051 1754 2090; x_wconf 89' lang='lat' dir='ltr'>Codd.</span> <span class='ocrx_word' id='word_1_391' title='bbox 1782 2051 1956 2100; x_wconf 76' lang='lat' dir='ltr'>Erigitur.</span> <span class='ocrx_word' id='word_1_392' title='bbox 1984 2051 2066 2090; x_wconf 87' lang='lat' dir='ltr'>Alia</span> <span class='ocrx_word' id='word_1_393' title='bbox 2087 2051 2134 2090; x_wconf 89' lang='lat' dir='ltr'>ibi</span> <span class='ocrx_word' id='word_1_394' title='bbox 2153 2057 2339 2092; x_wconf 82' lang='lat' dir='ltr'>notamus.</span> <span class='ocrx_word' id='word_1_395' title='bbox 2352 2053 2450 2105; x_wconf 80' lang='lat' dir='ltr'>Erigi</span> 
     </span>
     <span class='ocr_line' id='line_1_48' title="bbox 297 2102 2449 2153; baseline 0.002 -14"><span class='ocrx_word' id='word_1_396' title='bbox 297 2112 302 2119; x_wconf 81' lang='grc'><strong><em>·</em></strong></span> <span class='ocrx_word' id='word_1_397' title='bbox 1420 2103 1466 2142; x_wconf 91' lang='lat' dir='ltr'>de</span> <span class='ocrx_word' id='word_1_398' title='bbox 1502 2102 1661 2140; x_wconf 77' lang='lat' dir='ltr'>Oceano</span> <span class='ocrx_word' id='word_1_399' title='bbox 1695 2106 1734 2141; x_wconf 89' lang='lat'>&amp;</span> <span class='ocrx_word' id='word_1_400' title='bbox 1764 2105 1866 2153; x_wconf 80' lang='lat' dir='ltr'>aquis</span> <span class='ocrx_word' id='word_1_401' title='bbox 1886 2103 2111 2142; x_wconf 87' lang='lat' dir='ltr'>tumentibus</span> <span class='ocrx_word' id='word_1_402' title='bbox 2132 2111 2243 2153; x_wconf 77' lang='lat' dir='ltr'>atque</span> <span class='ocrx_word' id='word_1_403' title='bbox 2269 2104 2449 2144; x_wconf 82' lang='lat' dir='ltr'>crescenti·</span> 
     </span>
    </p>

    <p class='ocr_par' dir='ltr' id='par_1_19' title="bbox 353 2153 2448 2221">
     <span class='ocr_line' id='line_1_49' title="bbox 353 2153 2448 2221; baseline -0.007 -10"><span class='ocrx_word' id='word_1_404' title='bbox 353 2178 483 2211; x_wconf 83' lang='lat' dir='ltr'>Ventus</span> <span class='ocrx_word' id='word_1_405' title='bbox 505 2171 565 2210; x_wconf 79' lang='lat' dir='ltr'>ubi</span> <span class='ocrx_word' id='word_1_406' title='bbox 588 2200 599 2217; x_wconf 90' lang='lat'>,</span> <span class='ocrx_word' id='word_1_407' title='bbox 634 2180 743 2221; x_wconf 73' lang='lat' dir='ltr'>atque</span> <span class='ocrx_word' id='word_1_408' title='bbox 772 2169 918 2207; x_wconf 79' lang='lat' dir='ltr'>animae</span> <span class='ocrx_word' id='word_1_409' title='bbox 932 2165 1049 2217; x_wconf 83' lang='lat' dir='ltr'>subito</span> <span class='ocrx_word' id='word_1_410' title='bbox 1079 2165 1138 2203; x_wconf 83' lang='lat' dir='ltr'>vis</span> <span class='ocrx_word' id='word_1_411' title='bbox 1181 2164 1346 2202; x_wconf 85' lang='lat' dir='ltr'>maxima</span> <span class='ocrx_word' id='word_1_412' title='bbox 1420 2154 1486 2192; x_wconf 80' lang='lat' dir='ltr'>bUS</span> <span class='ocrx_word' id='word_1_413' title='bbox 1519 2153 1620 2192; x_wconf 62' lang='lat' dir='ltr'>idem</span> <span class='ocrx_word' id='word_1_414' title='bbox 1652 2153 1742 2194; x_wconf 64' lang='lat' dir='ltr'>dixit</span> <span class='ocrx_word' id='word_1_415' title='bbox 1775 2155 1855 2194; x_wconf 70' lang='lat' dir='ltr'>Lib·</span> <span class='ocrx_word' id='word_1_416' title='bbox 1890 2153 1916 2192; x_wconf 85' lang='grc' dir='ltr'>Ῑ·</span> <span class='ocrx_word' id='word_1_417' title='bbox 1950 2165 2003 2192; x_wconf 81' lang='lat' dir='ltr'>VS·</span> <span class='ocrx_word' id='word_1_418' title='bbox 2033 2167 2116 2205; x_wconf 79' lang='lat'>415·</span> <span class='ocrx_word' id='word_1_419' title='bbox 2136 2155 2198 2193; x_wconf 76' lang='lat' dir='ltr'>Ubi</span> <span class='ocrx_word' id='word_1_420' title='bbox 2219 2154 2265 2193; x_wconf 73' lang='lat' dir='ltr'>de</span> <span class='ocrx_word' id='word_1_421' title='bbox 2288 2155 2388 2194; x_wconf 73' lang='lat' dir='ltr'>fluxu</span> <span class='ocrx_word' id='word_1_422' title='bbox 2411 2156 2448 2195; x_wconf 83' lang='lat'>&amp;</span> 
     </span>
    </p>

    <p class='ocr_par' dir='ltr' id='par_1_20' title="bbox 413 2205 1587 2275">
     <span class='ocr_line' id='line_1_50' title="bbox 413 2205 1587 2275; baseline -0.008 -22"><span class='ocrx_word' id='word_1_423' title='bbox 413 2225 592 2275; x_wconf 76' lang='lat' dir='ltr'>quaedam</span> <span class='ocrx_word' id='word_1_424' title='bbox 1423 2205 1587 2244; x_wconf 86' lang='lat' dir='ltr'>refluxu:</span> 
     </span>
    </p>

    <p class='ocr_par' dir='ltr' id='par_1_21' title="bbox 354 2268 1247 2323">
     <span class='ocr_line' id='line_1_51' title="bbox 354 2268 1247 2323; baseline -0.015 -8"><span class='ocrx_word' id='word_1_425' title='bbox 354 2278 439 2315; x_wconf 83' lang='lat' dir='ltr'>&#39;Aut</span> <span class='ocrx_word' id='word_1_426' title='bbox 463 2273 697 2323; x_wconf 82' lang='lat' dir='ltr'>extrinsecus,</span> <span class='ocrx_word' id='word_1_427' title='bbox 727 2282 793 2309; x_wconf 85' lang='lat' dir='ltr'>aut</span> <span class='ocrx_word' id='word_1_428' title='bbox 814 2270 884 2321; x_wconf 88' lang='lat' dir='ltr'>ipsa</span> <span class='ocrx_word' id='word_1_429' title='bbox 910 2268 956 2306; x_wconf 79' lang='lat' dir='ltr'>ab</span> <span class='ocrx_word' id='word_1_430' title='bbox 980 2268 1105 2307; x_wconf 81' lang='lat' dir='ltr'>tellure</span> <span class='ocrx_word' id='word_1_431' title='bbox 1129 2276 1247 2305; x_wconf 85' lang='lat' dir='ltr'><em>coorta</em></span> 
     </span>
    </p>

    <p class='ocr_par' dir='ltr' id='par_1_22' title="bbox 357 2321 970 2376">
     <span class='ocr_line' id='line_1_52' title="bbox 357 2321 970 2376; baseline -0.013 -10"><span class='ocrx_word' id='word_1_432' title='bbox 357 2333 401 2366; x_wconf 84' lang='lat' dir='ltr'>In</span> <span class='ocrx_word' id='word_1_433' title='bbox 425 2326 544 2376; x_wconf 76' lang='lat' dir='ltr'>iocose</span> <span class='ocrx_word' id='word_1_434' title='bbox 566 2336 661 2361; x_wconf 87' lang='lat' dir='ltr'><em>cava</em></span> <span class='ocrx_word' id='word_1_435' title='bbox 686 2322 797 2360; x_wconf 84' lang='lat' dir='ltr'>terrai</span> <span class='ocrx_word' id='word_1_436' title='bbox 821 2321 970 2359; x_wconf 73' lang='lat' dir='ltr'>coniec&#39;t.</span> 
     </span>
    </p>

    <p class='ocr_par' dir='ltr' id='par_1_23' title="bbox 305 2360 2352 2584">
     <span class='ocr_line' id='line_1_53' title="bbox 1474 2360 2352 2412; baseline 0 -15"><span class='ocrx_word' id='word_1_437' title='bbox 1474 2360 1598 2410; x_wconf 69' lang='lat' dir='ltr'>Erigat</span> <span class='ocrx_word' id='word_1_438' title='bbox 1620 2366 1799 2400; x_wconf 81' lang='lat' dir='ltr'>Oceanum</span> <span class='ocrx_word' id='word_1_439' title='bbox 1815 2360 2013 2412; x_wconf 65' lang='lat' dir='ltr'>fluctusque</span> <span class='ocrx_word' id='word_1_440' title='bbox 2034 2362 2083 2398; x_wconf 86' lang='lat' dir='ltr'>ad</span> <span class='ocrx_word' id='word_1_441' title='bbox 2093 2362 2215 2412; x_wconf 82' lang='lat' dir='ltr'>fidera</span> <span class='ocrx_word' id='word_1_442' title='bbox 2237 2363 2352 2399; x_wconf 77' lang='lat' dir='ltr'>ducat.</span> 
     </span>
     <span class='ocr_line' id='line_1_54' title="bbox 309 2417 1347 2471; baseline -0.014 -1"><span class='ocrx_word' id='word_1_443' title='bbox 309 2431 367 2470; x_wconf 78' lang='lat' dir='ltr'>Sic</span> <span class='ocrx_word' id='word_1_444' title='bbox 398 2430 457 2469; x_wconf 78' lang='lat' dir='ltr'>ille</span> <span class='ocrx_word' id='word_1_445' title='bbox 491 2430 529 2467; x_wconf 71' lang='grc' dir='ltr'>ὃ(</span> <span class='ocrx_word' id='word_1_446' title='bbox 560 2426 724 2471; x_wconf 63' lang='lat' dir='ltr'>unimam</span> <span class='ocrx_word' id='word_1_447' title='bbox 749 2423 852 2462; x_wconf 85' lang='lat' dir='ltr'>venti</span> <span class='ocrx_word' id='word_1_448' title='bbox 876 2421 977 2462; x_wconf 77' lang='lat' dir='ltr'>dixit.</span> <span class='ocrx_word' id='word_1_449' title='bbox 1017 2419 1127 2458; x_wconf 81' lang='lat' dir='ltr'>Adde</span> <span class='ocrx_word' id='word_1_450' title='bbox 1148 2420 1241 2458; x_wconf 83' lang='lat' dir='ltr'>infra</span> <span class='ocrx_word' id='word_1_451' title='bbox 1266 2417 1347 2456; x_wconf 88' lang='lat' dir='ltr'>Lib.</span> 
     </span>
     <span class='ocr_line' id='line_1_55' title="bbox 305 2470 1349 2530; baseline -0.012 -10"><span class='ocrx_word' id='word_1_452' title='bbox 305 2482 376 2520; x_wconf 81' lang='lat' dir='ltr'>Vl.</span> <span class='ocrx_word' id='word_1_453' title='bbox 401 2479 506 2530; x_wconf 79' lang='lat' dir='ltr'>Epist.</span> <span class='ocrx_word' id='word_1_454' title='bbox 530 2478 634 2517; x_wconf 78' lang='lat' dir='ltr'>XVI.</span> <span class='ocrx_word' id='word_1_455' title='bbox 656 2490 690 2515; x_wconf 88' lang='lat' dir='ltr'>n.</span> <span class='ocrx_word' id='word_1_456' title='bbox 711 2488 770 2526; x_wconf 80' lang='lat'>23.</span> <span class='ocrx_word' id='word_1_457' title='bbox 798 2475 898 2514; x_wconf 74' lang='lat' dir='ltr'>Male</span> <span class='ocrx_word' id='word_1_458' title='bbox 920 2472 1037 2522; x_wconf 84' lang='lat' dir='ltr'>scripti</span> <span class='ocrx_word' id='word_1_459' title='bbox 1050 2470 1200 2522; x_wconf 81' lang='lat' dir='ltr'>quidam</span> <span class='ocrx_word' id='word_1_460' title='bbox 1227 2471 1349 2509; x_wconf 87' lang='lat' dir='ltr'>&amp;im-</span> 
     </span>
     <span class='ocr_line' id='line_1_56' title="bbox 310 2531 666 2584; baseline -0.011 -15"><span class='ocrx_word' id='word_1_461' title='bbox 310 2533 416 2584; x_wconf 81' lang='lat' dir='ltr'>pressi</span> <span class='ocrx_word' id='word_1_462' title='bbox 438 2531 666 2568; x_wconf 60' lang='lat' dir='ltr'>oblaeiflantes.</span> 
     </span>
    </p>

    <p class='ocr_par' dir='ltr' id='par_1_24' title="bbox 311 2572 1361 3133">
     <span class='ocr_line' id='line_1_57' title="bbox 362 2572 1348 2630; baseline -0.01 -10"><span class='ocrx_word' id='word_1_463' title='bbox 362 2596 386 2630; x_wconf 85' lang='lat'><strong>4</strong></span> <span class='ocrx_word' id='word_1_464' title='bbox 413 2578 591 2628; x_wconf 60' lang='lat' dir='ltr'>Omana]</span> <span class='ocrx_word' id='word_1_465' title='bbox 615 2580 760 2618; x_wconf 83' lang='lat' dir='ltr'>Dicitur</span> <span class='ocrx_word' id='word_1_466' title='bbox 781 2588 910 2616; x_wconf 83' lang='lat' dir='ltr'>comes</span> <span class='ocrx_word' id='word_1_467' title='bbox 930 2575 1062 2620; x_wconf 80' lang='lat' dir='ltr'>lunae,</span> <span class='ocrx_word' id='word_1_468' title='bbox 1091 2572 1195 2622; x_wconf 82' lang='lat' dir='ltr'>quod</span> <span class='ocrx_word' id='word_1_469' title='bbox 1207 2584 1293 2610; x_wconf 89' lang='lat' dir='ltr'>cum</span> <span class='ocrx_word' id='word_1_470' title='bbox 1308 2584 1348 2611; x_wconf 84' lang='lat' dir='ltr'>ea</span> 
     </span>
     <span class='ocr_line' id='line_1_58' title="bbox 311 2625 1352 2679; baseline -0.012 -6"><span class='ocrx_word' id='word_1_471' title='bbox 311 2634 418 2674; x_wconf 75' lang='lat' dir='ltr'>fiinul</span> <span class='ocrx_word' id='word_1_472' title='bbox 430 2631 575 2672; x_wconf 66' lang='lat' dir='ltr'>sen-:scit</span> <span class='ocrx_word' id='word_1_473' title='bbox 586 2631 838 2679; x_wconf 60' lang='lat' dir='ltr'>adolescitque.</span> <span class='ocrx_word' id='word_1_474' title='bbox 856 2628 1091 2665; x_wconf 83' lang='lat' dir='ltr'>incremento</span> <span class='ocrx_word' id='word_1_475' title='bbox 1102 2625 1167 2662; x_wconf 91' lang='lat' dir='ltr'>suo</span> <span class='ocrx_word' id='word_1_476' title='bbox 1178 2626 1279 2662; x_wconf 87' lang='lat' dir='ltr'>hunc</span> <span class='ocrx_word' id='word_1_477' title='bbox 1293 2636 1352 2661; x_wconf 91' lang='lat' dir='ltr'>or-</span> 
     </span>
     <span class='ocr_line' id='line_1_59' title="bbox 315 2674 1353 2732; baseline -0.011 -8"><span class='ocrx_word' id='word_1_478' title='bbox 315 2685 439 2724; x_wconf 63' lang='lat' dir='ltr'>dinem</span> <span class='ocrx_word' id='word_1_479' title='bbox 456 2684 568 2722; x_wconf 70' lang='lat' dir='ltr'>servat</span> <span class='ocrx_word' id='word_1_480' title='bbox 582 2695 590 2719; x_wconf 74' lang='grc' dir='ltr'>ε</span> <span class='ocrx_word' id='word_1_481' title='bbox 605 2683 727 2732; x_wconf 86' lang='lat' dir='ltr'>primo</span> <span class='ocrx_word' id='word_1_482' title='bbox 739 2680 912 2717; x_wconf 78' lang='lat' dir='ltr'>nascentis</span> <span class='ocrx_word' id='word_1_483' title='bbox 924 2679 1032 2715; x_wconf 85' lang='lat' dir='ltr'>lunae</span> <span class='ocrx_word' id='word_1_484' title='bbox 1045 2675 1104 2714; x_wconf 88' lang='lat' dir='ltr'>die</span> <span class='ocrx_word' id='word_1_485' title='bbox 1118 2674 1156 2713; x_wconf 86' lang='lat' dir='ltr'>fit</span> <span class='ocrx_word' id='word_1_486' title='bbox 1169 2674 1353 2726; x_wconf 78' lang='lat' dir='ltr'>copiosior</span> 
     </span>
     <span class='ocr_line' id='line_1_60' title="bbox 317 2727 1354 2780; baseline -0.008 -8"><span class='ocrx_word' id='word_1_487' title='bbox 317 2737 429 2776; x_wconf 69' lang='lat' dir='ltr'>aestus</span> <span class='ocrx_word' id='word_1_488' title='bbox 443 2735 546 2774; x_wconf 76' lang='lat' dir='ltr'>solito</span> <span class='ocrx_word' id='word_1_489' title='bbox 562 2762 571 2779; x_wconf 93' lang='lat'>‚</span> <span class='ocrx_word' id='word_1_490' title='bbox 585 2733 761 2770; x_wconf 84' lang='lat' dir='ltr'>minuitur</span> <span class='ocrx_word' id='word_1_491' title='bbox 774 2730 946 2780; x_wconf 73' lang='lat' dir='ltr'>paulisper</span> <span class='ocrx_word' id='word_1_492' title='bbox 961 2727 1133 2772; x_wconf 75' lang='lat' dir='ltr'>secundQ</span> <span class='ocrx_word' id='word_1_493' title='bbox 1147 2728 1354 2765; x_wconf 84' lang='lat' dir='ltr'>minorem-</span> 
     </span>
     <span class='ocr_line' id='line_1_61' title="bbox 320 2778 1357 2834; baseline -0.008 -12"><span class='ocrx_word' id='word_1_494' title='bbox 320 2799 391 2834; x_wconf 71' lang='lat' dir='ltr'>que</span> <span class='ocrx_word' id='word_1_495' title='bbox 410 2786 507 2825; x_wconf 73' lang='lat' dir='ltr'>videt</span> <span class='ocrx_word' id='word_1_496' title='bbox 530 2796 615 2823; x_wconf 83' lang='lat' dir='ltr'>eum</span> <span class='ocrx_word' id='word_1_497' title='bbox 628 2785 752 2822; x_wconf 77' lang='lat' dir='ltr'>tertius</span> <span class='ocrx_word' id='word_1_498' title='bbox 765 2793 875 2833; x_wconf 83' lang='lat' dir='ltr'>quam</span> <span class='ocrx_word' id='word_1_499' title='bbox 891 2778 1064 2820; x_wconf 82' lang='lat' dir='ltr'>secundus</span> <span class='ocrx_word' id='word_1_500' title='bbox 1080 2807 1090 2823; x_wconf 91' lang='lat'>,</span> <span class='ocrx_word' id='word_1_501' title='bbox 1118 2779 1218 2817; x_wconf 84' lang='lat' dir='ltr'>&amp;ita</span> <span class='ocrx_word' id='word_1_502' title='bbox 1231 2778 1357 2816; x_wconf 84' lang='lat' dir='ltr'>decre-</span> 
     </span>
     <span class='ocr_line' id='line_1_62' title="bbox 320 2828 1355 2884; baseline -0.006 -10"><span class='ocrx_word' id='word_1_503' title='bbox 320 2835 453 2874; x_wconf 67' lang='grc' dir='ltr'>ῑεείιό</span> <span class='ocrx_word' id='word_1_504' title='bbox 475 2837 519 2874; x_wconf 72' lang='lat' dir='ltr'>acl</span> <span class='ocrx_word' id='word_1_505' title='bbox 533 2835 630 2873; x_wconf 55' lang='lat' dir='ltr'>dit-m</span> <span class='ocrx_word' id='word_1_506' title='bbox 644 2835 837 2884; x_wconf 86' lang='lat' dir='ltr'>septimum</span> <span class='ocrx_word' id='word_1_507' title='bbox 853 2833 1044 2881; x_wconf 72' lang='lat' dir='ltr'>pervenit,</span> <span class='ocrx_word' id='word_1_508' title='bbox 1073 2829 1189 2868; x_wconf 82' lang='lat' dir='ltr'>rursus</span> <span class='ocrx_word' id='word_1_509' title='bbox 1202 2828 1355 2868; x_wconf 64' lang='lat' dir='ltr'>octavus</span> 
     </span>
     <span class='ocr_line' id='line_1_63' title="bbox 324 2879 1355 2933; baseline -0.003 -11"><span class='ocrx_word' id='word_1_510' title='bbox 324 2886 398 2923; x_wconf 58' lang='lat' dir='ltr'>dte-s</span> <span class='ocrx_word' id='word_1_511' title='bbox 423 2897 545 2923; x_wconf 51' lang='lat' dir='ltr'>manet</span> <span class='ocrx_word' id='word_1_512' title='bbox 568 2886 721 2933; x_wconf 81' lang='lat' dir='ltr'>septimo</span> <span class='ocrx_word' id='word_1_513' title='bbox 746 2896 805 2933; x_wconf 54' lang='lat' dir='ltr'>iar</span> <span class='ocrx_word' id='word_1_514' title='bbox 821 2914 830 2930; x_wconf 90' lang='lat'><strong><em>‚</em></strong></span> <span class='ocrx_word' id='word_1_515' title='bbox 860 2886 898 2922; x_wconf 66' lang='grc' dir='ltr'>ὅτ</span> <span class='ocrx_word' id='word_1_516' title='bbox 920 2894 1040 2921; x_wconf 84' lang='lat' dir='ltr'>nonus</span> <span class='ocrx_word' id='word_1_517' title='bbox 1064 2880 1103 2920; x_wconf 87' lang='lat' dir='ltr'>fit</span> <span class='ocrx_word' id='word_1_518' title='bbox 1130 2879 1251 2919; x_wconf 82' lang='lat' dir='ltr'>similis</span> <span class='ocrx_word' id='word_1_519' title='bbox 1283 2890 1355 2919; x_wconf 89' lang='lat' dir='ltr'>ter-</span> 
     </span>
     <span class='ocr_line' id='line_1_64' title="bbox 325 2933 1357 2983; baseline -0.004 -10"><span class='ocrx_word' id='word_1_520' title='bbox 325 2937 379 2973; x_wconf 82' lang='lat' dir='ltr'>tio</span> <span class='ocrx_word' id='word_1_521' title='bbox 395 2964 403 2978; x_wconf 98' lang='lat'>,</span> <span class='ocrx_word' id='word_1_522' title='bbox 432 2935 593 2972; x_wconf 73' lang='lat' dir='ltr'>&lt;lecimus</span> <span class='ocrx_word' id='word_1_523' title='bbox 615 2937 745 2983; x_wconf 77' lang='lat' dir='ltr'>quinto</span> <span class='ocrx_word' id='word_1_524' title='bbox 759 2964 768 2978; x_wconf 87' lang='lat'>,</span> <span class='ocrx_word' id='word_1_525' title='bbox 793 2934 1059 2972; x_wconf 75' lang='lat' dir='ltr'>&amp;undecimus</span> <span class='ocrx_word' id='word_1_526' title='bbox 1073 2933 1112 2971; x_wconf 80' lang='lat' dir='ltr'>fit</span> <span class='ocrx_word' id='word_1_527' title='bbox 1124 2940 1256 2982; x_wconf 84' lang='lat' dir='ltr'>quarto</span> <span class='ocrx_word' id='word_1_528' title='bbox 1271 2944 1333 2983; x_wconf 79' lang='lat' dir='ltr'>par</span> <span class='ocrx_word' id='word_1_529' title='bbox 1347 2961 1357 2977; x_wconf 93' lang='lat'>,</span> 
     </span>
     <span class='ocr_line' id='line_1_65' title="bbox 324 2982 1361 3034; baseline -0.013 -9"><span class='ocrx_word' id='word_1_530' title='bbox 324 2987 434 3025; x_wconf 63' lang='lat' dir='ltr'>tcl&#39;tiO</span> <span class='ocrx_word' id='word_1_531' title='bbox 455 2996 606 3034; x_wconf 65' lang='lat' dir='ltr'>quoque</span> <span class='ocrx_word' id='word_1_532' title='bbox 638 2983 877 3020; x_wconf 67' lang='lat' dir='ltr'>duodecimus</span> <span class='ocrx_word' id='word_1_533' title='bbox 902 3012 911 3026; x_wconf 85' lang='lat'>,</span> <span class='ocrx_word' id='word_1_534' title='bbox 950 2987 986 3021; x_wconf 72' lang='grc' dir='ltr'>ὃ(</span> <span class='ocrx_word' id='word_1_535' title='bbox 1007 2983 1297 3022; x_wconf 66' lang='lat' dir='ltr'>tertiusdecimus</span> <span class='ocrx_word' id='word_1_536' title='bbox 1321 2982 1361 3021; x_wconf 74' lang='lat' dir='ltr'>fit</span> 
     </span>
     <span class='ocr_line' id='line_1_66' title="bbox 329 3033 1359 3081; baseline -0.004 -6"><span class='ocrx_word' id='word_1_537' title='bbox 329 3036 450 3075; x_wconf 68' lang='lat' dir='ltr'>similis</span> <span class='ocrx_word' id='word_1_538' title='bbox 464 3033 622 3072; x_wconf 78' lang='lat' dir='ltr'>secundo</span> <span class='ocrx_word' id='word_1_539' title='bbox 637 3061 646 3076; x_wconf 92' lang='lat'>,</span> <span class='ocrx_word' id='word_1_540' title='bbox 659 3033 969 3081; x_wconf 70' lang='lat' dir='ltr'>quartusdecimus</span> <span class='ocrx_word' id='word_1_541' title='bbox 982 3035 1100 3080; x_wconf 75' lang='lat' dir='ltr'>primo</span> <span class='ocrx_word' id='word_1_542' title='bbox 1121 3063 1130 3078; x_wconf 95' lang='lat'>‚</span> <span class='ocrx_word' id='word_1_543' title='bbox 1152 3035 1255 3071; x_wconf 72' lang='lat' dir='ltr'>terti-1</span> <span class='ocrx_word' id='word_1_544' title='bbox 1269 3045 1359 3073; x_wconf 90' lang='lat' dir='ltr'>vero</span> 
     </span>
     <span class='ocr_line' id='line_1_67' title="bbox 328 3081 1360 3133; baseline -0.01 -4"><span class='ocrx_word' id='word_1_545' title='bbox 328 3085 533 3129; x_wconf 72' lang='lat' dir='ltr'>hebdomas</span> <span class='ocrx_word' id='word_1_546' title='bbox 556 3081 684 3124; x_wconf 77' lang='lat' dir='ltr'>cadem</span> <span class='ocrx_word' id='word_1_547' title='bbox 700 3082 783 3122; x_wconf 69' lang='lat' dir='ltr'>facit</span> <span class='ocrx_word' id='word_1_548' title='bbox 794 3093 886 3132; x_wconf 81' lang='lat' dir='ltr'>quae</span> <span class='ocrx_word' id='word_1_549' title='bbox 900 3084 1037 3131; x_wconf 74' lang='lat' dir='ltr'>prima:</span> <span class='ocrx_word' id='word_1_550' title='bbox 1066 3093 1192 3133; x_wconf 78' lang='lat' dir='ltr'>quarta</span> <span class='ocrx_word' id='word_1_551' title='bbox 1205 3084 1333 3126; x_wconf 83' lang='lat' dir='ltr'>eadem</span> <span class='ocrx_word' id='word_1_552' title='bbox 1349 3112 1360 3131; x_wconf 91' lang='lat'>‚</span> 
     </span>
    </p>
   </div>
   <div class='ocr_carea' id='block_1_15' title="bbox 1426 2463 1763 2514">
    <p class='ocr_par' dir='ltr' id='par_1_25' title="bbox 1426 2463 1763 2514">
     <span class='ocr_line' id='line_1_68' title="bbox 1426 2463 1763 2514; baseline 0.006 -13"><span class='ocrx_word' id='word_1_553' title='bbox 1426 2463 1506 2504; x_wconf 85' lang='lat' dir='ltr'>Lib.</span> <span class='ocrx_word' id='word_1_554' title='bbox 1531 2464 1582 2501; x_wconf 92' lang='lat' dir='ltr'>V.</span> <span class='ocrx_word' id='word_1_555' title='bbox 1605 2475 1656 2504; x_wconf 80' lang='lat' dir='ltr'>vs,</span> <span class='ocrx_word' id='word_1_556' title='bbox 1680 2477 1763 2514; x_wconf 80' lang='lat'>599.</span> 
     </span>
    </p>
   </div>
   <div class='ocr_carea' id='block_1_16' title="bbox 1477 2579 1578 2588">
    <p class='ocr_par' dir='ltr' id='par_1_26' title="bbox 1477 2579 1578 2588">
     <span class='ocr_line' id='line_1_69' title="bbox 1477 2579 1578 2588; baseline 0 0"><span class='ocrx_word' id='word_1_557' title='bbox 1477 2579 1578 2588; x_wconf 95' lang='lat' dir='ltr'> </span> 
     </span>
    </p>
   </div>
   <div class='ocr_carea' id='block_1_17' title="bbox 1479 2554 2385 2670">
    <p class='ocr_par' dir='ltr' id='par_1_27' title="bbox 1479 2554 2385 2670">
     <span class='ocr_line' id='line_1_70' title="bbox 1941 2554 2385 2615; baseline -0.032 -10"><span class='ocrx_word' id='word_1_558' title='bbox 1941 2568 2016 2605; x_wconf 84' lang='lat' dir='ltr'>iam</span> <span class='ocrx_word' id='word_1_559' title='bbox 2037 2576 2071 2603; x_wconf 88' lang='lat' dir='ltr'>te</span> <span class='ocrx_word' id='word_1_560' title='bbox 2090 2561 2228 2600; x_wconf 73' lang='lat' dir='ltr'>tollente</span> <span class='ocrx_word' id='word_1_561' title='bbox 2237 2554 2385 2615; x_wconf 68' lang='lat' dir='ltr'>furebat</span> 
     </span>
     <span class='ocr_line' id='line_1_71' title="bbox 1479 2617 2332 2670; baseline -0.035 1"><span class='ocrx_word' id='word_1_562' title='bbox 1479 2624 1636 2666; x_wconf 75' lang='lat' dir='ltr'><em>Pontus,</em></span> <span class='ocrx_word' id='word_1_563' title='bbox 1663 2629 1708 2657; x_wconf 57' lang='grc' dir='ltr'>(θ’</span> <span class='ocrx_word' id='word_1_564' title='bbox 1727 2619 1765 2657; x_wconf 83' lang='lat' dir='ltr'>in</span> <span class='ocrx_word' id='word_1_565' title='bbox 1781 2617 1932 2670; x_wconf 78' lang='lat' dir='ltr'>scopulos</span> <span class='ocrx_word' id='word_1_566' title='bbox 1955 2627 2050 2655; x_wconf 79' lang='lat' dir='ltr'><em>totas</em></span> <span class='ocrx_word' id='word_1_567' title='bbox 2071 2617 2226 2651; x_wconf 84' lang='lat' dir='ltr'>erexerat</span> <span class='ocrx_word' id='word_1_568' title='bbox 2246 2619 2332 2645; x_wconf 75' lang='lat' dir='ltr'>iras.</span> 
     </span>
    </p>
   </div>
   <div class='ocr_carea' id='block_1_18' title="bbox 1630 2587 1732 2598">
    <p class='ocr_par' dir='ltr' id='par_1_28' title="bbox 1630 2587 1732 2598">
     <span class='ocr_line' id='line_1_72' title="bbox 1630 2587 1732 2598; baseline 0 -2"><span class='ocrx_word' id='word_1_569' title='bbox 1630 2587 1732 2598; x_wconf 71' lang='lat' dir='ltr'>——n</span> 
     </span>
    </p>
   </div>
   <div class='ocr_carea' id='block_1_19' title="bbox 1785 2585 1889 2596">
    <p class='ocr_par' dir='ltr' id='par_1_29' title="bbox 1785 2585 1889 2596">
     <span class='ocr_line' id='line_1_73' title="bbox 1785 2585 1889 2596; baseline 0 0"><span class='ocrx_word' id='word_1_570' title='bbox 1785 2585 1889 2596; x_wconf 95' lang='lat' dir='ltr'> </span> 
     </span>
    </p>
   </div>
   <div class='ocr_carea' id='block_1_20' title="bbox 1428 2708 2345 2761">
    <p class='ocr_par' dir='ltr' id='par_1_30' title="bbox 1428 2708 2345 2761">
     <span class='ocr_line' id='line_1_74' title="bbox 1428 2708 2345 2761; baseline -0.016 -1"><span class='ocrx_word' id='word_1_571' title='bbox 1428 2723 1467 2760; x_wconf 68' lang='grc' dir='ltr'>δε</span> <span class='ocrx_word' id='word_1_572' title='bbox 1487 2722 1526 2760; x_wconf 88' lang='lat' dir='ltr'>in</span> <span class='ocrx_word' id='word_1_573' title='bbox 1546 2732 1585 2760; x_wconf 88' lang='lat' dir='ltr'>re</span> <span class='ocrx_word' id='word_1_574' title='bbox 1606 2721 1673 2760; x_wconf 81' lang='lat' dir='ltr'>alia</span> <span class='ocrx_word' id='word_1_575' title='bbox 1697 2722 1826 2761; x_wconf 89' lang='lat' dir='ltr'>eadem</span> <span class='ocrx_word' id='word_1_576' title='bbox 1848 2719 2002 2757; x_wconf 83' lang='lat' dir='ltr'>notione</span> <span class='ocrx_word' id='word_1_577' title='bbox 2025 2712 2104 2750; x_wconf 93' lang='lat' dir='ltr'>Lib.</span> <span class='ocrx_word' id='word_1_578' title='bbox 2125 2708 2193 2745; x_wconf 88' lang='lat' dir='ltr'>VI.</span> <span class='ocrx_word' id='word_1_579' title='bbox 2217 2719 2266 2746; x_wconf 86' lang='lat' dir='ltr'>vs.</span> <span class='ocrx_word' id='word_1_580' title='bbox 2287 2721 2345 2758; x_wconf 82' lang='lat'>91.</span> 
     </span>
    </p>
   </div>
   <div class='ocr_carea' id='block_1_21' title="bbox 1477 2809 2232 2924">
    <p class='ocr_par' dir='ltr' id='par_1_31' title="bbox 1477 2809 2232 2924">
     <span class='ocr_line' id='line_1_75' title="bbox 1477 2809 2232 2864; baseline -0.015 -8"><span class='ocrx_word' id='word_1_581' title='bbox 1477 2845 1550 2856; x_wconf 86' lang='grc'>--</span> <span class='ocrx_word' id='word_1_582' title='bbox 1601 2842 1671 2853; x_wconf 78' lang='lat'>..-</span> <span class='ocrx_word' id='word_1_583' title='bbox 1721 2843 1783 2851; x_wconf 91' lang='lat'>—</span> <span class='ocrx_word' id='word_1_584' title='bbox 1833 2811 2102 2864; x_wconf 75' lang='lat' dir='ltr'>talispiramine</span> <span class='ocrx_word' id='word_1_585' title='bbox 2124 2809 2232 2859; x_wconf 80' lang='lat' dir='ltr'>Ncfis.</span> 
     </span>
     <span class='ocr_line' id='line_1_76' title="bbox 1482 2862 2163 2924; baseline -0.028 -9"><span class='ocrx_word' id='word_1_586' title='bbox 1482 2876 1597 2924; x_wconf 85' lang='lat' dir='ltr'>Erigit</span> <span class='ocrx_word' id='word_1_587' title='bbox 1617 2873 1736 2923; x_wconf 74' lang='lat' dir='ltr'>elisum</span> <span class='ocrx_word' id='word_1_588' title='bbox 1760 2866 1923 2914; x_wconf 80' lang='lat' dir='ltr'>nebulosis</span> <span class='ocrx_word' id='word_1_589' title='bbox 1942 2874 2021 2900; x_wconf 82' lang='lat' dir='ltr'>aera</span> <span class='ocrx_word' id='word_1_590' title='bbox 2036 2862 2139 2912; x_wconf 81' lang='lat' dir='ltr'>saxis</span> <span class='ocrx_word' id='word_1_591' title='bbox 2152 2889 2163 2906; x_wconf 88' lang='lat'><em>,</em></span> 
     </span>
    </p>
   </div>
   <div class='ocr_carea' id='block_1_22' title="bbox 1429 2963 2456 3076">
    <p class='ocr_par' dir='ltr' id='par_1_32' title="bbox 1429 2963 2456 3076">
     <span class='ocr_line' id='line_1_77' title="bbox 1431 2963 2456 3022; baseline -0.01 -10"><span class='ocrx_word' id='word_1_592' title='bbox 1431 2977 1491 3014; x_wconf 88' lang='lat' dir='ltr'>ubi</span> <span class='ocrx_word' id='word_1_593' title='bbox 1519 2976 1633 3022; x_wconf 85' lang='lat' dir='ltr'>vulgo</span> <span class='ocrx_word' id='word_1_594' title='bbox 1652 2965 1976 3010; x_wconf 80' lang='lat' dir='ltr'>circumferebant:</span> <span class='ocrx_word' id='word_1_595' title='bbox 2007 2964 2157 3001; x_wconf 78' lang='lat' dir='ltr'>Emittit</span> <span class='ocrx_word' id='word_1_596' title='bbox 2171 2965 2328 3011; x_wconf 60' lang='lat' dir='ltr'>stygium</span> <span class='ocrx_word' id='word_1_597' title='bbox 2348 2963 2456 3012; x_wconf 51' lang='lat' dir='ltr'>nebnq</span> 
     </span>
     <span class='ocr_line' id='line_1_78' title="bbox 1429 3015 2423 3076; baseline -0.01 -14"><span class='ocrx_word' id='word_1_598' title='bbox 1429 3025 1504 3076; x_wconf 70' lang='lat' dir='ltr'>lost:</span> <span class='ocrx_word' id='word_1_599' title='bbox 1531 3032 1599 3064; x_wconf 84' lang='lat' dir='ltr'>cet.</span> <span class='ocrx_word' id='word_1_600' title='bbox 1625 3018 1804 3070; x_wconf 77' lang='lat' dir='ltr'>Adpoiite</span> <span class='ocrx_word' id='word_1_601' title='bbox 1826 3017 1995 3066; x_wconf 76' lang='lat' dir='ltr'>Virgilius</span> <span class='ocrx_word' id='word_1_602' title='bbox 2020 3015 2086 3054; x_wconf 80' lang='lat'>111.</span> <span class='ocrx_word' id='word_1_603' title='bbox 2110 3015 2205 3053; x_wconf 76' lang='lat' dir='ltr'>Aen.</span> <span class='ocrx_word' id='word_1_604' title='bbox 2229 3025 2278 3054; x_wconf 81' lang='lat' dir='ltr'>vs.</span> <span class='ocrx_word' id='word_1_605' title='bbox 2298 3027 2380 3066; x_wconf 77' lang='lat'>423.</span> <span class='ocrx_word' id='word_1_606' title='bbox 2419 3038 2423 3043; x_wconf 94' lang='lat'>-</span> 
     </span>
    </p>
   </div>
   <div class='ocr_carea' id='block_1_23' title="bbox 2375 3116 2456 3163">
    <p class='ocr_par' dir='ltr' id='par_1_33' title="bbox 2375 3116 2456 3163">
     <span class='ocr_line' id='line_1_79' title="bbox 2375 3116 2456 3163; baseline -0.049 -8"><span class='ocrx_word' id='word_1_607' title='bbox 2375 3116 2456 3163; x_wconf 55' lang='grc' dir='ltr'>8οῐ-Α</span> 
     </span>
    </p>
   </div>
   <div class='ocr_carea' id='block_1_24' title="bbox 1475 2305 2468 2357">
    <p class='ocr_par' dir='ltr' id='par_1_34' title="bbox 1475 2305 2468 2357">
     <span class='ocr_line' id='line_1_80' title="bbox 1475 2305 2468 2357; baseline 0.001 -11"><span class='ocrx_word' id='word_1_608' title='bbox 1475 2308 1690 2357; x_wconf 79' lang='lat' dir='ltr'>Flammiger</span> <span class='ocrx_word' id='word_1_609' title='bbox 1712 2323 1761 2347; x_wconf 84' lang='lat' dir='ltr'>an</span> <span class='ocrx_word' id='word_1_610' title='bbox 1787 2309 1893 2347; x_wconf 85' lang='lat' dir='ltr'>Titan</span> <span class='ocrx_word' id='word_1_611' title='bbox 1907 2339 1916 2354; x_wconf 90' lang='lat'>‚</span> <span class='ocrx_word' id='word_1_612' title='bbox 1944 2320 1986 2347; x_wconf 83' lang='lat' dir='ltr'>ut</span> <span class='ocrx_word' id='word_1_613' title='bbox 2006 2308 2138 2347; x_wconf 84' lang='lat' dir='ltr'>alentes</span> <span class='ocrx_word' id='word_1_614' title='bbox 2150 2308 2299 2348; x_wconf 80' lang='lat' dir='ltr'>hauriat</span> <span class='ocrx_word' id='word_1_615' title='bbox 2310 2310 2425 2349; x_wconf 77' lang='lat' dir='ltr'>undas</span> <span class='ocrx_word' id='word_1_616' title='bbox 2453 2305 2468 2355; x_wconf 63' lang='grc' dir='ltr'><strong><em>ζ</em></strong></span> 
     </span>
    </p>
   </div>
  </div>
 </body>
</html>
