2616 3686
441 147 462 224 s
515 183 876 237 minen
944 176 1689 237 111.'EPISTOLA
1755 193 1822 242 x.
2173 219 2266 261 ιι,

163 277 201 303 ²⁸
239 268 477 332 Deinde,
514 265 635 336 quia
657 276 711 318 te
736 262 1029 334 Spurinna,
1066 277 1188 314 cum
1217 259 1438 340 audiffes
1465 264 1700 318 recitafl'e
1725 282 1812 318 me
1859 270 1881 334 ζ
1893 279 1950 320 ut
1992 269 2122 323 mihi
2161 277 2267 342 ipse

186 336 391 404 dixisti)
432 337 560 408 quid
602 334 891 392 recitassem
917 371 933 396 ‚
981 331 1130 386 fimul
1157 331 1355 386 audisse
1380 333 1686 387 credebam.
1765 337 2044 392 Praeterea
2070 347 2268 398 veritus

160 414 323 472 zsum,
359 427 426 464 ne
466 408 724 462 vossestis
755 404 956 460 diebus>
977 402 1370 458 confunderem
1396 443 1412 466 ‚
1461 414 1478 433 ²
1503 404 1538 457 fi
1566 406 1617 459 in
1643 408 1955 462 memoriam
1985 413 2270 478 gravissimi

164 483 349 538 lucius
386 479 717 535 reduxiss'em.
793 477 949 531 Nunc
989 491 1208 545 quoque
1245 477 1505 546 paulisper
1558 477 1842 541 haesitavi,
1903 477 1915 502 ³
1963 481 2018 533 id
2065 481 2266 549 solum,

159 554 331 624 ‘quod
375 553 590 606 recitavi
622 590 638 615 ,
682 551 949 604 mitterem
988 547 1323 617 exigentibus
1356 549 1507 601 vobis
1531 587 1545 609 ‚
1604 567 1666 602 an
1696 548 2013 616 adjicerem,
2053 568 2187 620 quae
2212 558 2267 609 in

153 627 323 680 .aliud
349 627 597 678 volumen
624 622 805 691 cogito
835 619 1135 673 reservare?
1176 620 1368 691 Neque
1408 622 1550 674 enim
1585 620 1857 675 afleeiibus
1895 624 2026 676 meis
2065 640 2174 677 uno
2210 627 2266 678 li-

182 697 324 750 bello
370 696 678 748 carissimam
714 691 842 745 mihi
883 690 938 744 &
980 688 1346 744 sancliffimam
1385 693 1700 746 memoriam
1738 693 1986 765 prosequi
2027 694 2142 748 satis
2168 697 2269 751 est:

183 769 328 834 cuius
349 766 516 821 famae
538 766 685 818 latius
714 764 1050 826 consuletur,
1087 763 1122 816 si
1143 766 1160 790 ⁴
1187 763 1474 832 dispensata
1504 763 1557 816 &
1589 765 1785 834 digesta
1812 764 1988 819 fuerit.
2061 764 2270 823 Verum

183 839 445 893 haesitanti
473 837 599 890 mihi
624 876 641 898 ‚
690 837 865 888 omnia
892 874 906 897 ,
956 834 1231 905 quaejam·
1276 835 1597 905 composui,
1637 836 1788 889 vobis
1823 837 2164 901 exhiberem,
2203 858 2271 895 an

160 909 350 963 -adhuc
386 909 553 979 aliqua
587 907 856 962 differrem
885 945 900 969 ,
955 908 1233 976 simplicius
1276 907 1329 960 &
1370 918 1390 944 *⁵
1441 909 1658 961 amicius
1697 908 1861 962 visum
1900 911 1973 963 est
2003 948 2018 971 ‚
2059 913 2270 966 omnia:

176 982 454 1050 praecipue
482 997 605 1033 cum
631 977 908 1033 affirmetis
930 985 948 1006 ⁶
974 980 1108 1031 intra
1139 997 1230 1032 vos
1257 981 1433 1032 futura
1469 1017 1486 1043 ‚
1543 979 1722 1033 donec
1761 982 1961 1048 placeat
2002 982 2270 1038 emittere.

175 1051 339 1122 Quod
376 1052 630 1120 superest,
671 1066 836 1120 rogo,
873 1064 929 1104 ut
959 1052 1067 1120 pari
1095 1048 1456 1119 simplicitate,
1497 1050 1640 1118 fiqua
1666 1052 2026 1107 existimabitis
2065 1053 2268 1108 adden-

155 1123 277 1184 da,
325 1122 705 1177 commutanda
732 1162 746 1185 ‚
792 1123 1092 1176 omittenda
1135 1123 1395 1177 ind3ceti3.
1471 1122 1615 1176 Mihi
1648 1122 1872 1177 difficile
1898 1124 1973 1176 est
1994 1124 2268 1196 hucusque

172 1195 451 1249 intendere
487 1197 719 1248 animum
754 1197 809 1248 in
846 1195 1073 1248 dolore:
1115 1195 1129 1222 ⁷
1157 1195 1377 1248 difficile
1406 1196 1459 1248 δε
1486 1195 1658 1249 vobis.
1699 1195 1788 1249 sed
1829 1209 2007 1249 tamen
2042 1209 2101 1249 ut
2137 1198 2270 1252 scul-

156 1279 407 1337 :ptorem,
448 1281 504 1319 ut
528 1266 787 1337 pieiorem
814 1305 828 1327 ,
867 1267 957 1337 qui
982 1267 1073 1319 filii
1100 1266 1255 1320 vestri
1281 1268 1564 1338 imaginem
1589 1269 1789 1320 faceret
1820 1306 1834 1327 ‚
1877 1267 2270 1334 admonereris,

169 1337 299 1408 quid
343 1339 644 1408 exprimere
669 1376 684 1400 ,
729 1337 859 1408 quid
896 1337 1182 1391 emendare
1223 1337 1447 1392 deberet
1479 1357 1489 1392 :
1542 1340 1612 1392 ita
1650 1355 1736 1391 me
1764 1356 1983 1411 quoque
2009 1340 2270 1406 formate,

165 1408 368 1479 regite,
404 1410 496 1480 qui
527 1427 635 1464 non
658 1409 901 1479 fragilem
929 1410 983 1461 &
1010 1409 1300 1473 caducam,
1339 1408 1428 1464 sed
1452 1418 1470 1443 ⁸
1493 1411 1848 1465 immortalem
1875 1448 1891 1474 ,
1946 1425 2004 1465 ut
2040 1429 2135 1465 vos
2173 1430 2273 1484 pu-

2108 1495 2266 1558 tatiS‚

218 1616 234 1643 1
266 1605 441 1654 Deinde.]
483 1604 607 1643 Sensus
640 1603 687 1641 est
712 1617 720 1640 :
750 1613 773 1639 o
795 1603 994 1652 Spurinna,
1023 1603 1177 1649 deinde,

167 1666 251 1692 cuni
283 1652 432 1693 audisses
465 1667 526 1692 me
559 1652 718 1691 recitasse
750 1653 804 1690 ilia
828 1681 839 1697 ,
878 1662 918 1690 ut
939 1654 1068 1701 tuipse
1088 1657 1177 1693 inihi

164 1704 279 1744 dixisti
304 1718 313 1742 ε
351 1706 434 1755 quia
466 1704 569 1741 fimul
603 1705 711 1740 etiam
735 1703 924 1741 credebam
949 1703 1107 1748 audine,
1137 1708 1175 1743 &

163 1755 374 1802 cognovisse
398 1784 408 1800 ‚
445 1753 532 1805 quid
555 1753 750 1792 recitassem
775 1782 786 1798 ‚
812 1753 848 1791 id
869 1753 916 1792 est
937 1761 1054 1790 totam
1079 1755 1172 1792 sum-

163 1814 263 1842 mam
290 1808 350 1843 rei.
398 1807 465 1843 C».
481 1818 503 1843 ·r
520 1818 540 1841 A
556 1817 591 1840 u.
638 1803 825 1842 Mediceus
849 1816 857 1839 :
896 1805 1031 1841 Deinde
1067 1806 1173 1853 quia,

163 1856 338 1896 spurinna
353 1885 362 1900 ,
389 1856 462 1893 sine
486 1855 737 1893 Provocabulo
758 1863 800 1891 te.
823 1855 986 1892 &moxz
1016 1867 1094 1890 cum
1106 1868 1171 1890 au-

164 1903 242 1950 disse
277 1908 314 1942 &
346 1905 495 1954 recitasse
519 1932 530 1949 ,
566 1916 610 1942 ex
633 1916 708 1954 quo
731 1905 826 1942 forte
847 1903 992 1952 audiffet
1016 1905 1172 1953 Gryphii

168 1963 350 1999 provenit.

215 2015 234 2038 2
265 2007 295 2041 Si
319 2007 355 2042 in
377 2005 576 2042 memoriam
593 2017 699 2054 grav.
718 2004 997 2054 l.reduxiffem.]
1029 2006 1170 2045 Scilicet

160 2060 201 2088 ut
226 2054 396 2099 Iustinus,
422 2057 606 2093 Petronius
621 2083 630 2099 ,
659 2056 714 2093 alii
733 2054 771 2091 in
793 2056 999 2093 memoriam
1028 2069 1169 2094 revoca-

161 2115 197 2137 re
228 2105 408 2144 adhibent.
459 2106 510 2142 At
543 2105 729 2144 Mediceus
755 2119 763 2143 :
787 2104 819 2153 fi
841 2108 1062 2145 memoriam
1083 2121 1168 2155 gra-

160 2155 286 2200 viffimi
318 2158 428 2194 luctus
461 2154 674 2194 reduxiss'em
699 2185 709 2201 ,
747 2156 849 2206 quod
870 2167 988 2206 aeque
1010 2159 1166 2206 probum

160 2213 201 2240 :ie
225 2206 308 2242 illud
331 2208 486 2244 Senecae
510 2206 558 2243 ΙΙ.
581 2205 626 2243 de
648 2207 774 2245 Benef.
798 2218 874 2255 cap.
898 2208 962 2245 XI.
1016 2214 1098 2244 Non
1124 2209 1168 2254 est

156 2253 360 2299 instandum
376 2286 385 2301 ,
412 2270 478 2294 non
500 2257 543 2304 est
565 2258 744 2294 memoria
767 2258 972 2295 revocanda
997 2287 1007 2302 ,
1044 2258 1109 2306 nist
1128 2269 1169 2295 ut

157 2304 260 2340 aliud
296 2307 414 2344 dando
445 2307 566 2355 prioris
604 2307 818 2351 admoneas,
855 2308 916 2345 ubi
953 2309 1053 2356 plura
1089 2309 1168 2346 talia

158 2354 382 2395 Gronovius.
435 2359 559 2395 Potuit
586 2365 710 2394 tamen
750 2365 897 2405 propter
937 2357 1094 2396 litteram
1125 2363 1171 2393 Μ

156 2408 374 2453 praecedens
408 2414 467 2444 IN
497 2406 661 2445 excidere
684 2435 694 2451 ,
728 2416 767 2444 ut
799 2407 878 2446 alibi
914 2407 1051 2444 factum
1079 2408 1169 2445 vidi-

155 2466 248 2492 mus.
271 2470 382 2505 <piare
404 2459 488 2495 nihil
518 2460 681 2502 mutavi,
709 2469 756 2495 eo
776 2459 894 2494 minus
917 2485 927 2499 ‚
966 2458 1068 2505 quod
1099 2471 1166 2494 me-

145 2507 306 2542 -moriam
326 2511 480 2557 prosequi
501 2508 657 2557 seqnitur
671 2537 681 2552 ‚
710 2509 746 2544 ὃς
766 2507 861 2554 apud
886 2507 1051 2545 Tullium
1064 2509 1169 2546 alios-

157 2565 229 2605 que
251 2557 329 2595 satis
355 2557 522 2606 frequens
546 2558 586 2596 sit
607 2558 716 2595 redire
735 2558 770 2593 in
792 2558 1010 2595 memoriam.

209 2617 227 2654 3
268 2609 310 2644 ld
334 2608 499 2657 stolum]
541 2609 708 2655 ssongars.
740 2622 787 2643 an
817 2608 854 2643 id
871 2608 1009 2655 solum;
1041 2609 1167 2646 Oxori.

147 2667 210 2692 «an
222 2657 357 2706 solum,
385 2671 429 2696 ex
453 2657 585 2695 Glossa.
616 2659 800 2695 Secundus
823 2660 921 2695 enini
946 2660 1063 2707 priore
1086 2660 1170 2696 loeo

165 2716 212 2741 an
241 2710 407 2747 omittere
439 2709 526 2746 solet
558 2720 644 2746 cum
676 2711 834 2758 optimis.
891 2709 987 2747 Dico
1020 2709 1065 2745 ad
1091 2710 1169 2747 Lib.

166 2752 241 2810 VI..
264 2757 368 2806 Epist.
401 2759 503 2797 XVI.
536 2771 570 2796 n.
607 2772 659 2807 15.
694 2762 753 2797 ubi
783 2760 894 2808 vulgo
917 2759 1015 2797 idem
1039 2761 1169 2798 vitium

171 2801 358 2845 obtinebat.

219 2864 243 2899 4
265 2857 507 2908 Dispensata.]
537 2860 705 2903 Limata,
735 2860 925 2898 distributa.
954 2862 1110 2897 cami.

173 2948 176 2952 ,
222 2912 242 2948 5
269 2908 462 2956 Amic5u5.]
500 2911 590 2947 Non
622 2910 806 2947 amicitias.
862 2912 959 2948 Nam
995 2911 1041 2946 ab
1062 2910 1169 2947 amico

177 2958 260 2986 (0¹¹¹
289 2957 467 3014 ‘rativumx
484 2958 524 2996 fit
553 2962 698 2999 amicior
721 2990 732 3006 ,
769 2974 846 3010 quo
870 2961 1029 2999 Ovidius
1049 2962 1172 2998 utitur.

176 2998 235 3034 Ac
276 3012 378 3056 ‘cero
399 3007 600 3057 frequenter
621 3011 666 3048 ad
688 3012 856 3049 Atticum
880 3013 918 3049 &
942 3011 1145 3049 Lentulum
1161 3040 1171 3055 ‚

177 3049 218 3086 δ(
238 3047 361 3089 Livius
381 3053 459 3094 Lib.
478 3058 526 3099 ii.
546 3060 591 3099 ab
611 3061 698 3101 urbe
719 3062 865 3101 condita
889 3090 900 3108 ,
941 3072 983 3101 ac
1005 3062 1172 3101 Valerius

1246 1605 1326 1644 Lib.
1351 1608 1399 1645 V.
1429 1607 1496 1645 CA
1512 1619 1535 1644 τ
1552 1619 1571 1642 Α
1587 1617 1624 1642 N.
1664 1603 1800 1643 Medic.
1823 1605 1951 1643 Oxon.
1975 1606 2130 1644 Helmst.
2153 1608 2269 1648 Arnz·

1245 1655 1343 1693 voff.
1368 1658 1406 1694 δε
1430 1657 1500 1695 Ed.
1523 1657 1608 1693 Vet.
1632 1654 1696 1701 sim
1721 1655 1817 1690 licius
1836 1665 1879 1693 cy·
1899 1656 2043 1693 amicius
2067 1658 2185 1707 visum
2195 1660 2266 1706 est,

1244 1705 1363 1743 eiecto
1384 1706 1613 1744 Pronomine
1634 1705 1681 1741 mi
1693 1705 1719 1741 Ji
1744 1732 1754 1748 ,
1782 1705 1886 1752 quod
1907 1706 1980 1743 iam
2002 1705 2119 1745 Aldus
2142 1710 2266 1757 negle-

1245 1757 1295 1793 xit
1318 1783 1328 1800 ‚
1364 1758 1402 1795 ὅ(
1423 1764 1563 1793 temere
1585 1753 1665 1804 post
1688 1753 1777 1792 mihi
1799 1753 1994 1803 haefitanti
2017 1784 2027 1801 ,
2063 1757 2101 1795 in
2121 1759 2181 1798 tali
2203 1771 2267 1798 au-

1243 1805 1344 1844 &ore
1367 1835 1378 1852 ‚
1415 1808 1598 1848 iteratur,
1635 1816 1720 1841 cuin
1756 1806 1794 1842 &
1823 1805 1904 1843 alibi
1935 1809 2060 1844 reffius
2095 1809 2266 1855 videtur,

1243 1857 1411 1906 optimum
1427 1858 1536 1903 fafbu
1559 1855 1675 1904 visum
1701 1857 1739 1894 &
1761 1853 1887 1894 similia
1910 1855 1985 1894 fine
2004 1858 2265 1899 Provocabulo

1245 1906 1486 1955 proferantur.

1293 1957 1316 1992 6
1346 1963 1449 1994 Intra
1462 1971 1523 1994 vos
1528 1955 1706 2007 suturas]
1730 1958 1754 1995 i.
1775 1956 1963 1995 vobiscum
1992 1957 2085 1997 solis.
2112 1959 2267 2000 Banu.

1247 2007 1376 2044 Oxon.
1397 2008 1487 2044 inter
1512 2022 1585 2044 vos.

1294 2069 1311 2104 7
1343 2057 1491 2104 Difficile
1517 2085 1527 2101 ,
1563 2057 1663 2106 effa]
1705 2057 1878 2107 Supplevi
1898 2058 2027 2096 locum
2051 2058 2122 2098 fide
2144 2073 2265 2100 mem-

1239 2109 1431 2146 branarum
1451 2107 1626 2146 Francisei
1647 2108 1779 2147 Modii.
1831 2108 1933 2146 Prius
1957 2118 2053 2146 erat:
2077 2111 2115 2147 in
2139 2112 2264 2150 dolore.

1239 2157 1373 2205 difficile
1387 2186 1397 2203 ,
1417 2158 1481 2207 sed
1497 2169 1620 2195 tamen
1635 2187 1644 2203 ,
1671 2170 1741 2198 σε.
1770 2159 1958 2196 Gaura.
1988 2160 2164 2198 Modium
2178 2162 2263 2201 vide

1240 2210 1404 2246 Novant.
1428 2208 1535 2257 Epist.
1560 2209 1680 2246 CVII.
1704 2212 1742 2247 &
1772 2208 2065 2246 additamentum
2100 2211 2186 2248 illud
2219 2224 2263 2250 ca·

1240 2258 1338 2295 vobis
1373 2260 1445 2296 iam
1475 2259 1669 2296 Sicini-dus
1704 2262 1742 2296 &
1777 2259 1962 2306 Gryphius
2005 2259 2262 2306 expresserunt.

1241 2308 1365 2345 Nostri
1400 2310 1506 2347 MSS.
1541 2310 1708 2355 ignorant
1729 2336 1739 2350 ,
1771 2309 1809 2344 δε
1835 2308 1871 2344 in
1896 2307 2055 2354 Optimo
2081 2311 2191 2346 etiam
2210 2311 2262 2349 la-

1240 2369 1332 2394 cuna
1354 2360 1470 2395 maior
1489 2358 1660 2405 adparet,
1687 2360 1750 2406 qui
1773 2357 1821 2392 ita
1845 2355 1975 2404 scripsit
2000 2370 2008 2393 ε
2049 2358 2145 2395 Mihi
2172 2360 2263 2408 diffi-

1240 2407 1299 2443 cile
1319 2407 1385 2453 est;
1411 2408 1471 2454 seri
1495 2418 1616 2443 tamen
1639 2417 1679 2443 ut
1695 2407 1744 2456 sc.
1767 2408 1893 2443 ceteris
1917 2408 2060 2446 omissis.
2116 2410 2173 2447 Ex
2185 2423 2263 2460 quo

1239 2457 1275 2494 id
1298 2457 1435 2505 liquido
1459 2459 1660 2504 colligitur,
1685 2469 1771 2494 eum
1795 2455 1933 2503 difficile
1954 2456 1998 2504 est
2020 2459 2120 2498 bisin
2133 2472 2263 2499 exeni-

1240 2507 1324 2555 plari
1359 2505 1522 2555 reperisse
1547 2535 1557 2550 ‚
1597 2508 1635 2543 ὃ(
1667 2518 1687 2542 a
1717 2508 1837 2556 priore
1859 2506 1902 2543 ad
1926 2505 2098 2556 posterius
2123 2523 2168 2548 ex
2192 2513 2264 2549 irn-

1239 2557 1384 2606 proviso
1409 2555 1617 2594 tranfiliiffe.
1645 2557 1734 2596 Mea
1756 2557 1931 2595 sententia
1963 2559 2131 2597 laciniam
2164 2561 2263 2600 illam

1239 2620 1282 2646 ω’
1310 2607 1405 2645 vobis
1429 2619 1505 2645 non
1525 2607 1681 2644 multum
1716 2606 1891 2645 desiderat
1924 2608 2027 2647 Plinii
2049 2611 2264 2658 elegantia,

1238 2659 1298 2696 sed
1323 2659 1462 2706 optime
1487 2657 1653 2706 procedit
1675 2660 1793 2695 oratio
1818 2686 1829 2702 ‚
1870 2656 1895 2693 si
1913 2660 2178 2706 antiquissimos
2201 2672 2266 2699 co-

1241 2709 1336 2746 dices
1359 2709 1627 2757 exprimamus:
1661 2708 1753 2746 Mihi
1773 2707 1907 2754 difficile
1925 2708 1968 2755 est
2002 2709 2177 2759 hucusque
2207 2711 2264 2748 in-

1239 2761 1377 2796 tendere
1399 2760 1561 2800 animum
1585 2759 1622 2795 in
1644 2758 1781 2796 dolore.-
1812 2757 1950 2803 difficile
1972 2758 2040 2805 cst;
2063 2760 2123 2807 fini
2141 2772 2266 2800 tamen

1240 2820 1306 2847 cet.
1363 2811 1571 2858 Rogaverat
1596 2837 1605 2853 ,
1644 2817 1716 2853 ut,
1753 2820 1846 2858 quae
1886 2808 2051 2847 addenda
2074 2819 2136 2848 aut
2160 2824 2266 2849 com-

1241 2860 1417 2898 mutanda
1452 2859 1696 2898 existimarent
1720 2887 1730 2904 ,
1779 2859 1988 2897 indicarent.
2044 2860 2086 2897 in
2137 2861 2266 2901 dolore

1239 2911 1311 2948 hoc
1334 2910 1483 2959 quidem
1500 2939 1510 2953 ‚
1543 2910 1576 2947 se
1598 2911 1714 2958 ipsum
1742 2910 1947 2948 immiscens
1969 2909 2068 2948 addit
2091 2940 2102 2956 ‚
2129 2912 2265 2959 difficile

1240 2961 1305 3008 est;
1328 2963 1394 3009 sed
1427 2972 1547 2997 mmm
1572 2969 1639 2997 cet.
1688 2958 1836 2997 Deinde
1859 2958 2052 2999 Mediceus
2062 2963 2265 3012 scriptorem

1240 3013 1348 3050 habet
1366 3040 1376 3056 ‚
1403 3023 1469 3060 pro
1483 3010 1708 3061 sculptorem.

1295 3063 1316 3100 8
1347 3060 1632 3150 immortalfim]
1664 3062 1874 3101 Literarum
1895 3063 1996 3102 enim
2018 3070 2263 3147 monumsegita

1577 3123 1597 3150 e
1623 3122 1644 3149 2
2201 3121 2256 3147 ..ι-
