2616 3686
533 194 932 247 *Litana
999 194 1066 249 v,
1131 195 1705 248 EPISTOLA
1771 200 1917 249 vm.
2047 259 2049 261 ¹

381 269 477 336 Tu
502 276 684 331 tamen
704 274 811 344 jam
838 287 981 326 nunc
1007 272 1188 340 cogita
1213 309 1228 333 ‚
1276 286 1414 342 quae
1440 271 1773 342 potissimum
1799 275 1812 295 ¹
1839 287 2083 342 tempora
2108 293 2291 348 aggre-

162 297 312 362 peto.

2200 220 2291 278 363

164 363 294 416 diar.
367 355 385 375 ²
422 349 627 408 Vetera
666 346 721 400 &
757 344 949 416 scripta
983 344 1138 397 aliis?
1188 357 1366 412 parata
1402 343 1676 414 inquisitio
1703 383 1718 406 ,
1756 344 1848 398 sed
1890 346 2109 401 onerosa
2136 352 2293 406 colla-

163 431 276 488 tio?
316 438 332 468 ³
352 423 546 483 intaeta
573 422 628 477 δι
654 418 824 476 nova?
865 418 884 444 ⁴
903 433 1090 489 graves
1117 414 1347 472 offensae
1372 455 1388 482 ,
1426 417 1553 472 levis
1593 417 1775 488 gratia.

168 668 266 708 Aldi.
304 668 418 707 Gnu
433 679 542 706 τειι.
579 661 739 703 Minime
762 660 800 699 in
833 658 920 698 Aldi
942 659 1089 699 officina
1113 662 1185 710 pri-

169 732 275 758 mum
297 729 378 758 nata
399 718 447 756 est
467 715 619 765 vulgaris
640 712 750 751 lectio
775 741 786 758 ,
822 711 882 750 sed
907 711 1084 751 Gruterus
1104 722 1185 751 tan-

167 769 365 808 tummodo
397 768 568 818 decipitur
595 765 760 804 Palatino
792 763 882 808 suo,
920 763 1118 813 quomodo
1147 765 1185 801 &

168 820 271 859 nobis
296 821 526 869 imponerent
557 813 759 855 Helmstad.
791 816 831 853 δε
863 814 977 852 Arnz.
1012 816 1120 853 MSS.
1160 814 1185 852 sl

168 870 334 909 meliores
364 869 548 907 consulere
577 879 656 906 non
683 864 846 905 licuisset.
885 865 986 903 Nam
1009 868 1047 904 in
1071 866 1183 904 ArnZ.

167 920 215 958 est
232 920 370 969 prorsus
391 921 438 959 ita
461 919 630 969 scriptum
646 948 657 965 ,
682 926 724 956 ut
744 920 781 957 in
791 917 903 955 Palat.
919 918 957 956 ὃς
970 917 1064 956 Edd.
1078 917 1181 956 Vett.

163 970 364 1010 Paullulum
390 971 462 1010 abit
480 969 635 1009 Helmst.
658 972 722 1021 qui
744 969 923 1018 praefert:
952 969 1051 1007 debeo
1075 985 1086 1005 :

161 1019 261 1059 terim
293 1034 380 1072 quae
400 1022 520 1061 veniet
541 1035 582 1060 ne
603 1034 625 1058 a
638 1022 711 1069 sor.
748 1018 853 1058 Voff.
870 1018 970 1057 debeo
994 1033 1002 1056 ;
1041 1030 1107 1057 aut
1127 1022 1183 1059 in-

161 1073 265 1110 terim
293 1074 439 1111 veniam
470 1084 510 1111 ut
541 1086 582 1112 ne
614 1074 723 1120 asor.
753 1073 882 1110 Oxon.
911 1073 1012 1119 Qae
1034 1072 1180 1110 interim

160 1124 289 1161 veniet.
342 1124 397 1162 At
441 1123 764 1163 Praestantiffimus
811 1120 1006 1161 Mediceus
1032 1136 1041 1160 :
1071 1123 1183 1164 debeo.

162 1174 303 1224 Ideoque
328 1176 472 1214 interim
505 1176 649 1214 veniam
669 1203 681 1221 ‚
721 1176 761 1214 &
791 1187 835 1211 ne
865 1185 887 1210 a
930 1175 1023 1214 meis
1065 1175 1182 1213 verbis

160 1223 338 1264 discedam
363 1255 373 1273 ,
407 1227 612 1266 advocandi
638 1235 726 1276 peto.
780 1225 882 1262 Huic
910 1225 1033 1275 itaque
1055 1237 1182 1264 veram

155 1274 356 1316 lectionem
386 1279 425 1317 in
456 1278 644 1328 posterum
678 1276 914 1320 debebimus,
942 1277 1060 1315 modo
1094 1277 1188 1315 illud·

155 1338 200 1367 ω’
220 1327 295 1367 five
318 1340 404 1366 cum
425 1330 498 1368 aliis
522 1326 645 1368 Codd.
667 1330 848 1372 eiiciatur,
874 1325 949 1366 sive
969 1340 1054 1366 cum
1078 1327 1181 1366 Voff.

156 1379 196 1416 ὅ(
218 1379 319 1417 Aldo
343 1381 381 1418 in
401 1390 441 1417 ut
463 1386 726 1418 commutetur.
777 1379 905 1426 Vulgo
928 1379 972 1417 ab
992 1379 1093 1418 Aldo
1123 1392 1182 1418 ac-

155 1438 350 1478 ceperant:
380 1430 523 1480 Ideoque
552 1430 696 1468 interim
724 1429 870 1468 veniam
891 1429 960 1476 (ne
982 1443 1003 1466 a
1029 1430 1182 1469 forensi-

154 1478 220 1518 bus
253 1481 371 1518 verbis
402 1481 602 1527 recedam)
636 1480 843 1518 advocandi
862 1488 949 1527 peto.
1004 1482 1072 1520 Sed
1095 1483 1182 1522 illud

155 1531 332 1579 discedam
366 1543 411 1568 ex
443 1531 503 1568 tali
525 1529 666 1567 Codice
690 1531 848 1567 omnino
870 1530 1041 1577 praeferri
1063 1544 1182 1571 mere-

156 1589 237 1626 tut,
266 1584 304 1620 8(
326 1580 524 1630 forenfibus
558 1589 686 1617 natum
721 1579 769 1617 est
800 1590 845 1616 ex
879 1578 1002 1616 Gloffa
1021 1584 1065 1618 τὲ
1087 1584 1181 1622 meis.

155 1632 292 1672 Plinius
324 1633 423 1671 enim
448 1661 457 1678 ‚
495 1632 558 1681 qui
591 1638 669 1668 tota
702 1628 847 1679 epistola
880 1629 1083 1669 actionibus
1114 1635 1182 1674 suis

157 1683 228 1721 sese
252 1684 436 1722 intentum
459 1680 530 1720 esse
552 1680 744 1731 profitetur
766 1709 777 1726 ,
815 1681 956 1730 optime
971 1682 1042 1729 sua
1065 1685 1179 1722 verba

158 1742 292 1778 vocat,
322 1745 415 1785 quae
439 1732 484 1770 ad
507 1732 630 1770 forum
654 1734 842 1781 pertinent.
880 1730 1037 1771 Forense
1053 1745 1177 1775 autem

158 1785 209 1823 est
230 1786 377 1823 veniam
395 1784 599 1821 advocandi
609 1794 740 1833 petere,
766 1784 788 1822 i.
810 1790 954 1831 tempus
978 1785 1175 1825 &moram

158 1836 364 1883 postulare,
414 1843 454 1872 ut
482 1836 586 1872 liceat
619 1835 758 1872 amicos
787 1832 966 1872 advocare
989 1863 998 1878 ‚
1027 1847 1111 1874 cum
1135 1839 1176 1877 iis

161 1885 354 1925 deliberare
378 1915 388 1931 ,
416 1885 503 1934 quid
525 1885 566 1924 sit
599 1885 818 1923 faciendum.
857 1885 913 1922 Sic
938 1885 1071 1924 Cicero
1094 1889 1175 1927 Lib.

160 1933 250 1972 V11.
274 1936 375 1973 Fam.
398 1936 504 1985 Epist.
528 1936 592 1974 XI.
616 1948 650 1974 n.
677 1949 707 1975 1.
758 1941 828 1986 Ego
859 1935 1019 1974 omnibus
1040 1966 1050 1983 ‚
1084 1941 1178 1978 unde

158 1986 291 2032 petitur
317 2015 327 2031 ‚
355 1986 415 2023 hoc
436 1986 565 2035 confilii
586 1987 736 2025 dederim
758 2016 767 2033 ,
795 1998 835 2025 ut
858 1999 878 2022 a
895 1986 1044 2037 singulis
1067 1991 1177 2028 inter-

159 2035 294 2083 regibus
326 2036 427 2074 binas
459 2037 716 2076 advocationes
741 2037 919 2088 postulent.
949 2039 995 2077 ibi
1025 2041 1097 2079 iam
1120 2043 1178 2082 alii

159 2094 333 2125 notarunt
367 2090 490 2127 Senec.
520 2087 566 2125 ad
595 2089 709 2126 Marc.
741 2101 818 2138 cap.
838 2089 882 2127 X.
928 2089 1030 2127 Nihil
1054 2093 1094 2130 de
1116 2091 1178 2130 ho-

159 2134 281 2172 dierna
312 2139 366 2176 die
392 2139 621 2186 promittitur.
642 2140 748 2177 nimis
769 2153 940 2190 magnam
964 2141 1179 2182 advocatio-

159 2195 245 2241 nem
277 2189 360 2226 dedi
385 2205 396 2225 .·
435 2188 523 2226 nihil
545 2190 586 2227 de
608 2189 672 2226 hac
695 2191 781 2228 hora
807 2219 818 2234 ‚
844 2191 905 2228 ubi
930 2203 1008 2230 rem
1033 2196 1177 2244 egregie

159 2235 327 2277 illustrant
352 2239 490 2288 Lipsius
511 2242 549 2278 &
572 2241 758 2280 Gruterus.
786 2242 872 2279 Con
882 2254 940 2280 TE.

212 2300 227 2325 1
258 2295 287 2325 T
286 2290 461 2340 empera]
492 2292 665 2338 Quorum
688 2302 898 2341 temporum
919 2293 1079 2333 historias
1098 2296 1177 2334 scri-

158 2336 292 2376 bendas
314 2341 570 2389 aggrediamur.
600 2343 702 2382 Car
720 2355 789 2380 AN.
818 2344 1016 2393 Optimus:
1046 2351 1097 2383 Tu
1117 2357 1174 2383 ta-

158 2401 238 2425 men
269 2391 387 2429 immo
416 2405 508 2429 nunc
539 2394 645 2439 cogita
671 2423 681 2439 ‚
717 2407 804 2441 quae
837 2394 1071 2443 pottffimum,
1099 2409 1177 2445 quo

157 2447 326 2488 ternpore
346 2442 544 2491 adgrediar.
570 2443 626 2480 Ex
650 2445 777 2493 quibus
798 2446 968 2482 ultimum
996 2448 1149 2483 verbum
1166 2476 1176 2492 ,

156 2491 258 2540 quod
281 2494 319 2530 3<
342 2495 377 2530 in
401 2494 540 2531 Aldinis
562 2494 683 2532 vifitur
707 2523 718 2539 ,
745 2494 819 2533 sme
839 2494 1076 2533 haesitatione
1098 2498 1175 2534 vul-

159 2550 243 2588 gato
269 2543 522 2591 adgrediamur
556 2545 720 2583 substitui.
772 2546 937 2583 Primum
963 2545 1049 2583 illud
1069 2547 1176 2586 immo

161 2601 370 2642 corruptum
410 2593 480 2632 esse
517 2596 648 2632 censeo
672 2625 682 2641 ‚
722 2606 909 2645 teneoque
953 2595 1026 2632 iam
1074 2611 1176 2637 nunc.

163 2639 305 2699 Media:
332 2658 420 2694 quae
438 2645 644 2693 potiffi'mum
660 2675 669 2692 ,
697 2661 760 2696 quo
784 2654 931 2696 tempore
950 2647 1090 2694 prorsus
1105 2650 1176 2688 Pli-

166 2700 267 2730 mana
288 2695 357 2734 effe
379 2696 524 2739 iudico;
553 2696 610 2734 sed
634 2710 680 2734 ne
701 2701 736 2735 in
760 2700 879 2745 paucis
892 2696 1175 2738 verlibusmulta

171 2737 270 2795 fiUmu1
289 2747 521 2785 immutarem
545 2776 555 2792 ,
591 2750 705 2786 textui
728 2748 859 2786 inferre
883 2749 994 2786 nolui.
1014 2762 1101 2798 quac
1118 2761 1177 2800 po-

175 2790 325 2836 ”fimum
355 2799 389 2835 h.
421 2810 532 2848 quam
557 2809 695 2848 partem
720 2799 889 2837 historiae
913 2828 922 2844 ‚
948 2799 1031 2843 seu,
1058 2811 1098 2839 ut
1121 2802 1176 2840 di-

177 2835 260 2892 serte
276 2843 383 2886 sc'ribit
403 2860 438 2886 n.
461 2861 516 2896 14.
553 2863 662 2900 quam
685 2849 886 2887 materiam.
913 2853 992 2899 {Quo
1006 2861 1152 2901 tempore
1167 2884 1176 2899 ‚

180 2897 202 2922 ¹·
219 2899 327 2946 [quo
345 2904 510 2948 tempore
532 2929 542 2945 ,
579 2910 641 2938 aut
664 2903 765 2938 cuius
786 2903 962 2948 temporis
985 2929 996 2945 ,
1023 2914 1100 2950 quo
1124 2915 1179 2941 re-

179 2935 321 2981 sD¹ciunt
344 2957 432 2986 mox
461 2961 581 2988 vetera
615 2954 653 2991 &
675 2949 783 2988 nova'.
838 2951 958 2999 iungit
980 2959 1180 3003 utrumque

183 2984 255 3044 fin?
277 2991 410 3051 Copula
430 3012 469 3038 ea
482 3001 654 3050 elegantia
668 3031 678 3047 ‚
706 3013 776 3052 qua
790 3002 880 3040 infra
897 3003 976 3040 Lib.
989 3004 1058 3040 VI.
1073 3005 1180 3052 Epist.

183 3035 320 3077 XMV·
348 3053 449 3102 9⁰⁰5·
483 3053 602 3099 ,Quam
635 3053 790 3090 multum
821 3052 960 3102 interest
984 3081 996 3099 ,
1023 3055 1136 3106 quid,
1164 3069 1181 3094 a

183 3099 259 3137 ‘1¹¹0
274 3089 353 3137 fiat.
370 3094 429 3133 ubi
447 3099 543 3146 plura
560 3103 818 3154 adscripsimus.

1126 970 1201 1007 ιήἑή

1243 1075 1298 1105 »ut
1321 1070 1439 1108 voluit
1462 1069 1626 1108 Barthius
1654 1080 1662 1104 :

1855 414 1867 441 ⁵
1903 415 2042 471 Nam
2081 436 2294 549 prae-tgr

2205 513 2222 549 1
2278 535 2296 562 2

1306 671 1327 696 2
1359 664 1484 698 Vetera
1505 659 1549 698 ὠ»
1562 657 1699 708 scripta
1721 656 1841 708 aliis]
1872 657 1998 698 Totus
2018 659 2121 698 Iocus
2141 661 2189 698 ita
2203 664 2293 702 con:

1259 710 1329 759 cipi
1349 710 1480 749 debet:
1512 717 1634 747 Vetera
1657 721 1701 748 cy
1722 711 1848 760 scripta
1873 711 1984 748 aliis?
2018 720 2153 760 parata
2173 713 2293 763 inqui-

1252 759 1357 810 sitio,
1379 763 1444 810 sed
1463 762 1602 807 onerosa
1625 761 1789 806 collatio,
1817 762 1956 799 intaeta
1982 773 2026 802 (φ’
2052 775 2177 801 nova?
2201 778 2288 812 gra..

1259 826 1320 849 ves
1340 811 1485 862 offensae
1511 842 1521 857 ,
1556 812 1642 849 levis
1663 814 1797 860 gratia.
1851 813 1909 851 Sic
1929 819 2031 850 amat
2054 814 2160 862 loqui
2180 815 2290 854 Cice-

1258 874 1301 900 ro
1316 890 1326 907 ‚
1355 862 1402 900 slc
1424 864 1560 903 Plinius
1576 891 1585 906 ‚
1615 864 1673 901 vel
1694 862 1778 901 vide
1799 863 1908 912 Epist.
1931 863 2077 901 XVIII.
2102 865 2184 904 Lib.
2198 866 2291 906 Vll.

1258 915 1485 953 CASAUBON.
1522 914 1717 951 Vocabula
1738 913 1912 964 inquisitio
1937 916 1975 953 ὃς
1994 914 2131 953 collatio
2153 919 2293 956 inversa

1258 963 1330 1003 esse
1356 976 1449 1015 puto
1477 997 1487 1013 ‚
1515 964 1820 1015 scribendumque
1845 978 1852 1001 ε
1879 974 2012 1014 parata
2035 965 2172 1005 collatio
2195 997 2206 1013 ,
2224 970 2293 1017 sed

1257 1017 1398 1066 onerosa
1419 1016 1603 1067 inquisitio.
1632 1016 1660 1054 B
1675 1029 1696 1053 A
1710 1029 1735 1053 R
1752 1029 1774 1053 T
1789 1028 1824 1052 11.
1850 1016 2005 1054 Pessime
2028 1018 2076 1054 ita
2099 1018 2291 1067 scriberes,

1703 1073 1843 1104 Parata
1866 1066 1910 1114 est
1934 1067 2114 1117 inquifitio
2138 1071 2176 1107 &
2202 1069 2290 1110 faci..

1256 1120 1320 1164 lis,
1349 1121 1434 1170 quia
1456 1120 1643 1170 scriptores
1663 1118 1757 1156 bene
1781 1118 1917 1156 multos
1938 1118 2091 1155 habebat
2106 1147 2116 1162 ,
2139 1132 2184 1156 ex
2208 1123 2289 1170 qui-

1257 1170 1322 1208 bus
1345 1179 1469 1210 vetera
1492 1171 1711 1220 depromere
1732 1177 1877 1218 poterat
1904 1191 1927 1213 ‚-
1950 1167 2010 1206 sed
2037 1171 2178 1216 onerosa
2210 1182 2289 1209 erat

1256 1220 1417 1268 collatio,
1444 1221 1470 1260 fi
1494 1234 1539 1260 ex
1558 1229 1616 1260 tot
1635 1221 1863 1270 scriptoribus
1889 1249 1900 1265 ‚
1926 1220 1991 1270 qui
2012 1219 2148 1269 saepius
2171 1219 2290 1259 diver-

1256 1271 1386 1311 siffima
1409 1274 1685 1323 perscripserunt
1708 1300 1719 1317 ,
1746 1273 1940 1310 veritatem
1966 1270 2096 1309 elicere
2110 1299 2120 1315 ‚
2149 1278 2212 1309 aut
2235 1271 2289 1323 di3

1255 1324 1370 1362 versas
1392 1327 1583 1364 1ententias
1604 1325 1699 1363 inter
1720 1323 1755 1362 se
1778 1322 1947 1360 conferre
1967 1320 2131 1361 debebat.

1305 1386 1324 1424 3
1357 1375 1531 1424 Intaffta]
1547 1375 1743 1424 Tempora
1754 1385 1833 1411 non
1845 1373 2017 1422 descripta
2030 1373 2074 1411 ab
2085 1374 2160 1412 ullo
2174 1402 2186 1419 ,
2199 1377 2289 1425 qua·=

1252 1425 1298 1462 lia
1311 1436 1411 1465 erant
1423 1426 1747 1475 Vespafianorum,
1762 1424 1969 1468 Nervae,&
1983 1424 2148 1472 Trajani.
2177 1426 2287 1464 Non-

1256 1475 1346 1512 dum
1360 1478 1459 1514 enim
1469 1478 1623 1515 Tacitus
1638 1478 1676 1514 &
1688 1474 1924 1524 Tranquillus
1937 1474 2011 1512 suas
2022 1474 2182 1513 historias
2195 1489 2287 1516 con-

1255 1526 1481 1575 scripserant,
1494 1539 1579 1564 cum
1591 1528 1683 1565 haec
1695 1525 1884 1564 destinaret
1908 1525 2106 1564 Secundus.
2132 1528 2289 1569 CATAN.

1306 1589 1329 1622 4
1357 1583 1497 1616 Graves
1519 1576 1703 1628 offensae]
1735 1578 1825 1615 Sunt
1850 1576 1992 1613 futurae
2015 1576 2192 1616 molestae
2219 1581 2289 1619 ini-

1258 1628 1418 1666 micitiae
1450 1629 1635 1678 scripturo.
1674 1629 1848 1665 Arduum
1870 1628 2016 1664 videtur
2033 1655 2044 1672 ,
2075 1627 2187 1666 refert
2213 1629 2288 1668 Sal-

1250 1676 1399 1723 lustius,
1427 1693 1479 1716 res
1507 1678 1617 1729 gestas
1642 1678 1791 1729 scribere
1816 1706 1826 1721 ‚
1860 1678 2020 1728 primum
2052 1680 2145 1729 quod
2177 1680 2288 1726 safta

1256 1729 1359 1766 dictis
1387 1731 1621 1779 exaequanda
1633 1730 1724 1779 sunt
1749 1743 1758 1766 ε
1799 1729 1924 1766 deinde
1945 1728 2029 1778 quia
2047 1730 2203 1780 plerique
2223 1733 2284 1770 de-

1255 1779 1361 1825 litia,
1390 1793 1478 1831 quae
1500 1779 1779 1831 reprehenderis,
1812 1779 2071 1818 malevolentia
2085 1782 2288 1832 &invidia

1255 1830 1348 1868 diota
1369 1841 1513 1881 putant.
1541 1833 1657 1870 IDEM.

1303 1897 1322 1933 ς
1353 1889 1452 1921 Nam
1482 1884 1647 1933 praeterii
1678 1883 1820 1935 quod.]
1862 1882 2006 1922 Turbat
2030 1883 2161 1921 <tortos
2183 1886 2283 1926 viros

1249 1933 1310 1972 hic
1328 1935 1443 1974 locus.
1482 1935 1548 1972 Tu
1570 1936 1651 1985 lege
1674 1964 1684 1980 ‚
1715 1941 1814 1971 Nam
1834 1943 1971 1984 praeter
1995 1934 2031 1972 id
2057 1963 2067 1979 ,
2094 1935 2188 1984 quod
2208 1947 2284 1975 eye.

1251 1987 1351 2025 Nihil
1369 1989 1447 2038 jam
1470 1987 1620 2036 planius.
1650 1988 1819 2025 Ceston.
1844 1992 1940 2023 Nam
1964 1987 2129 2036 praeterii
2146 1987 2281 2038 quod.]

1251 2038 1334 2075 Nec
1362 2040 1454 2077 haec
1485 2038 1654 2087 scriptura
1687 2037 1832 2075 sincera.
1871 2037 1981 2075 Palat.
2022 2038 2148 2076 enim:
2176 2043 2282 2075 Hane

1246 2097 1430 2137 praeterea
1457 2090 1549 2139 quod
1575 2118 1584 2134 ,
1613 2100 1682 2126 nec
1714 2090 1814 2126 aliter
1848 2086 2136 2126 Mediolanenfis
2156 2087 2282 2128 editio.

1248 2139 1455 2190 Anonyma
1477 2148 1602 2178 autem
1625 2141 1706 2178 illa:
1736 2145 1792 2176 Ac
1813 2148 1990 2188 praeterea
2005 2167 2016 2184 ,
2039 2149 2112 2177 σε.
2141 2139 2230 2177 Dixi
2243 2141 2282 2178 in

1246 2189 1489 2240 suspicionum
1510 2191 1634 2229 libellis
1650 2220 1660 2236 ,
1685 2190 1884 2238 legendum
1908 2191 2023 2228 videri
2047 2188 2136 2225 levis
2145 2189 2280 2236 gratia.

1246 2251 1436 2288 praetereo
1460 2242 1552 2291 quod
1574 2242 1614 2278 in
1643 2242 1755 2278 tantis
1770 2270 1780 2285 ‚
1807 2251 1877 2279 σε.
1901 2252 2024 2289 neque
2037 2238 2155 2275 adhuc
2170 2247 2279 2277 muto

1246 2292 1474 2331 sententiam.
1532 2293 1642 2329 Certe
1679 2289 1863 2329 diverfitas
1900 2292 2002 2327 vocis
2030 2288 2280 2337 praecedentis

1250 2341 1439 2380 falsitatem
1464 2343 1563 2380 suam
1590 2354 1636 2378 eo
1662 2342 1737 2389 ipso
1762 2342 1840 2377 satis
1863 2339 1994 2388 prodit.
2035 2340 2067 2376 G
2086 2351 2109 2375 r<
2126 2352 2150 2375 υ
2168 2352 2279 2379 Ten.

1250 2397 1349 2429 Nam
1367 2391 1540 2444 praeterii.
1556 2390 1567 2439 ]
1601 2392 1778 2429 Gruterus
1791 2389 1937 2428 inducta
1949 2390 2120 2438 particula
2133 2391 2155 2428 i.
2168 2396 2277 2428 Prae-

1247 2453 1334 2479 tereo
1351 2471 1360 2486 ,
1389 2444 1480 2493 quod
1501 2443 1537 2479 in
1562 2442 1675 2478 tantis
1691 2471 1700 2485 ‚
1728 2453 1797 2480 σε.
1836 2441 1933 2477 Mox
1957 2453 2023 2490 pro
2048 2451 2125 2478 tum
2148 2439 2177 2487 [ἱ
2197 2440 2281 2479 lau.

1247 2494 1393 2531 daz-eris
1417 2523 1426 2538 ,
1466 2493 1589 2530 malim
1617 2505 1624 2528 ε
1653 2505 1738 2529 cura
1762 2521 1772 2537 ‚
1803 2490 1838 2541 si
1859 2491 2068 2530 laudaveris
2092 2520 2102 2537 ‚
2125 2500 2277 2541 parcus,

1245 2555 1315 2582 σε.
1345 2545 1552 2581 Bucar-:nn
1584 2543 1728 2580 Scribo:
1762 2549 1861 2579 Nam
1886 2552 2027 2592 practer
2048 2543 2110 2588 id,
2137 2544 2279 2593 quodin

1247 2596 1361 2631 tantis
1385 2603 1449 2632 cet.
1479 2595 1631 2632 Bruttii.
1671 2594 1850 2633 Gruterus
1871 2602 1974 2642 putat
1996 2595 2080 2631 illul
2104 2606 2190 2630 nam
2215 2594 2279 2632 dc-

1245 2645 1397 2683 lendum
1424 2675 1434 2690 ‚
1471 2656 1562 2682 mox
1596 2644 1823 2682 scribendum
1852 2654 2038 2694 praetereo.
2066 2645 2278 2685 Buclmerus

1246 2696 1344 2734 addit
1377 2710 1454 2733 cum
1481 2695 1516 2745 fi
1547 2686 1804 2743 <Vcenhu1ius
1835 2697 1930 2733 male
1951 2696 2062 2734 edidit
2085 2709 2194 2740 cura,
2220 2696 2278 2745 si,

1249 2759 1333 2784 nam
1370 2749 1460 2785 vitio
1493 2747 1715 2795 typographi
1749 2746 1795 2783 sic
1830 2748 1959 2793 legitur
1988 2746 2084 2796 apud
2108 2747 2278 2786 Buchne-

1249 2811 1354 2840 rum,
1383 2798 1484 2847 quod
1518 2798 1669 2846 quilibet
1700 2798 1886 2845 intellig'tl
1924 2810 1992 2847 pro
2025 2808 2103 2835 tum
2131 2796 2166 2844 si
2197 2798 2278 2836 scri-

1248 2849 1423 2886 bendum.
1479 2849 1573 2885 Mihi
1607 2849 1708 2885 :tiit-:r
1741 2847 1788 2886 est
1812 2847 1941 2886 visum.
1993 2850 2090 2887 Puto
2114 2859 2279 2898 namque

1250 2902 1405 2938 Plinium
1433 2899 1478 2936 sic·
1502 2897 1668 2947 stripsiffe
1693 2912 1701 2935 ε
1742 2905 1838 2936 Nam
1863 2909 2000 2948 praeter
2022 2900 2061 2936 id
2089 2929 2097 2945 ‚
2128 2901 2220 2949 quod
2239 2899 2279 2937 in

1251 2952 1364 2988 tantis
1389 2951 1490 2989 vitiis
1513 2949 1697 2986 hominum
1718 2950 1822 2998 plura
1844 2950 2115 3000 culpandasunt
2134 2979 2142 2994 ‚
2168 2964 2280 3000 quam

1249 3002 1436 3038 laudanda
1452 3031 1461 3045 ‚
1487 2999 1609 3049 tumst
1630 2999 1838 3037 laudaveris
1853 3029 1863 3045 ‚
1890 3011 2010 3042 parcus
2028 3031 2037 3046 ,
2065 3001 2249 3050 ficulparis
2265 3028 2276 3045 ‚

1253 3053 1383 3089 nimius
1397 3052 1496 3101 fuisse
1508 3051 1622 3088 diceris
1638 3053 1706 3088 &c
1737 3053 1952 3090 Scrissrun.
1981 3053 2174 3090 Vexssimc
2188 3063 2277 3087 con-

1255 3105 1338 3142 iecit
1373 3102 1605 3192 Casauborilus
1639 3103 1677 3139 ὅ(
1708 3103 1896 3150 Bar-thius,
1924 3103 2148 3144 scribendum
2174 3099 2242 3137 effe
2266 3112 2274 3135 :

1606 3163 1626 3191 z
1654 3163 1675 3190 2

2341 315 2401 352 12

2341 450 2398 501 ¹3

2176 3155 2278 3197 Namv
2343 3170 2346 3173 -
