2616 3686
631 169 1978 232 DEPLINIIEP15T‚

284 276 368 334 111.
405 283 736 334 Prima‘editio
761 281 1061 345 epistolarum
1090 284 1229 330 Plinii
1255 283 1322 332 est
1352 301 1409 333 ex
1441 287 1678 336 Ludovici
1708 293 1931 341 Carbonis
1966 299 2233 348 recensione
2257 337 2270 360 ,
2309 307 2402 356 fine

219 351 326 399 loco
357 350 407 399 &
438 349 734 414 typographo
769 348 817 394 in
847 348 926 395 fol.
966 363 1037 394 an.
1082 364 1220 409 1471.
1259 351 1475 397 excusam
1508 351 1704 400 testatur
1735 357 1826 402 Vir
1870 359 2022 406 Claris.
2060 363 2212 410 Mich.
2250 369 2396 418 Mait-

218 415 336 464 taire
369 416 539 464 Annal.
580 413 882 477 Typograph.
932 428 975 474 p.
1013 429 1090 471 91.
1141 414 1190 461 ἃ
1225 415 1371 461 refert
1403 417 1635 463 editorem
1665 418 1713 465 in
1749 421 2046 470 Praefatione
2077 426 2146 473 his
2183 442 2397 482 utentem

214 482 368 529 verbis
403 498 413 529 :
468 478 713 526 Lndovicus
751 477 890 522 Carbo
928 478 1019 525 Sal.
1066 478 1173 524 Plu.
1217 480 1321 524 dicit
1365 480 1644 540 lllastriffimo
1697 483 1752 534 {9³
1802 487 2153 547 Excellentiffimo
2200 492 2397 557 Principe·

213 543 391 604 Borfio,
429 545 551 591 Daci
581 544 784 591 Matinae
803 557 854 588 ac
884 543 1049 606 Regii,
1100 544 1353 590 Marchioni
1387 546 1551 606 Estenst
1569 579 1585 605 ‚
1631 550 1867 611 Comitique
1904 553 2091 616 Rodigii.
2165 557 2398 608 Gratatari

214 602 466 672 licet'fi’cnlo
493 609 651 669 nostro,-
686 609 814 654 Dive
849 609 999 670 Borst,
1036 609 1149 655 Dax
1171 610 1557 671 praestantiffime3
1592 615 1638 658 in
1677 630 1755 674 quo
1791 627 1900 663 certe
1934 623 2189 679 optirnarum
2231 628 2396 673 artium

204 678 353 742 studia
390 677 574 722 maxime
602 674 833 735 floreant3
876 676 1109 735 eloquentia
1146 675 1201 727 ὃ
1236 678 1424 738 legitima
1462 680 1540 724 illa
1583 680 1766 725 eruditio
1794 681 1926 744 snam
1972 686 2142 733 tandem
2181 689 2302 737 decus
2344 707 2394 737 a-

208 742 407 807 gnostat3
443 744 488 787 in
509 741 814 802 pristinamque
844 739 1094 801 dignitatem
1125 741 1323 802 restituta
1341 746 1407 804 stt
1430 776 1444 802 ‚
1491 744 1591 790 adeo
1622 748 1710 792 late
1738 757 1885 807 pateat
1918 752 2118 798 Romana
2164 754 2219 805 [9³
2257 757 2396 803 Grae-

216 825 266 857 ca
284 807 494 869 facundia
523 837 539 864 ‚
585 815 634 852 ut
650 805 754 866 J'am
791 805 847 857 ὅ
880 806 1000 851 Galli
1033 805 1088 857 ἐξ
1119 807 1332 853 Britanni
1371 809 1493 855 bonos
1529 821 1715 858 oratores
1753 812 1808 864 {9³
1840 825 1987 874 poetas
2031 818 2183 866 habere
2212 822 2394 869 videan-

196 885 286 922 ,tur
306 889 322 920 .·
366 872 426 917 ad
452 885 579 932 qaam
611 871 777 933 quidem
804 885 894 917 rem
926 872 1287 929 commodiffimnm
1321 874 1617 933 arly'umentum
1647 878 1955 938 praestiterunt
1997 885 2243 943 nobiltffima
2284 888 2395 934 Ger·

209 952 431 987 manorum
459 938 647 998 ingenia,
683 937 756 997 qai
779 936 1138 998 artificiofifflmas
1171 939 1542 998 imprimendorum
1563 943 1765 989 librorum
1779 943 1952 1005 formas
1979 953 2270 1012 excogitarunt
2292 990 2304 1011 ‚
2342 965 2391 1000 ut

198 1003 598 1067 sapientifflmornm
628 1006 848 1049 auHorunt
879 1003 1072 1061 plurima
1093 1006 1231 1062 stmul
1260 1004 1397 1051 eodem
1436 1009 1631 1068 temporis
1666 1021 1854 1056 nomento
1888 1015 2110 1061 volumina
2149 1018 2193 1063 in
2218 1029 2392 1078 promtu

203 1071 331 1131 cffint
364 1086 379 1126 3
426 1083 639 1131 omnesque
676 1068 888 1129 atilisstmi
942 1068 1096 1114 codices
1130 1068 1183 1120 δέ
1224 1072 1270 1115 in
1309 1087 1462 1133 insigna
1504 1075 1619 1134 copia
1663 1073 1724 1125 &⁴
1771 1077 1816 1121 in
1855 1077 2011 1125 leviore
2039 1080 2194 1142 fiimtu
2232 1087 2387 1142 parari

202 1136 362 1197 poffint
398 1169 514 1181 .....
572 1134 854 1195 Inprimisque
903 1132 983 1180 has
1025 1134 1164 1180 Plinii
1212 1138 1389 1182 Secundi
1421 1139 1622 1198 Jnnioris
1666 1140 1880 1200 Epistolas
1911 1157 2034 1204 opera
2068 1161 2159 1192 mea
2193 1151 2390 1196 emenda·

205 1211 277 1248 tas
326 1203 607 1261 correbiasqne
662 1198 970 1260 impreffitribas
1011 1201 1103 1261 mist
1122 1238 1134 1257 ‚
1171 1209 1245 1259 at,
1283 1203 1394 1263 qnod
1422 1206 1679 1263 rariffimam
1709 1207 1786 1266 effi>
1802 1207 1971 1268 solebat
1994 1249 2006 1270 ,
2041 1212 2142 1272 jam
2176 1230 2388 1263 commune

208 1268 394 1314 omnibus
432 1266 530 1327 fieri
572 1266 764 1326 incipiat.
830 1265 948 1311 Hinc
980 1264 1147 1327 recusae
1168 1267 1278 1327 sant
1312 1269 1542 1331 Neapoliv
1565 1288 1624 1319 ex
1663 1274 1990 1335 recognitione
2027 1279 2218 1340 Juniani
2260 1283 2386 1345 Maji

207 1330 550 1393 Parthenopaei
585 1369 597 1390 ,
655 1347 739 1393 per
770 1330 1030 1377 Matthiam
1063 1332 1324 1379 Moravum
1369 1338 1506 1395 1476.
1561 1336 1640 1383 fol.
1678 1338 1945 1387 Mediolani
1984 1352 2122 1403 1478.
2169 1344 2248 1392 fol.
2302 1363 2386 1409 per

206 1397 474 1459 Philippum
513 1396 570 1442 de
611 1395 852 1458 Lavagnia
875 1433 888 1454 ,
935 1396 1363 1456 Mediolanensem,
1403 1400 1605 1449 Tarvifii
1635 1410 1773 1463 1483.
1811 1419 1858 1463 4.
1895 1421 1979 1467 per
2000 1409 2233 1470 Joannem
2261 1412 2385 1460 Ver-

206 1463 406 1510 cellium.
476 1459 615 1508 Plinii
651 1460 700 1508 ἃ
742 1459 937 1523 Trajani
979 1461 1217 1523 Epistolae
1260 1477 1450 1511 mutuae
1491 1479 1536 1524 4.
1592 1466 1688 1513 fine
1731 1469 1841 1515 anni
1893 1470 1942 1517 ἃ
1980 1472 2072 1519 loci
2117 1477 2379 1525 notatione,

205 1527 439 1589 Epistolae
466 1564 479 1584 ,
540 1525 855 1588 Panegyricus
900 1523 952 1571 δε
993 1525 1050 1572 de
1101 1527 1234 1574 V-iris
1280 1527 1533 1576 ,illustribus
1576 1546 1621 1588 4.
1669 1531 1765 1578 fine
1802 1548 1925 1580 anno
1969 1535 2019 1583 &
2059 1538 2178 1587 loco.
2249 1542 2382 1590 Hinc

207 1592 482 1654 prodierunt
518 1592 701 1636 Romae
738 1605 808 1634 an.
852 1603 987 1646 1490.
1025 1605 1068 1648 4.
1104 1605 1190 1651 per
1221 1591 1505 1639 Eucharium
1541 1595 1721 1653 Silber,
1770 1597 1878 1644 alias
1921 1601 2102 1648 Franck
2124 1640 2136 1661 ‚
2184 1607 2380 1655 natione

205 1657 552 1711 Alemannum,
592 1666 783 1700 curante
819 1652 1084 1714 Pomponio
1118 1657 1269 1702 Laeto
1292 1693 1304 1711 ‚
1345 1657 1421 1718 qui
1454 1658 1500 1703 in
1541 1659 1684 1720 Epist.
1723 1660 2012 1711 dedicatoria
2050 1667 2106 1713 ad
2144 1669 2381 1719 Varjnum

204 1722 491 1784 Jambertum
521 1717 785 1764 Innocentii
810 1719 944 1764 VIII.
983 1716 1224 1765 Pontificis
1254 1720 1513 1767 ministrum
1550 1739 1575 1769 a
1621 1725 1833 1772 cubiculo
1865 1729 2042 1776 collatis
2085 1748 2111 1779 a
2146 1733 2191 1780 se
2219 1735 2270 1783 <Sc
2307 1753 2377 1784 re-

203 1785 374 1834 volutis
407 1782 599 1830 vetustis
637 1781 973 1842 exemplaribus
1007 1784 1274 1831 emendatas
1309 1786 1443 1832 Plinii
1476 1787 1703 1848 Epistolas
1740 1789 1944 1839 testatur.
2016 1796 2178 1845 Exstat
2199 1798 2250 1847 ἃ
2277 1802 2378 1849 ecli-

204 1851 273 1897 tio
298 1847 596 1896 Bononiensis
619 1863 644 1894 a
668 1849 739 1910 Jo.
780 1847 996 1909 Jucundo
1027 1848 1289 1896 Veronensi
1325 1850 1436 1898 Ord.
1487 1851 1647 1900 Praed.
1687 1855 1744 1902 ad
1775 1857 1882 1904 MS.
1930 1858 2180 1910 Parifiense
2216 1880 2375 1913 emen-

204 1916 312 1962 data
337 1950 348 1971 ‚
396 1912 446 1960 ἃ
487 1929 513 1960 a
544 1912 769 1959 Beroaldo
802 1912 1027 1960 recensita
1051 1929 1121 1960 an.
1165 1924 1302 1973 1498.
1340 1931 1384 1975 4.
1426 1915 1543 1980 (non
1582 1929 1719 1977 1488.
1759 1934 1811 1968 ut
1850 1925 2071 1972 excusum
2104 1928 2154 1974 in
2187 1929 2370 1978 Novel-

204 1980 258 2029 lis
292 1979 426 2039 Reip.
473 1977 750 2024 Litterariae
785 1991 856 2023 an.
900 1985 1036 2037 1708.
1086 1979 1348 2027 Novembr.
1387 1998 1429 2043 p.
1470 1983 1605 2046 596.)
1643 1984 1693 2032 ἅ
1727 1987 1972 2036 Tarvifina
2004 2008 2014 2039 ε
2062 1993 2255 2042 Veneta
2293 1996 2370 2044 iti-

202 2045 309 2092 dem
343 2042 553 2090 Beroaldi
590 2056 727 2100 1501.
764 2057 808 2101 4.
857 2043 979 2104 apud
1012 2044 1310 2092 Albertinum
1338 2047 1712 2107 VerceHensem,
1751 2068 1870 2114 quae
1900 2054 2066 2104 librum
2089 2073 2265 2107 nonum
2296 2062 2374 2110 ad-

197 2106 411 2173 junctum
448 2108 587 2154 habet
608 2144 620 2165 ,
660 2123 766 2154 cum
807 2108 985 2169 primae
1019 2109 1248 2156 editiones
1282 2125 1463 2159 tantum
1488 2113 1626 2161 libros
1657 2115 1764 2163 octo
1792 2118 2084 2181 exhibeant,
2123 2122 2174 2171 δι
2204 2125 2372 2174 librum

200 2174 258 2220 de
288 2172 416 2219 Viris
448 2171 726 2220 Illustribus:
765 2185 864 2219 tum
899 2175 1089 2221 Veneta
1126 2175 1246 2236 apud
1278 2177 1450 2224 Aldum
1487 2193 1558 2226 an.
1601 2195 1738 2240 1504.
1782 2192 1918 2241 1508,
1962 2200 2101 2246 1514·
2144 2199 2283 2247 1513‘
2325 2199 2366 2245 8·

197 2239 246 2284 in
274 2238 434 2301 quibus
465 2254 523 2284 ex
556 2237 832 2285 membranis
867 2238 1056 2286 Gallicis
1093 2241 1148 2286 ab
1183 2240 1375 2303 Aloysio
1406 2244 1668 2292 Mocenico
1705 2248 1930 2296 Senator-e
1963 2251 2158 2300 Veneto
2192 2255 2240 2300 in
2275 2257 2368 2302 Ita-

197 2303 304 2350 liam
330 2302 490 2350 adlatis
515 2302 630 2350 liber
654 2303 859 2349 decimus
883 2302 931 2350 &
955 2303 1041 2350 alia
1062 2305 1283 2351 nonnulla
1310 2306 1620 2368 accesserunt,
1660 2327 1776 2372 quae
1808 2313 1853 2358 in
1880 2313 2108 2374 prioribus
2144 2318 2368 2367 desidera·

198 2369 377 2415 bantur.
447 2367 604 2413 Editio
627 2366 936 2428 Epistolarum
963 2367 1102 2415 Plinii
1133 2370 1304 2417 Aldina
1338 2372 1466 2419 velut
1497 2374 1727 2435 prioribus
1765 2377 1903 2439 longe
1938 2379 2095 2427 futura
2128 2398 2365 2431 commen-

195 2432 372 2489 datior,
411 2445 659 2494 antequam
690 2431 923 2493 prodiret,
962 2435 1288 2481 commendata
1326 2436 1416 2483 fuit
1447 2439 1502 2484 ab
1541 2438 1729 2486 Erasmo
1761 2440 1807 2486 in
1850 2442 2018 2506 adagio
2043 2443 2204 2506 festina
2241 2451 2364 2496 lente.

191 2498 350 2558 Atque
383 2496 587 2543 -testatur
620 2497 766 2543 Aldus
794 2533 806 2552 ‚
854 2497 1036 2558 praesto
1077 2497 1158 2544 fibi
1189 2498 1320 2561 fuisse
1357 2515 1415 2546 ex
1469 2502 1630 2548 Galliis
1674 2504 1847 2552 adlatas
1889 2511 2179 2559 membranas
2225 2514 2364 2580 longe

190 2559 538 2619 vetustiffimas,
578 2558 628 2607 δε
661 2561 717 2607 ad
763 2561 901 2608 Plinii
933 2575 1136 2610 aetatem
1170 2564 1383 2624 proxime
1423 2567 1713 2615 accedentes.
1764 2570 1955 2619 -Editio
2001 2574 2193 2625 Veneta
2243 2582 2365 2642 apud

188 2625 364 2673 Aldum
398 2640 468 2671 an.
512 2634 650 2684 1518.
692 2633 732 2678 8.
772 2641 879 2672 cum
905 2628 1028 2674 notis
1050 2627 1190 2673 MSS.
1229 2628 1319 2675 fuit
1351 2629 1397 2675 in
1421 2631 1712 2679 Bibliotheca
1743 2634 2161 2688 Almeloveeniana
2179 2658 2224 2704 p.
2253 2651 2359 2694 226,

189 2691 321 2738 Hinc
358 2691 523 2738 excusa
553 2691 857 2753 Argentorati
895 2706 1034 2751 1514.
1071 2707 1129 2738 ex
1160 2693 1211 2738 B.
1243 2694 1489 2751 Rhenani3
1526 2694 1576 2743 <Se
1607 2697 1810 2746 Basileae
1846 2715 1985 2758 1521.
2023 2720 2068 2763 4.
2107 2704 2157 2753 &
2193 2709 2361 2758 eodem

188 2771 311 2804 anno
338 2764 378 2810 8.
418 2754 469 2802 δι
506 2760 642 2814 1526.
683 2756 804 2817 apud
831 2756 1165 2815 Cratandrum3
1201 2772 1288 2805 nec
1311 2773 1404 2805 non
1436 2761 1700 2809 Florentiae
1724 2765 1845 2827 apud
1879 2765 2146 2830 Philippum
2171 2773 2360 2834 Juntam

191 2836 329 2880 1515.
371 2829 411 2875 8.
462 2819 512 2868 ὃς
556 2821 866 2884 Nurnbergae
912 2838 1048 2882 1520.
1087 2838 1130 2881 4.
1170 2837 1361 2870 curante
1389 2826 1564 2887 Jacobo
1590 2828 1807 2876 Lochero
1846 2831 2142 2892 1>hilomus03
2193 2836 2243 2884 ὅ(
2274 2839 2359 2887 Pa-

187 2885 263 2933 ris.
305 2900 444 2945 1529.
485 2895 526 2941 8.
566 2886 686 2948 apud
709 2887 829 2933 Rob.
868 2887 1153 2950 Stephanum
1182 2903 1288 2935 cum
1320 2888 1434 2936 libro
1468 2891 1647 2939 Aurelii
1673 2892 1882 2942 Victoris
1917 2896 1974 2944 de
2007 2898 2137 2947 Viris
2170 2902 2358 2951 Illustri-

187 2950 292 3008 bus3
334 2950 384 2999 &
423 2951 570 3014 Lugd.
608 2951 731 3013 apud
754 2950 928 3000 Sebast.
970 2953 1234 3016 Gryphium
1274 2968 1411 3015 1531.
1456 2970 1593 3017 1539.
1635 2966 1674 3012 8.
1715 2974 1820 3006 cum
1845 2959 2138 3025 Panegyrico
2162 3003 2175 3024 ‚
2212 2968 2358 3017 Libro

190 3012 247 3061 de
283 3015 412 3065 Viris
444 3015 722 3076 Illustribus,
760 3017 985 3066 Suetonio
1017 3017 1067 3068 &
1090 3018 1390 3083 Obsequente
1426 3018 1476 3067 &
1508 3022 1800 3087 Antverpiae
1838 3039 1974 3087 1542.
2016 3035 2057 3086 8.
2096 3027 2145 3078 δι
2174 3029 2358 3082 Pariliis

1218 3082 1451 3134 *ἢέἣὲἥέῆξ2
2235 3098 2357 3160 apud
