<?xml version="1.0" encoding="UTF-8"?>
<!DOCTYPE html PUBLIC "-//W3C//DTD XHTML 1.0 Transitional//EN"
    "http://www.w3.org/TR/xhtml1/DTD/xhtml1-transitional.dtd">
<html xmlns="http://www.w3.org/1999/xhtml" xml:lang="en" lang="en">
 <head>
  <title>
</title>
<meta http-equiv="Content-Type" content="text/html;charset=utf-8" />
  <meta name='ocr-system' content='tesseract 3.04.00' />
  <meta name='ocr-capabilities' content='ocr_page ocr_carea ocr_par ocr_line ocrx_word'/>
</head>
<body>
  <div class='ocr_page' id='page_1' title='image "./caiipliniicaecil00plin_0508.png"; bbox 0 0 2616 3686; ppageno 0'>
   <div class='ocr_carea' id='block_1_1' title="bbox 310 177 2279 274">
    <p class='ocr_par' dir='ltr' id='par_1_1' title="bbox 310 177 2279 274">
     <span class='ocr_line' id='line_1_1' title="bbox 310 177 2279 274; baseline -0.02 -2"><span class='ocrx_word' id='word_1_1' title='bbox 310 216 413 274; x_wconf 79' lang='lat'><em>444</em></span> <span class='ocrx_word' id='word_1_2' title='bbox 594 205 653 253; x_wconf 90' lang='lat' dir='ltr'><em>c.</em></span> <span class='ocrx_word' id='word_1_3' title='bbox 719 177 1108 250; x_wconf 63' lang='lat' dir='ltr'>PL1N1&#39;1</span> <span class='ocrx_word' id='word_1_4' title='bbox 1173 186 1680 243; x_wconf 71' lang='lat' dir='ltr'><em>CAeciLu</em></span> <span class='ocrx_word' id='word_1_5' title='bbox 1747 185 2279 237; x_wconf 77' lang='lat' dir='ltr'><strong>SECUan.</strong></span> 
     </span>
    </p>
   </div>
   <div class='ocr_carea' id='block_1_2' title="bbox 312 264 2459 499">
    <p class='ocr_par' dir='ltr' id='par_1_2' title="bbox 312 264 2459 499">
     <span class='ocr_line' id='line_1_2' title="bbox 312 264 2455 342; baseline -0.004 -8"><span class='ocrx_word' id='word_1_6' title='bbox 312 279 582 336; x_wconf 80' lang='lat' dir='ltr'><em>avuncu10</em></span> <span class='ocrx_word' id='word_1_7' title='bbox 609 278 853 334; x_wconf 80' lang='lat' dir='ltr'><em>nuncius,</em></span> <span class='ocrx_word' id='word_1_8' title='bbox 930 272 1089 329; x_wconf 86' lang='lat' dir='ltr'><em>Haec</em></span> <span class='ocrx_word' id='word_1_9' title='bbox 1114 285 1451 342; x_wconf 83' lang='lat' dir='ltr'><em>nequaquam</em></span> <span class='ocrx_word' id='word_1_10' title='bbox 1479 265 1693 320; x_wconf 81' lang='lat' dir='ltr'>historia</span> <span class='ocrx_word' id='word_1_11' title='bbox 1724 264 1918 335; x_wconf 87' lang='lat' dir='ltr'>digna,</span> <span class='ocrx_word' id='word_1_12' title='bbox 1956 269 1977 291; x_wconf 88' lang='lat'><em>¹·</em></span> <span class='ocrx_word' id='word_1_13' title='bbox 1999 282 2107 320; x_wconf 91' lang='lat' dir='ltr'><em>non</em></span> <span class='ocrx_word' id='word_1_14' title='bbox 2136 265 2455 337; x_wconf 42' lang='lat' dir='ltr'><em>scripturum</em></span> 
     </span>
     <span class='ocr_line' id='line_1_3' title="bbox 313 336 2459 424; baseline -0.007 -16"><span class='ocrx_word' id='word_1_15' title='bbox 313 348 492 424; x_wconf 83' lang='lat' dir='ltr'><em>leges,</em></span> <span class='ocrx_word' id='word_1_16' title='bbox 534 352 586 405; x_wconf 85' lang='lat'>&amp;</span> <span class='ocrx_word' id='word_1_17' title='bbox 627 349 723 405; x_wconf 86' lang='lat' dir='ltr'><em>tibi</em></span> <span class='ocrx_word' id='word_1_18' title='bbox 760 350 958 404; x_wconf 87' lang='lat' dir='ltr'><em>scilicet</em></span> <span class='ocrx_word' id='word_1_19' title='bbox 984 386 1000 409; x_wconf 92' lang='lat'>,</span> <span class='ocrx_word' id='word_1_20' title='bbox 1038 346 1129 416; x_wconf 90' lang='lat' dir='ltr'><em>qui</em></span> <span class='ocrx_word' id='word_1_21' title='bbox 1155 341 1412 416; x_wconf 76' lang='lat' dir='ltr'><em>requiiisti</em></span> <span class='ocrx_word' id='word_1_22' title='bbox 1439 379 1456 406; x_wconf 90' lang='lat'>,</span> <span class='ocrx_word' id='word_1_23' title='bbox 1495 337 1856 410; x_wconf 83' lang='lat' dir='ltr'><em>²imputabis.,</em></span> <span class='ocrx_word' id='word_1_24' title='bbox 1896 336 2120 409; x_wconf 86' lang='lat' dir='ltr'>fidigna</span> <span class='ocrx_word' id='word_1_25' title='bbox 2149 356 2217 394; x_wconf 86' lang='lat' dir='ltr'><em>ne</em></span> <span class='ocrx_word' id='word_1_26' title='bbox 2243 340 2459 412; x_wconf 66' lang='lat' dir='ltr'><em>epistola</em></span> 
     </span>
     <span class='ocr_line' id='line_1_4' title="bbox 317 419 1102 499; baseline -0.009 -18"><span class='ocrx_word' id='word_1_27' title='bbox 317 426 542 499; x_wconf 86' lang='lat' dir='ltr'><em>quidem</em></span> <span class='ocrx_word' id='word_1_28' title='bbox 568 423 913 479; x_wconf 80' lang='lat' dir='ltr'><em>videbuntur.</em></span> <span class='ocrx_word' id='word_1_29' title='bbox 949 419 1102 475; x_wconf 83' lang='lat' dir='ltr'><em>Vale.</em></span> 
     </span>
    </p>
   </div>
   <div class='ocr_carea' id='block_1_3' title="bbox 530 561 2279 651">
    <p class='ocr_par' dir='ltr' id='par_1_3' title="bbox 530 561 2279 651">
     <span class='ocr_line' id='line_1_5' title="bbox 530 561 2279 651; baseline -0.007 1"><span class='ocrx_word' id='word_1_30' title='bbox 530 594 713 651; x_wconf 89' lang='lat' dir='ltr'>XXI.</span> <span class='ocrx_word' id='word_1_31' title='bbox 787 591 856 645; x_wconf 87' lang='lat' dir='ltr'><em>C.</em></span> <span class='ocrx_word' id='word_1_32' title='bbox 932 588 1368 643; x_wconf 70' lang='lat' dir='ltr'>PL1N1us</span> <span class='ocrx_word' id='word_1_33' title='bbox 1440 584 1900 640; x_wconf 75' lang='lat' dir='ltr'>CANINIO</span> <span class='ocrx_word' id='word_1_34' title='bbox 1974 561 2152 638; x_wconf 82' lang='lat' dir='ltr'><em>Suo</em></span> <span class='ocrx_word' id='word_1_35' title='bbox 2226 582 2279 640; x_wconf 89' lang='lat' dir='ltr'><em>S.</em></span> 
     </span>
    </p>
   </div>
   <div class='ocr_carea' id='block_1_4' title="bbox 327 726 2468 812">
    <p class='ocr_par' dir='ltr' id='par_1_4' title="bbox 327 726 2468 812">
     <span class='ocr_line' id='line_1_6' title="bbox 327 726 2468 812; baseline -0.006 -13"><span class='ocrx_word' id='word_1_36' title='bbox 327 742 394 799; x_wconf 87' lang='lat' dir='ltr'><em>In</em></span> <span class='ocrx_word' id='word_1_37' title='bbox 431 739 674 812; x_wconf 79' lang='lat' dir='ltr'><em>Virginio</em></span> <span class='ocrx_word' id='word_1_38' title='bbox 711 737 940 790; x_wconf 85' lang='lat' dir='ltr'><em>Romano</em></span> <span class='ocrx_word' id='word_1_39' title='bbox 981 732 1034 789; x_wconf 57' lang='grc' dir='ltr'><em>ἓξ</em></span> <span class='ocrx_word' id='word_1_40' title='bbox 1072 746 1268 784; x_wconf 86' lang='lat' dir='ltr'><em>morum</em></span> <span class='ocrx_word' id='word_1_41' title='bbox 1291 726 1620 801; x_wconf 83' lang='lat' dir='ltr'><em>probitatem</em></span> <span class='ocrx_word' id='word_1_42' title='bbox 1663 728 1717 784; x_wconf 67' lang='grc'><em>65</em></span> <span class='ocrx_word' id='word_1_43' title='bbox 1745 727 2034 782; x_wconf 63' lang='lat' dir='ltr'><em>doctrinam</em></span> <span class='ocrx_word' id='word_1_44' title='bbox 2060 730 2274 794; x_wconf 84' lang='lat' dir='ltr'><em>laudat,</em></span> <span class='ocrx_word' id='word_1_45' title='bbox 2303 741 2468 802; x_wconf 79' lang='lat' dir='ltr'><em>prae-</em></span> 
     </span>
    </p>
   </div>
   <div class='ocr_carea' id='block_1_5' title="bbox 382 802 2470 883">
    <p class='ocr_par' dir='ltr' id='par_1_5' title="bbox 382 802 2470 883">
     <span class='ocr_line' id='line_1_7' title="bbox 382 802 2470 883; baseline -0.001 -20"><span class='ocrx_word' id='word_1_46' title='bbox 382 814 580 883; x_wconf 78' lang='lat' dir='ltr'><em>sertim</em></span> <span class='ocrx_word' id='word_1_47' title='bbox 620 811 674 862; x_wconf 83' lang='lat' dir='ltr'><em>in</em></span> <span class='ocrx_word' id='word_1_48' title='bbox 710 805 962 861; x_wconf 83' lang='lat' dir='ltr'><em>comoedia</em></span> <span class='ocrx_word' id='word_1_49' title='bbox 985 802 1269 875; x_wconf 80' lang='lat' dir='ltr'><em>scribenda</em></span> <span class='ocrx_word' id='word_1_50' title='bbox 1314 813 1422 856; x_wconf 83' lang='lat' dir='ltr'><em>tam</em></span> <span class='ocrx_word' id='word_1_51' title='bbox 1459 817 1596 853; x_wconf 80' lang='lat' dir='ltr'><em>nova</em></span> <span class='ocrx_word' id='word_1_52' title='bbox 1624 817 1775 871; x_wconf 83' lang='lat' dir='ltr'><em>quam</em></span> <span class='ocrx_word' id='word_1_53' title='bbox 1792 803 1999 873; x_wconf 82' lang='lat' dir='ltr'><em>prisca,</em></span> <span class='ocrx_word' id='word_1_54' title='bbox 2050 815 2332 875; x_wconf 81' lang='lat' dir='ltr'><em>temporum</em></span> <span class='ocrx_word' id='word_1_55' title='bbox 2344 807 2470 874; x_wconf 80' lang='lat' dir='ltr'><em>suo-</em></span> 
     </span>
    </p>
   </div>
   <div class='ocr_carea' id='block_1_6' title="bbox 397 880 1207 956">
    <p class='ocr_par' dir='ltr' id='par_1_6' title="bbox 397 880 1207 956">
     <span class='ocr_line' id='line_1_8' title="bbox 397 880 1207 956; baseline -0.012 -16"><span class='ocrx_word' id='word_1_56' title='bbox 397 903 513 941; x_wconf 84' lang='lat' dir='ltr'><em>rum</em></span> <span class='ocrx_word' id='word_1_57' title='bbox 545 881 752 956; x_wconf 79' lang='lat' dir='ltr'><em>ingenia</em></span> <span class='ocrx_word' id='word_1_58' title='bbox 782 897 878 933; x_wconf 80' lang='lat' dir='ltr'><em>non</em></span> <span class='ocrx_word' id='word_1_59' title='bbox 908 880 1207 953; x_wconf 80' lang='lat' dir='ltr'><em>despiciens.</em></span> 
     </span>
    </p>
   </div>
   <div class='ocr_carea' id='block_1_7' title="bbox 420 1025 1411 1173">
    <p class='ocr_par' dir='ltr' id='par_1_7' title="bbox 420 1025 1411 1173">
     <span class='ocr_line' id='line_1_9' title="bbox 420 1025 1411 1099; baseline -0.011 -13"><span class='ocrx_word' id='word_1_60' title='bbox 420 1030 536 1086; x_wconf 70' lang='grc' dir='ltr'><em>ΠΜ</em></span> <span class='ocrx_word' id='word_1_61' title='bbox 568 1045 634 1082; x_wconf 82' lang='lat' dir='ltr'><em>ex</em></span> <span class='ocrx_word' id='word_1_62' title='bbox 673 1025 733 1080; x_wconf 86' lang='lat' dir='ltr'><em>iis</em></span> <span class='ocrx_word' id='word_1_63' title='bbox 759 1064 775 1089; x_wconf 93' lang='lat'>‚</span> <span class='ocrx_word' id='word_1_64' title='bbox 818 1028 910 1099; x_wconf 89' lang='lat' dir='ltr'><em>qui</em></span> <span class='ocrx_word' id='word_1_65' title='bbox 934 1027 1093 1082; x_wconf 84' lang='lat' dir='ltr'><em>mirer</em></span> <span class='ocrx_word' id='word_1_66' title='bbox 1120 1027 1369 1096; x_wconf 83' lang='lat' dir='ltr'><em>antiquos</em></span> <span class='ocrx_word' id='word_1_67' title='bbox 1400 1039 1411 1075; x_wconf 89' lang='lat'>:</span> 
     </span>
     <span class='ocr_line' id='line_1_10' title="bbox 427 1099 1387 1173; baseline -0.01 -12"><span class='ocrx_word' id='word_1_68' title='bbox 427 1122 543 1161; x_wconf 88' lang='lat' dir='ltr'><em>rum</em></span> <span class='ocrx_word' id='word_1_69' title='bbox 569 1099 872 1157; x_wconf 87' lang='lat' dir='ltr'><em>nostrorum</em></span> <span class='ocrx_word' id='word_1_70' title='bbox 896 1100 1106 1173; x_wconf 81' lang='lat' dir='ltr'><em>ingenia</em></span> <span class='ocrx_word' id='word_1_71' title='bbox 1131 1099 1387 1172; x_wconf 78' lang='lat' dir='ltr'><strong>despicio.</strong></span> 
     </span>
    </p>
   </div>
   <div class='ocr_carea' id='block_1_8' title="bbox 323 1321 1381 3154">
    <p class='ocr_par' dir='ltr' id='par_1_8' title="bbox 323 1321 1381 1736">
     <span class='ocr_line' id='line_1_11' title="bbox 323 1321 1378 1376; baseline -0.007 -10"><span class='ocrx_word' id='word_1_72' title='bbox 323 1330 364 1370; x_wconf 66' lang='lat' dir='ltr'><em>h.</em></span> <span class='ocrx_word' id='word_1_73' title='bbox 395 1339 429 1376; x_wconf 80' lang='lat'><em>7,</em></span> <span class='ocrx_word' id='word_1_74' title='bbox 460 1328 498 1365; x_wconf 77' lang='grc' dir='ltr'><em>ὃ(</em></span> <span class='ocrx_word' id='word_1_75' title='bbox 534 1323 614 1362; x_wconf 85' lang='lat' dir='ltr'>Lib.</span> <span class='ocrx_word' id='word_1_76' title='bbox 635 1324 685 1361; x_wconf 89' lang='lat' dir='ltr'><em>V.</em></span> <span class='ocrx_word' id='word_1_77' title='bbox 706 1323 814 1373; x_wconf 85' lang='lat' dir='ltr'>Epist.</span> <span class='ocrx_word' id='word_1_78' title='bbox 837 1323 907 1362; x_wconf 82' lang='lat' dir='ltr'><em>VL</em></span> <span class='ocrx_word' id='word_1_79' title='bbox 925 1335 958 1360; x_wconf 91' lang='lat' dir='ltr'><em>n.</em></span> <span class='ocrx_word' id='word_1_80' title='bbox 981 1335 1039 1372; x_wconf 78' lang='lat'><em>45.</em></span> <span class='ocrx_word' id='word_1_81' title='bbox 1069 1321 1167 1361; x_wconf 83' lang='lat' dir='ltr'><em>Infra</em></span> <span class='ocrx_word' id='word_1_82' title='bbox 1191 1322 1271 1362; x_wconf 85' lang='lat' dir='ltr'>Lib.</span> <span class='ocrx_word' id='word_1_83' title='bbox 1290 1321 1378 1359; x_wconf 55' lang='lat' dir='ltr'><em>1Xs</em></span> 
     </span>
     <span class='ocr_line' id='line_1_12' title="bbox 326 1375 1381 1429; baseline -0.006 -13"><span class='ocrx_word' id='word_1_84' title='bbox 326 1380 436 1429; x_wconf 85' lang='lat' dir='ltr'>Epist.</span> <span class='ocrx_word' id='word_1_85' title='bbox 458 1376 618 1414; x_wconf 84' lang='lat' dir='ltr'>XXVlI.</span> <span class='ocrx_word' id='word_1_86' title='bbox 642 1387 677 1411; x_wconf 85' lang='lat' dir='ltr'><em>n.</em></span> <span class='ocrx_word' id='word_1_87' title='bbox 703 1388 736 1412; x_wconf 87' lang='lat'><em>2.</em></span> <span class='ocrx_word' id='word_1_88' title='bbox 778 1381 860 1412; x_wconf 84' lang='lat' dir='ltr'><em>Ecce</em></span> <span class='ocrx_word' id='word_1_89' title='bbox 883 1376 991 1413; x_wconf 85' lang='lat' dir='ltr'>amici</span> <span class='ocrx_word' id='word_1_90' title='bbox 1015 1375 1201 1412; x_wconf 78' lang='lat' dir='ltr'><em>cuiusdam</em></span> <span class='ocrx_word' id='word_1_91' title='bbox 1216 1403 1225 1418; x_wconf 95' lang='lat'>‚</span> <span class='ocrx_word' id='word_1_92' title='bbox 1253 1387 1358 1412; x_wconf 80' lang='lat' dir='ltr'><em>oran-</em></span> <span class='ocrx_word' id='word_1_93' title='bbox 1378 1383 1381 1390; x_wconf 88' lang='lat'>&#39;</span> 
     </span>
     <span class='ocr_line' id='line_1_13' title="bbox 327 1426 1359 1478; baseline -0.007 -9"><span class='ocrx_word' id='word_1_94' title='bbox 327 1442 377 1471; x_wconf 76' lang='lat' dir='ltr'><em>tes</em></span> <span class='ocrx_word' id='word_1_95' title='bbox 397 1428 674 1478; x_wconf 77' lang='lat' dir='ltr'><em>obsecrantesque</em></span> <span class='ocrx_word' id='word_1_96' title='bbox 699 1455 717 1471; x_wconf 21' lang='lat' dir='ltr'><em>‚i</em></span> <span class='ocrx_word' id='word_1_97' title='bbox 738 1438 779 1463; x_wconf 85' lang='lat' dir='ltr'><em>ne</em></span> <span class='ocrx_word' id='word_1_98' title='bbox 799 1427 936 1475; x_wconf 82' lang='lat' dir='ltr'><em>reliqua</em></span> <span class='ocrx_word' id='word_1_99' title='bbox 959 1427 1134 1464; x_wconf 84' lang='lat' dir='ltr'><em>recitaret.</em></span> <span class='ocrx_word' id='word_1_100' title='bbox 1190 1426 1359 1464; x_wconf 80' lang='lat' dir='ltr'>Similiter</span> 
     </span>
     <span class='ocr_line' id='line_1_14' title="bbox 329 1476 1357 1526; baseline -0.006 -5"><span class='ocrx_word' id='word_1_101' title='bbox 329 1483 459 1521; x_wconf 81' lang='lat' dir='ltr'>Livius</span> <span class='ocrx_word' id='word_1_102' title='bbox 486 1477 562 1515; x_wconf 81' lang='lat' dir='ltr'>Lib.</span> <span class='ocrx_word' id='word_1_103' title='bbox 585 1476 784 1515; x_wconf 79' lang='lat' dir='ltr'>XXXVII.</span> <span class='ocrx_word' id='word_1_104' title='bbox 806 1489 882 1526; x_wconf 83' lang='lat' dir='ltr'><em>cap.</em></span> <span class='ocrx_word' id='word_1_105' title='bbox 906 1477 950 1514; x_wconf 93' lang='lat' dir='ltr'><em>X.</em></span> <span class='ocrx_word' id='word_1_106' title='bbox 981 1483 1072 1515; x_wconf 83' lang='lat' dir='ltr'><em>:Tum</em></span> <span class='ocrx_word' id='word_1_107' title='bbox 1086 1478 1357 1522; x_wconf 85' lang='lat' dir='ltr'><em>internuncius,</em></span> 
     </span>
     <span class='ocr_line' id='line_1_15' title="bbox 327 1526 1359 1582; baseline -0.003 -13"><span class='ocrx_word' id='word_1_108' title='bbox 327 1535 460 1582; x_wconf 76' lang='lat' dir='ltr'><em>regiam</em></span> <span class='ocrx_word' id='word_1_109' title='bbox 483 1526 616 1576; x_wconf 74' lang='lat' dir='ltr'><em>claffem</em></span> <span class='ocrx_word' id='word_1_110' title='bbox 645 1539 711 1564; x_wconf 85' lang='lat' dir='ltr'><em>aut</em></span> <span class='ocrx_word' id='word_1_111' title='bbox 734 1539 849 1566; x_wconf 86' lang='lat' dir='ltr'><em>totam</em></span> <span class='ocrx_word' id='word_1_112' title='bbox 869 1536 935 1566; x_wconf 88' lang='lat' dir='ltr'><em>cet.</em></span> <span class='ocrx_word' id='word_1_113' title='bbox 968 1529 1048 1566; x_wconf 89' lang='lat' dir='ltr'>Lib.</span> <span class='ocrx_word' id='word_1_114' title='bbox 1073 1528 1175 1566; x_wconf 86' lang='lat' dir='ltr'><em>XLI.</em></span> <span class='ocrx_word' id='word_1_115' title='bbox 1196 1539 1274 1578; x_wconf 82' lang='lat' dir='ltr'><em>cap.</em></span> <span class='ocrx_word' id='word_1_116' title='bbox 1292 1528 1359 1566; x_wconf 82' lang='grc' dir='ltr'><strong>ΙΙΙ.</strong></span> 
     </span>
     <span class='ocr_line' id='line_1_16' title="bbox 327 1579 1357 1627; baseline -0.003 -8"><span class='ocrx_word' id='word_1_117' title='bbox 327 1589 427 1621; x_wconf 78' lang='lat' dir='ltr'><em>Tunc</em></span> <span class='ocrx_word' id='word_1_118' title='bbox 459 1583 600 1619; x_wconf 83' lang='lat' dir='ltr'><em>demum</em></span> <span class='ocrx_word' id='word_1_119' title='bbox 634 1582 786 1618; x_wconf 78' lang='lat' dir='ltr'><em>nuncius</em></span> <span class='ocrx_word' id='word_1_120' title='bbox 817 1580 867 1616; x_wconf 82' lang='lat' dir='ltr'><em>ad</em></span> <span class='ocrx_word' id='word_1_121' title='bbox 896 1580 1045 1617; x_wconf 82' lang='lat' dir='ltr'><em>tertiam</em></span> <span class='ocrx_word' id='word_1_122' title='bbox 1070 1579 1234 1627; x_wconf 79' lang='lat' dir='ltr'><em>legionem</em></span> <span class='ocrx_word' id='word_1_123' title='bbox 1256 1594 1357 1617; x_wconf 85' lang='lat' dir='ltr'><em>revo-</em></span> 
     </span>
     <span class='ocr_line' id='line_1_17' title="bbox 327 1629 1360 1681; baseline 0 -11"><span class='ocrx_word' id='word_1_124' title='bbox 327 1634 495 1673; x_wconf 76' lang='lat' dir='ltr'><em>candam.</em></span> <span class='ocrx_word' id='word_1_125' title='bbox 525 1630 653 1681; x_wconf 70' lang='lat' dir='ltr'><em>quibus</em></span> <span class='ocrx_word' id='word_1_126' title='bbox 685 1631 772 1668; x_wconf 81' lang='lat' dir='ltr'><em>locis</em></span> <span class='ocrx_word' id='word_1_127' title='bbox 806 1631 1045 1669; x_wconf 84' lang='lat' dir='ltr'><em>Gronovium</em></span> <span class='ocrx_word' id='word_1_128' title='bbox 1089 1629 1224 1670; x_wconf 83' lang='lat' dir='ltr'><em>videas.</em></span> <span class='ocrx_word' id='word_1_129' title='bbox 1278 1632 1360 1670; x_wconf 87' lang='lat' dir='ltr'><em>Nos</em></span> 
     </span>
     <span class='ocr_line' id='line_1_18' title="bbox 334 1683 549 1736; baseline -0.019 -13"><span class='ocrx_word' id='word_1_130' title='bbox 334 1686 437 1736; x_wconf 85' lang='lat' dir='ltr'><em>plura</em></span> <span class='ocrx_word' id='word_1_131' title='bbox 456 1683 549 1720; x_wconf 85' lang='lat' dir='ltr'>alibi.</span> 
     </span>
    </p>

    <p class='ocr_par' dir='ltr' id='par_1_9' title="bbox 327 1731 1365 3154">
     <span class='ocr_line' id='line_1_19' title="bbox 385 1731 1359 1782; baseline 0.001 -11"><span class='ocrx_word' id='word_1_132' title='bbox 385 1749 405 1775; x_wconf 68' lang='grc' dir='ltr'>ι</span> <span class='ocrx_word' id='word_1_133' title='bbox 439 1740 514 1771; x_wconf 81' lang='lat' dir='ltr'><em>Non</em></span> <span class='ocrx_word' id='word_1_134' title='bbox 531 1734 724 1782; x_wconf 79' lang='lat' dir='ltr'><em>scripturus</em></span> <span class='ocrx_word' id='word_1_135' title='bbox 749 1761 759 1776; x_wconf 95' lang='lat'>‚</span> <span class='ocrx_word' id='word_1_136' title='bbox 798 1731 907 1781; x_wconf 59' lang='lat' dir='ltr'><em>eya]</em></span> <span class='ocrx_word' id='word_1_137' title='bbox 945 1732 1072 1771; x_wconf 83' lang='lat' dir='ltr'>Sensus</span> <span class='ocrx_word' id='word_1_138' title='bbox 1095 1733 1153 1771; x_wconf 89' lang='lat' dir='ltr'><em>est.</em></span> <span class='ocrx_word' id='word_1_139' title='bbox 1193 1733 1258 1771; x_wconf 91' lang='lat' dir='ltr'><em>Tu</em></span> <span class='ocrx_word' id='word_1_140' title='bbox 1281 1745 1359 1772; x_wconf 91' lang='lat' dir='ltr'><em>non</em></span> 
     </span>
     <span class='ocr_line' id='line_1_20' title="bbox 327 1783 1362 1836; baseline -0.003 -11"><span class='ocrx_word' id='word_1_141' title='bbox 327 1785 539 1836; x_wconf 78' lang='lat' dir='ltr'><em>scripturus,</em></span> <span class='ocrx_word' id='word_1_142' title='bbox 567 1786 651 1833; x_wconf 85' lang='lat' dir='ltr'><em>quia</em></span> <span class='ocrx_word' id='word_1_143' title='bbox 674 1795 751 1821; x_wconf 87' lang='lat' dir='ltr'><em>non</em></span> <span class='ocrx_word' id='word_1_144' title='bbox 771 1783 851 1822; x_wconf 89' lang='lat' dir='ltr'><em>sunt</em></span> <span class='ocrx_word' id='word_1_145' title='bbox 873 1783 1015 1821; x_wconf 81' lang='lat' dir='ltr'>historia</span> <span class='ocrx_word' id='word_1_146' title='bbox 1039 1784 1171 1833; x_wconf 83' lang='lat' dir='ltr'>digna,</span> <span class='ocrx_word' id='word_1_147' title='bbox 1199 1792 1362 1823; x_wconf 77' lang='lat' dir='ltr'><em>tantum-</em></span> 
     </span>
     <span class='ocr_line' id='line_1_21' title="bbox 330 1834 1362 1886; baseline -0.001 -11"><span class='ocrx_word' id='word_1_148' title='bbox 330 1837 450 1876; x_wconf 88' lang='lat' dir='ltr'><em>modo</em></span> <span class='ocrx_word' id='word_1_149' title='bbox 471 1837 569 1883; x_wconf 72' lang='lat' dir='ltr'><em>leges</em></span> <span class='ocrx_word' id='word_1_150' title='bbox 593 1837 681 1872; x_wconf 76' lang='lat' dir='ltr'><em>haec</em></span> <span class='ocrx_word' id='word_1_151' title='bbox 705 1834 832 1872; x_wconf 86' lang='lat' dir='ltr'><em>nostra.</em></span> <span class='ocrx_word' id='word_1_152' title='bbox 873 1835 905 1872; x_wconf 94' lang='lat' dir='ltr'>C</span> <span class='ocrx_word' id='word_1_153' title='bbox 921 1848 942 1871; x_wconf 78' lang='lat' dir='ltr'><strong>A</strong></span> <span class='ocrx_word' id='word_1_154' title='bbox 959 1849 981 1873; x_wconf 80' lang='lat' dir='ltr'>T</span> <span class='ocrx_word' id='word_1_155' title='bbox 999 1848 1019 1871; x_wconf 77' lang='lat' dir='ltr'><strong>A</strong></span> <span class='ocrx_word' id='word_1_156' title='bbox 1034 1846 1071 1871; x_wconf 77' lang='grc' dir='ltr'><em>Ν.</em></span> <span class='ocrx_word' id='word_1_157' title='bbox 1111 1841 1193 1873; x_wconf 86' lang='lat' dir='ltr'><em>Non</em></span> <span class='ocrx_word' id='word_1_158' title='bbox 1209 1836 1362 1886; x_wconf 85' lang='lat' dir='ltr'><em>scriptu-</em></span> 
     </span>
     <span class='ocr_line' id='line_1_22' title="bbox 329 1885 1360 1936; baseline 0.003 -15"><span class='ocrx_word' id='word_1_159' title='bbox 329 1902 391 1926; x_wconf 70' lang='grc' dir='ltr'><em>ηις</em></span> <span class='ocrx_word' id='word_1_160' title='bbox 415 1916 425 1932; x_wconf 85' lang='grc'><strong>,</strong></span> <span class='ocrx_word' id='word_1_161' title='bbox 462 1898 532 1926; x_wconf 64' lang='lat' dir='ltr'><em>eye.</em></span> <span class='ocrx_word' id='word_1_162' title='bbox 560 1885 574 1935; x_wconf 88' lang='lat'>]</span> <span class='ocrx_word' id='word_1_163' title='bbox 615 1885 738 1923; x_wconf 88' lang='lat' dir='ltr'><em>Verba</em></span> <span class='ocrx_word' id='word_1_164' title='bbox 771 1886 912 1935; x_wconf 82' lang='lat' dir='ltr'><strong>aliquot</strong></span> <span class='ocrx_word' id='word_1_165' title='bbox 944 1886 1100 1924; x_wconf 76' lang='lat' dir='ltr'><em>habeam</em></span> <span class='ocrx_word' id='word_1_166' title='bbox 1134 1898 1201 1935; x_wconf 88' lang='lat' dir='ltr'><em>pro</em></span> <span class='ocrx_word' id='word_1_167' title='bbox 1224 1886 1360 1936; x_wconf 76' lang='lat' dir='ltr'><em>gloffa,</em></span> 
     </span>
     <span class='ocr_line' id='line_1_23' title="bbox 331 1936 1361 1987; baseline 0.001 -11"><span class='ocrx_word' id='word_1_168' title='bbox 331 1946 431 1977; x_wconf 87' lang='lat' dir='ltr'><em>certe</em></span> <span class='ocrx_word' id='word_1_169' title='bbox 462 1938 532 1975; x_wconf 87' lang='lat' dir='ltr'><em>Pal.</em></span> <span class='ocrx_word' id='word_1_170' title='bbox 564 1939 605 1975; x_wconf 63' lang='grc' dir='ltr'><em>ὃς</em></span> <span class='ocrx_word' id='word_1_171' title='bbox 634 1937 735 1974; x_wconf 88' lang='lat' dir='ltr'><em>Vett.</em></span> <span class='ocrx_word' id='word_1_172' title='bbox 767 1936 866 1974; x_wconf 82' lang='lat' dir='ltr'>Edd..</span> <span class='ocrx_word' id='word_1_173' title='bbox 891 1937 1031 1976; x_wconf 76' lang='lat' dir='ltr'><em>serv-ant</em></span> <span class='ocrx_word' id='word_1_174' title='bbox 1056 1964 1067 1981; x_wconf 91' lang='lat'><strong>,</strong></span> <span class='ocrx_word' id='word_1_175' title='bbox 1094 1950 1154 1976; x_wconf 83' lang='lat' dir='ltr'><em>nos</em></span> <span class='ocrx_word' id='word_1_176' title='bbox 1169 1938 1361 1987; x_wconf 88' lang='lat' dir='ltr'><em>scripturos</em></span> 
     </span>
     <span class='ocr_line' id='line_1_24' title="bbox 332 1987 1363 2036; baseline 0 -8"><span class='ocrx_word' id='word_1_177' title='bbox 332 1989 428 2036; x_wconf 68' lang='lat' dir='ltr'><em>leges.</em></span> <span class='ocrx_word' id='word_1_178' title='bbox 474 1989 684 2026; x_wconf 82' lang='lat' dir='ltr'><em>Putaverim</em></span> <span class='ocrx_word' id='word_1_179' title='bbox 719 2000 738 2025; x_wconf 85' lang='lat' dir='ltr'>a</span> <span class='ocrx_word' id='word_1_180' title='bbox 769 1988 888 2026; x_wconf 88' lang='lat' dir='ltr'><em>Plinio</em></span> <span class='ocrx_word' id='word_1_181' title='bbox 912 1988 1029 2025; x_wconf 87' lang='lat' dir='ltr'><em>solum</em></span> <span class='ocrx_word' id='word_1_182' title='bbox 1054 1987 1125 2026; x_wconf 83' lang='lat' dir='ltr'><em>effe</em></span> <span class='ocrx_word' id='word_1_183' title='bbox 1151 2002 1160 2027; x_wconf 91' lang='lat'>:</span> <span class='ocrx_word' id='word_1_184' title='bbox 1188 1995 1280 2027; x_wconf 81' lang='lat' dir='ltr'><em>Haec</em></span> <span class='ocrx_word' id='word_1_185' title='bbox 1303 2003 1363 2028; x_wconf 84' lang='lat' dir='ltr'><em>ne-</em></span> 
     </span>
     <span class='ocr_line' id='line_1_25' title="bbox 333 2038 1361 2090; baseline 0.001 -13"><span class='ocrx_word' id='word_1_186' title='bbox 333 2053 517 2090; x_wconf 77' lang='lat' dir='ltr'><em>quaquam</em></span> <span class='ocrx_word' id='word_1_187' title='bbox 537 2038 674 2085; x_wconf 77' lang='lat' dir='ltr'><em>historia</em></span> <span class='ocrx_word' id='word_1_188' title='bbox 697 2040 805 2087; x_wconf 82' lang='lat' dir='ltr'><em>digna</em></span> <span class='ocrx_word' id='word_1_189' title='bbox 827 2052 834 2076; x_wconf 90' lang='lat'>:</span> <span class='ocrx_word' id='word_1_190' title='bbox 877 2039 943 2076; x_wconf 79' lang='lat' dir='ltr'><em>tibi</em></span> <span class='ocrx_word' id='word_1_191' title='bbox 964 2039 1155 2087; x_wconf 80' lang='lat' dir='ltr'><em>imputabis</em></span> <span class='ocrx_word' id='word_1_192' title='bbox 1169 2068 1178 2085; x_wconf 94' lang='lat'>,</span> <span class='ocrx_word' id='word_1_193' title='bbox 1198 2040 1234 2090; x_wconf 86' lang='lat' dir='ltr'><em>fi</em></span> <span class='ocrx_word' id='word_1_194' title='bbox 1251 2042 1361 2090; x_wconf 80' lang='lat' dir='ltr'><em>digna</em></span> 
     </span>
     <span class='ocr_line' id='line_1_26' title="bbox 330 2087 1361 2140; baseline 0.001 -12"><span class='ocrx_word' id='word_1_195' title='bbox 330 2104 373 2129; x_wconf 86' lang='lat' dir='ltr'><em>ne</em></span> <span class='ocrx_word' id='word_1_196' title='bbox 395 2090 530 2140; x_wconf 73' lang='lat' dir='ltr'><em>epistota</em></span> <span class='ocrx_word' id='word_1_197' title='bbox 548 2087 695 2139; x_wconf 71' lang='lat' dir='ltr'><em>⁸quidem</em></span> <span class='ocrx_word' id='word_1_198' title='bbox 722 2089 952 2127; x_wconf 82' lang='lat' dir='ltr'><em>videbuntur.</em></span> <span class='ocrx_word' id='word_1_199' title='bbox 981 2090 1171 2128; x_wconf 64' lang='lat' dir='ltr'><em>Gne-rsa.</em></span> <span class='ocrx_word' id='word_1_200' title='bbox 1209 2091 1361 2137; x_wconf 84' lang='lat' dir='ltr'><em>Historia</em></span> 
     </span>
     <span class='ocr_line' id='line_1_27' title="bbox 333 2139 1359 2191; baseline 0.001 -11"><span class='ocrx_word' id='word_1_201' title='bbox 333 2142 465 2191; x_wconf 75' lang='lat' dir='ltr'><em>digna,</em></span> <span class='ocrx_word' id='word_1_202' title='bbox 492 2139 591 2188; x_wconf 58' lang='lat' dir='ltr'><em>cro]</em></span> <span class='ocrx_word' id='word_1_203' title='bbox 622 2141 750 2179; x_wconf 83' lang='lat' dir='ltr'><em>Sensus</em></span> <span class='ocrx_word' id='word_1_204' title='bbox 774 2139 843 2177; x_wconf 89' lang='lat' dir='ltr'><em>est:</em></span> <span class='ocrx_word' id='word_1_205' title='bbox 871 2143 988 2184; x_wconf 79' lang='lat' dir='ltr'><em>haec,</em></span> <span class='ocrx_word' id='word_1_206' title='bbox 1017 2152 1111 2189; x_wconf 87' lang='lat' dir='ltr'><em>quae</em></span> <span class='ocrx_word' id='word_1_207' title='bbox 1124 2153 1359 2191; x_wconf 83' lang='lat' dir='ltr'>nequaquam</span> 
     </span>
     <span class='ocr_line' id='line_1_28' title="bbox 331 2191 1363 2240; baseline 0.001 -10"><span class='ocrx_word' id='word_1_208' title='bbox 331 2193 479 2232; x_wconf 80' lang='lat' dir='ltr'>historia</span> <span class='ocrx_word' id='word_1_209' title='bbox 511 2191 618 2240; x_wconf 61' lang='lat' dir='ltr'><em>dgna</em></span> <span class='ocrx_word' id='word_1_210' title='bbox 649 2192 727 2230; x_wconf 85' lang='lat' dir='ltr'><em>sunt</em></span> <span class='ocrx_word' id='word_1_211' title='bbox 749 2220 759 2235; x_wconf 91' lang='lat'>‚</span> <span class='ocrx_word' id='word_1_212' title='bbox 786 2192 883 2240; x_wconf 87' lang='lat' dir='ltr'><em>leges</em></span> <span class='ocrx_word' id='word_1_213' title='bbox 906 2192 1057 2240; x_wconf 83' lang='lat' dir='ltr'><em>quidem</em></span> <span class='ocrx_word' id='word_1_214' title='bbox 1074 2219 1083 2234; x_wconf 92' lang='lat'>‚</span> <span class='ocrx_word' id='word_1_215' title='bbox 1099 2191 1159 2230; x_wconf 86' lang='lat' dir='ltr'><em>sed</em></span> <span class='ocrx_word' id='word_1_216' title='bbox 1181 2204 1259 2229; x_wconf 88' lang='lat' dir='ltr'><em>non</em></span> <span class='ocrx_word' id='word_1_217' title='bbox 1281 2193 1363 2233; x_wconf 88' lang='lat' dir='ltr'><em>scri.-</em></span> 
     </span>
     <span class='ocr_line' id='line_1_29' title="bbox 333 2241 1360 2293; baseline -0.001 -10"><span class='ocrx_word' id='word_1_218' title='bbox 333 2255 485 2293; x_wconf 83' lang='lat' dir='ltr'><em>pturus,</em></span> <span class='ocrx_word' id='word_1_219' title='bbox 513 2243 584 2280; x_wconf 87' lang='lat' dir='ltr'><em>hoc</em></span> <span class='ocrx_word' id='word_1_220' title='bbox 609 2241 680 2287; x_wconf 83' lang='lat' dir='ltr'><em>est,</em></span> <span class='ocrx_word' id='word_1_221' title='bbox 711 2253 788 2279; x_wconf 89' lang='lat' dir='ltr'><em>non</em></span> <span class='ocrx_word' id='word_1_222' title='bbox 814 2255 860 2280; x_wconf 88' lang='lat' dir='ltr'><em>eo</em></span> <span class='ocrx_word' id='word_1_223' title='bbox 879 2241 983 2288; x_wconf 84' lang='lat' dir='ltr'><em>fine,</em></span> <span class='ocrx_word' id='word_1_224' title='bbox 1010 2244 1130 2280; x_wconf 78' lang='lat' dir='ltr'><em>uttuis</em></span> <span class='ocrx_word' id='word_1_225' title='bbox 1141 2243 1360 2282; x_wconf 85' lang='lat' dir='ltr'>historiisin-</span> 
     </span>
     <span class='ocr_line' id='line_1_30' title="bbox 331 2293 1361 2343; baseline 0 -9"><span class='ocrx_word' id='word_1_226' title='bbox 331 2297 422 2334; x_wconf 86' lang='lat' dir='ltr'><em>seras</em></span> <span class='ocrx_word' id='word_1_227' title='bbox 445 2323 457 2340; x_wconf 93' lang='lat'>‚</span> <span class='ocrx_word' id='word_1_228' title='bbox 495 2293 554 2331; x_wconf 69' lang='lat' dir='ltr'><em>sed</em></span> <span class='ocrx_word' id='word_1_229' title='bbox 585 2302 728 2331; x_wconf 84' lang='lat' dir='ltr'><em>tantum</em></span> <span class='ocrx_word' id='word_1_230' title='bbox 768 2301 808 2330; x_wconf 88' lang='lat' dir='ltr'><em>ut</em></span> <span class='ocrx_word' id='word_1_231' title='bbox 840 2295 934 2331; x_wconf 87' lang='lat' dir='ltr'>scias.</span> <span class='ocrx_word' id='word_1_232' title='bbox 991 2293 1169 2332; x_wconf 83' lang='lat' dir='ltr'><em>Gruterus</em></span> <span class='ocrx_word' id='word_1_233' title='bbox 1212 2295 1361 2343; x_wconf 82' lang='lat' dir='ltr'><em>putabat</em></span> 
     </span>
     <span class='ocr_line' id='line_1_31' title="bbox 330 2342 1362 2395; baseline 0.001 -11"><span class='ocrx_word' id='word_1_234' title='bbox 330 2346 506 2384; x_wconf 85' lang='lat' dir='ltr'><em>nonnulla</em></span> <span class='ocrx_word' id='word_1_235' title='bbox 529 2343 742 2392; x_wconf 71' lang='lat' dir='ltr'><em>glossemata</em></span> <span class='ocrx_word' id='word_1_236' title='bbox 763 2345 836 2382; x_wconf 87' lang='lat' dir='ltr'><em>huc</em></span> <span class='ocrx_word' id='word_1_237' title='bbox 858 2342 1053 2394; x_wconf 79' lang='lat' dir='ltr'><em>irrepfiffe3</em></span> <span class='ocrx_word' id='word_1_238' title='bbox 1084 2345 1200 2395; x_wconf 86' lang='lat' dir='ltr'><em>iisque</em></span> <span class='ocrx_word' id='word_1_239' title='bbox 1222 2347 1362 2395; x_wconf 69' lang='lat' dir='ltr'><em>rejectis</em></span> 
     </span>
     <span class='ocr_line' id='line_1_32' title="bbox 330 2395 1360 2448; baseline 0 -13"><span class='ocrx_word' id='word_1_240' title='bbox 330 2399 379 2436; x_wconf 74' lang='lat' dir='ltr'><em>ita</em></span> <span class='ocrx_word' id='word_1_241' title='bbox 392 2395 684 2434; x_wconf 83' lang='lat' dir='ltr'><em>constituendum</em></span> <span class='ocrx_word' id='word_1_242' title='bbox 700 2396 933 2433; x_wconf 83' lang='lat' dir='ltr'><em>hunclocum</em></span> <span class='ocrx_word' id='word_1_243' title='bbox 948 2424 959 2441; x_wconf 92' lang='lat'>,</span> <span class='ocrx_word' id='word_1_244' title='bbox 990 2401 1082 2433; x_wconf 83' lang='lat' dir='ltr'><em>Haec</em></span> <span class='ocrx_word' id='word_1_245' title='bbox 1097 2424 1106 2440; x_wconf 93' lang='lat'>,</span> <span class='ocrx_word' id='word_1_246' title='bbox 1133 2409 1360 2448; x_wconf 81' lang='lat' dir='ltr'><em>nequaquam</em></span> 
     </span>
     <span class='ocr_line' id='line_1_33' title="bbox 331 2444 1363 2497; baseline 0.001 -12"><span class='ocrx_word' id='word_1_247' title='bbox 331 2447 474 2494; x_wconf 79' lang='lat' dir='ltr'><em>historia</em></span> <span class='ocrx_word' id='word_1_248' title='bbox 495 2447 601 2495; x_wconf 79' lang='lat' dir='ltr'><em>digna</em></span> <span class='ocrx_word' id='word_1_249' title='bbox 617 2476 625 2492; x_wconf 92' lang='lat'>,</span> <span class='ocrx_word' id='word_1_250' title='bbox 654 2447 717 2484; x_wconf 72' lang='lat' dir='ltr'><em>nbi</em></span> <span class='ocrx_word' id='word_1_251' title='bbox 738 2447 927 2497; x_wconf 79' lang='lat' dir='ltr'><em>imputabis</em></span> <span class='ocrx_word' id='word_1_252' title='bbox 950 2474 961 2491; x_wconf 93' lang='lat'>‚</span> <span class='ocrx_word' id='word_1_253' title='bbox 979 2444 1014 2495; x_wconf 80' lang='lat' dir='ltr'><em>fi</em></span> <span class='ocrx_word' id='word_1_254' title='bbox 1035 2447 1144 2496; x_wconf 80' lang='lat' dir='ltr'><em>digna</em></span> <span class='ocrx_word' id='word_1_255' title='bbox 1167 2461 1208 2486; x_wconf 85' lang='lat' dir='ltr'><em>ne</em></span> <span class='ocrx_word' id='word_1_256' title='bbox 1227 2448 1363 2496; x_wconf 75' lang='lat' dir='ltr'><em>eptssola</em></span> 
     </span>
     <span class='ocr_line' id='line_1_34' title="bbox 333 2499 1362 2550; baseline 0.002 -15"><span class='ocrx_word' id='word_1_257' title='bbox 333 2499 473 2549; x_wconf 81' lang='lat' dir='ltr'><em>quidem</em></span> <span class='ocrx_word' id='word_1_258' title='bbox 506 2499 736 2550; x_wconf 58' lang='lat' dir='ltr'><em>videbuntur.</em></span> <span class='ocrx_word' id='word_1_259' title='bbox 792 2500 902 2547; x_wconf 79' lang='lat' dir='ltr'><em>Quae</em></span> <span class='ocrx_word' id='word_1_260' title='bbox 935 2506 974 2536; x_wconf 90' lang='lat' dir='ltr'><em>ut</em></span> <span class='ocrx_word' id='word_1_261' title='bbox 997 2499 1153 2536; x_wconf 81' lang='lat' dir='ltr'><em>rotunda</em></span> <span class='ocrx_word' id='word_1_262' title='bbox 1176 2508 1286 2549; x_wconf 85' lang='lat' dir='ltr'><em>atque</em></span> <span class='ocrx_word' id='word_1_263' title='bbox 1307 2512 1362 2538; x_wconf 80' lang='lat' dir='ltr'><em>ar-</em></span> 
     </span>
     <span class='ocr_line' id='line_1_35' title="bbox 331 2547 1363 2599; baseline 0.003 -12"><span class='ocrx_word' id='word_1_264' title='bbox 331 2559 452 2599; x_wconf 78' lang='lat' dir='ltr'><em>guta;</em></span> <span class='ocrx_word' id='word_1_265' title='bbox 493 2547 539 2586; x_wconf 89' lang='lat' dir='ltr'><em>slc</em></span> <span class='ocrx_word' id='word_1_266' title='bbox 572 2551 681 2588; x_wconf 79' lang='lat' dir='ltr'><em>unice</em></span> <span class='ocrx_word' id='word_1_267' title='bbox 711 2551 911 2587; x_wconf 69' lang='lat' dir='ltr'><em>convenire</em></span> <span class='ocrx_word' id='word_1_268' title='bbox 943 2549 1061 2587; x_wconf 78' lang='lat' dir='ltr'>Plinio</span> <span class='ocrx_word' id='word_1_269' title='bbox 1094 2550 1258 2590; x_wconf 83' lang='lat' dir='ltr'><em>censeam</em></span> <span class='ocrx_word' id='word_1_270' title='bbox 1284 2579 1295 2596; x_wconf 91' lang='lat'>,</span> <span class='ocrx_word' id='word_1_271' title='bbox 1323 2560 1363 2590; x_wconf 89' lang='lat' dir='ltr'><em>ut</em></span> 
     </span>
     <span class='ocr_line' id='line_1_36' title="bbox 331 2599 1362 2650; baseline 0.003 -12"><span class='ocrx_word' id='word_1_272' title='bbox 331 2602 396 2639; x_wconf 86' lang='lat' dir='ltr'><em>oui</em></span> <span class='ocrx_word' id='word_1_273' title='bbox 420 2602 567 2638; x_wconf 69' lang='lat' dir='ltr'><em>virtutes</em></span> <span class='ocrx_word' id='word_1_274' title='bbox 589 2599 666 2638; x_wconf 74' lang='lat' dir='ltr'>istas</span> <span class='ocrx_word' id='word_1_275' title='bbox 692 2602 856 2638; x_wconf 83' lang='lat' dir='ltr'><em>maxime</em></span> <span class='ocrx_word' id='word_1_276' title='bbox 889 2600 1114 2650; x_wconf 82' lang='lat' dir='ltr'><em>sequebatur.</em></span> <span class='ocrx_word' id='word_1_277' title='bbox 1153 2601 1362 2641; x_wconf 61' lang='lat' dir='ltr'><em>Euenum.</em></span> 
     </span>
     <span class='ocr_line' id='line_1_37' title="bbox 331 2651 1362 2701; baseline 0.005 -14"><span class='ocrx_word' id='word_1_278' title='bbox 331 2651 435 2689; x_wconf 79' lang='lat' dir='ltr'><em>voff.</em></span> <span class='ocrx_word' id='word_1_279' title='bbox 459 2663 568 2689; x_wconf 80' lang='lat' dir='ltr'><em>etiam</em></span> <span class='ocrx_word' id='word_1_280' title='bbox 593 2678 604 2695; x_wconf 92' lang='lat'><strong>,</strong></span> <span class='ocrx_word' id='word_1_281' title='bbox 630 2662 670 2689; x_wconf 82' lang='lat' dir='ltr'><em>ac</em></span> <span class='ocrx_word' id='word_1_282' title='bbox 692 2651 845 2689; x_wconf 76' lang='lat' dir='ltr'><em>Helinst.</em></span> <span class='ocrx_word' id='word_1_283' title='bbox 870 2664 928 2689; x_wconf 85' lang='lat' dir='ltr'><em>nos</em></span> <span class='ocrx_word' id='word_1_284' title='bbox 943 2653 1137 2701; x_wconf 76' lang='lat' dir='ltr'><em>scripturos</em></span> <span class='ocrx_word' id='word_1_285' title='bbox 1155 2652 1240 2701; x_wconf 80' lang='lat' dir='ltr'><em>leges</em></span> <span class='ocrx_word' id='word_1_286' title='bbox 1265 2682 1275 2698; x_wconf 90' lang='lat'>‚</span> <span class='ocrx_word' id='word_1_287' title='bbox 1303 2654 1362 2692; x_wconf 87' lang='lat' dir='ltr'><em>sed</em></span> 
     </span>
     <span class='ocr_line' id='line_1_38' title="bbox 334 2701 1365 2751; baseline 0.005 -13"><span class='ocrx_word' id='word_1_288' title='bbox 334 2711 524 2750; x_wconf 72' lang='lat' dir='ltr'><em>propterca</em></span> <span class='ocrx_word' id='word_1_289' title='bbox 558 2709 676 2739; x_wconf 66' lang='lat' dir='ltr'><em>totam</em></span> <span class='ocrx_word' id='word_1_290' title='bbox 702 2701 913 2751; x_wconf 79' lang='lat' dir='ltr'><em>scripturam</em></span> <span class='ocrx_word' id='word_1_291' title='bbox 934 2704 1111 2740; x_wconf 77' lang='lat' dir='ltr'><em>infamare</em></span> <span class='ocrx_word' id='word_1_292' title='bbox 1133 2715 1211 2741; x_wconf 87' lang='lat' dir='ltr'><em>non</em></span> <span class='ocrx_word' id='word_1_293' title='bbox 1235 2705 1282 2742; x_wconf 88' lang='lat' dir='ltr'><em>est</em></span> <span class='ocrx_word' id='word_1_294' title='bbox 1303 2716 1365 2743; x_wconf 76' lang='lat' dir='ltr'><em>ae-</em></span> 
     </span>
     <span class='ocr_line' id='line_1_39' title="bbox 335 2754 1362 2801; baseline 0.007 -14"><span class='ocrx_word' id='word_1_295' title='bbox 335 2764 462 2798; x_wconf 82' lang='lat' dir='ltr'><em>quum.</em></span> <span class='ocrx_word' id='word_1_296' title='bbox 503 2755 678 2801; x_wconf 66' lang='lat' dir='ltr'><em>Optimus</em></span> <span class='ocrx_word' id='word_1_297' title='bbox 707 2754 805 2791; x_wconf 83' lang='lat' dir='ltr'><em>enim</em></span> <span class='ocrx_word' id='word_1_298' title='bbox 830 2765 911 2792; x_wconf 78' lang='lat' dir='ltr'><em>eam</em></span> <span class='ocrx_word' id='word_1_299' title='bbox 935 2762 1057 2791; x_wconf 86' lang='lat' dir='ltr'><em>tuetur</em></span> <span class='ocrx_word' id='word_1_300' title='bbox 1085 2781 1097 2799; x_wconf 88' lang='lat'>‚</span> <span class='ocrx_word' id='word_1_301' title='bbox 1127 2757 1164 2794; x_wconf 69' lang='grc' dir='ltr'><em>ὃ(</em></span> <span class='ocrx_word' id='word_1_302' title='bbox 1187 2755 1362 2794; x_wconf 84' lang='lat' dir='ltr'><em>sententia</em></span> 
     </span>
     <span class='ocr_line' id='line_1_40' title="bbox 337 2801 1363 2854; baseline 0.011 -19"><span class='ocrx_word' id='word_1_303' title='bbox 337 2801 383 2836; x_wconf 77' lang='lat' dir='ltr'><em>cst</em></span> <span class='ocrx_word' id='word_1_304' title='bbox 416 2803 606 2850; x_wconf 60' lang='lat' dir='ltr'><em>perspicua.</em></span> <span class='ocrx_word' id='word_1_305' title='bbox 665 2804 770 2842; x_wconf 80' lang='lat' dir='ltr'><em>Haec</em></span> <span class='ocrx_word' id='word_1_306' title='bbox 793 2805 890 2852; x_wconf 81' lang='lat' dir='ltr'><em>leges</em></span> <span class='ocrx_word' id='word_1_307' title='bbox 918 2833 928 2849; x_wconf 92' lang='lat'>‚</span> <span class='ocrx_word' id='word_1_308' title='bbox 956 2813 997 2842; x_wconf 86' lang='lat' dir='ltr'><em>ut</em></span> <span class='ocrx_word' id='word_1_309' title='bbox 1020 2816 1094 2841; x_wconf 87' lang='lat' dir='ltr'><em>non</em></span> <span class='ocrx_word' id='word_1_310' title='bbox 1119 2806 1308 2854; x_wconf 80' lang='lat' dir='ltr'><em>scripturus</em></span> <span class='ocrx_word' id='word_1_311' title='bbox 1327 2809 1363 2845; x_wconf 90' lang='lat' dir='ltr'><em>in</em></span> 
     </span>
     <span class='ocr_line' id='line_1_41' title="bbox 335 2848 1364 2907; baseline 0.001 -13"><span class='ocrx_word' id='word_1_312' title='bbox 335 2848 478 2886; x_wconf 57' lang='lat' dir='ltr'><em>histfflla</em></span> <span class='ocrx_word' id='word_1_313' title='bbox 501 2880 511 2894; x_wconf 84' lang='lat'>‚</span> <span class='ocrx_word' id='word_1_314' title='bbox 550 2865 659 2898; x_wconf 59' lang='lat' dir='ltr'><em>quaxn</em></span> <span class='ocrx_word' id='word_1_315' title='bbox 695 2855 875 2894; x_wconf 83' lang='lat' dir='ltr'><em>meditaris</em></span> <span class='ocrx_word' id='word_1_316' title='bbox 899 2868 907 2892; x_wconf 90' lang='lat'>:</span> <span class='ocrx_word' id='word_1_317' title='bbox 951 2857 1034 2904; x_wconf 78' lang='lat' dir='ltr'><em>quia</em></span> <span class='ocrx_word' id='word_1_318' title='bbox 1058 2856 1202 2896; x_wconf 79' lang='lat' dir='ltr'>historia</span> <span class='ocrx_word' id='word_1_319' title='bbox 1225 2869 1364 2907; x_wconf 81' lang='lat' dir='ltr'><em>nequa-</em></span> 
     </span>
     <span class='ocr_line' id='line_1_42' title="bbox 338 2902 1361 2957; baseline 0.014 -24"><span class='ocrx_word' id='word_1_320' title='bbox 338 2910 450 2945; x_wconf 58' lang='lat' dir='ltr'><em>quam</em></span> <span class='ocrx_word' id='word_1_321' title='bbox 482 2902 539 2946; x_wconf 74' lang='lat' dir='ltr'><em>dig</em></span> <span class='ocrx_word' id='word_1_322' title='bbox 556 2914 585 2936; x_wconf 60' lang='lat' dir='ltr'><em>aa</em></span> <span class='ocrx_word' id='word_1_323' title='bbox 611 2930 620 2944; x_wconf 93' lang='lat'>‚</span> <span class='ocrx_word' id='word_1_324' title='bbox 650 2906 687 2940; x_wconf 86' lang='lat'>&amp;</span> <span class='ocrx_word' id='word_1_325' title='bbox 708 2907 827 2951; x_wconf 77' lang='lat' dir='ltr'><em>legere</em></span> <span class='ocrx_word' id='word_1_326' title='bbox 849 2917 952 2952; x_wconf 78' lang='lat' dir='ltr'><em>potes</em></span> <span class='ocrx_word' id='word_1_327' title='bbox 977 2907 1100 2944; x_wconf 56' lang='lat' dir='ltr'><em>similit</em></span> <span class='ocrx_word' id='word_1_328' title='bbox 1126 2909 1226 2955; x_wconf 66' lang='lat' dir='ltr'><em>supra</em></span> <span class='ocrx_word' id='word_1_329' title='bbox 1252 2909 1361 2957; x_wconf 66' lang='lat' dir='ltr'>Epist.</span> 
     </span>
     <span class='ocr_line' id='line_1_43' title="bbox 334 2948 1360 3004; baseline 0.014 -21"><span class='ocrx_word' id='word_1_330' title='bbox 334 2948 441 2987; x_wconf 76' lang='lat' dir='ltr'><em>XVI.</em></span> <span class='ocrx_word' id='word_1_331' title='bbox 477 2961 510 3004; x_wconf 84' lang='lat' dir='ltr'><em>n.</em></span> <span class='ocrx_word' id='word_1_332' title='bbox 545 2962 600 2987; x_wconf 72' lang='lat'><em>21.</em></span> <span class='ocrx_word' id='word_1_333' title='bbox 634 2963 689 2988; x_wconf 66' lang='grc' dir='ltr'><em>υ..</em></span> <span class='ocrx_word' id='word_1_334' title='bbox 723 2956 782 2991; x_wconf 87' lang='lat' dir='ltr'>ubi</span> <span class='ocrx_word' id='word_1_335' title='bbox 815 2958 922 2992; x_wconf 80' lang='lat' dir='ltr'><em>etiam</em></span> <span class='ocrx_word' id='word_1_336' title='bbox 939 2958 1087 3003; x_wconf 78' lang='lat' dir='ltr'><em>scribere</em></span> <span class='ocrx_word' id='word_1_337' title='bbox 1108 2959 1180 2995; x_wconf 84' lang='lat' dir='ltr'><em>hoc</em></span> <span class='ocrx_word' id='word_1_338' title='bbox 1202 2959 1300 2997; x_wconf 85' lang='lat' dir='ltr'><em>sensu</em></span> <span class='ocrx_word' id='word_1_339' title='bbox 1325 2972 1360 2997; x_wconf 89' lang='lat' dir='ltr'><em>n.</em></span> 
     </span>
     <span class='ocr_line' id='line_1_44' title="bbox 338 2999 1359 3051; baseline 0.016 -20"><span class='ocrx_word' id='word_1_340' title='bbox 338 3012 371 3048; x_wconf 76' lang='lat'><em>3.</em></span> <span class='ocrx_word' id='word_1_341' title='bbox 405 3000 572 3047; x_wconf 79' lang='lat' dir='ltr'><em>Equ1.lem</em></span> <span class='ocrx_word' id='word_1_342' title='bbox 607 2999 721 3037; x_wconf 82' lang='lat' dir='ltr'><em>be.ztos</em></span> <span class='ocrx_word' id='word_1_343' title='bbox 749 3014 830 3047; x_wconf 82' lang='lat' dir='ltr'><em>puto</em></span> <span class='ocrx_word' id='word_1_344' title='bbox 857 3031 866 3045; x_wconf 86' lang='lat'>‚</span> <span class='ocrx_word' id='word_1_345' title='bbox 903 3005 1029 3051; x_wconf 76' lang='lat' dir='ltr'><em>qutbus</em></span> <span class='ocrx_word' id='word_1_346' title='bbox 1052 3008 1192 3044; x_wconf 79' lang='lat' dir='ltr'><em>deornm</em></span> <span class='ocrx_word' id='word_1_347' title='bbox 1217 3024 1359 3047; x_wconf 84' lang='lat' dir='ltr'><em>munere</em></span> 
     </span>
     <span class='ocr_line' id='line_1_45' title="bbox 334 3048 1359 3104; baseline 0.003 -19"><span class='ocrx_word' id='word_1_348' title='bbox 334 3051 464 3089; x_wconf 64' lang='lat' dir='ltr'><em>datum</em></span> <span class='ocrx_word' id='word_1_349' title='bbox 482 3048 525 3094; x_wconf 88' lang='lat' dir='ltr'><em>est</em></span> <span class='ocrx_word' id='word_1_350' title='bbox 555 3077 567 3104; x_wconf 84' lang='lat'><em>’.</em></span> <span class='ocrx_word' id='word_1_351' title='bbox 594 3053 785 3095; x_wconf 67' lang='lat' dir='ltr'><em>autfizcere</em></span> <span class='ocrx_word' id='word_1_352' title='bbox 808 3053 990 3092; x_wconf 67' lang='lat' dir='ltr'><em>scribenda</em></span> <span class='ocrx_word' id='word_1_353' title='bbox 1014 3083 1025 3100; x_wconf 90' lang='lat'>‚</span> <span class='ocrx_word' id='word_1_354' title='bbox 1050 3070 1117 3093; x_wconf 80' lang='lat' dir='ltr'><em>aut</em></span> <span class='ocrx_word' id='word_1_355' title='bbox 1139 3059 1289 3100; x_wconf 74' lang='lat' dir='ltr'><em>scribere</em></span> <span class='ocrx_word' id='word_1_356' title='bbox 1312 3061 1359 3099; x_wconf 67' lang='lat' dir='ltr'><em>[e-</em></span> 
     </span>
     <span class='ocr_line' id='line_1_46' title="bbox 333 3100 757 3154; baseline 0.009 -18"><span class='ocrx_word' id='word_1_357' title='bbox 333 3100 462 3154; x_wconf 64' lang='lat' dir='ltr'><em>genda.</em></span> <span class='ocrx_word' id='word_1_358' title='bbox 485 3105 522 3141; x_wconf 72' lang='grc' dir='ltr'><em>ὸζ</em></span> <span class='ocrx_word' id='word_1_359' title='bbox 545 3101 593 3138; x_wconf 79' lang='lat' dir='ltr'><em>lic</em></span> <span class='ocrx_word' id='word_1_360' title='bbox 619 3101 757 3150; x_wconf 59' lang='lat' dir='ltr'><em>pathin.</em></span> 
     </span>
    </p>
   </div>
   <div class='ocr_carea' id='block_1_9' title="bbox 1452 1020 2468 1226">
    <p class='ocr_par' dir='ltr' id='par_1_10' title="bbox 1452 1020 2468 1226">
     <span class='ocr_line' id='line_1_47' title="bbox 1452 1020 2466 1096; baseline -0.008 -19"><span class='ocrx_word' id='word_1_361' title='bbox 1452 1037 1563 1077; x_wconf 91' lang='lat' dir='ltr'><em>non</em></span> <span class='ocrx_word' id='word_1_362' title='bbox 1596 1031 1775 1074; x_wconf 89' lang='lat' dir='ltr'><em>tamen</em></span> <span class='ocrx_word' id='word_1_363' title='bbox 1800 1057 1815 1082; x_wconf 91' lang='lat'>‚</span> <span class='ocrx_word' id='word_1_364' title='bbox 1850 1029 1909 1074; x_wconf 89' lang='lat' dir='ltr'><em>ut</em></span> <span class='ocrx_word' id='word_1_365' title='bbox 1933 1020 2150 1090; x_wconf 87' lang='lat' dir='ltr'><em>quidam</em></span> <span class='ocrx_word' id='word_1_366' title='bbox 2175 1060 2190 1084; x_wconf 89' lang='lat'>‚</span> <span class='ocrx_word' id='word_1_367' title='bbox 2256 1038 2466 1096; x_wconf 78' lang='lat' dir='ltr'><em>tempo..</em></span> 
     </span>
     <span class='ocr_line' id='line_1_48' title="bbox 1464 1090 2466 1167; baseline -0.009 -16"><span class='ocrx_word' id='word_1_368' title='bbox 1464 1095 1479 1122; x_wconf 83' lang='lat'><strong>⁸</strong></span> <span class='ocrx_word' id='word_1_369' title='bbox 1511 1094 1707 1167; x_wconf 85' lang='lat' dir='ltr'><em>Neque</em></span> <span class='ocrx_word' id='word_1_370' title='bbox 1732 1097 1875 1148; x_wconf 87' lang='lat' dir='ltr'><em>enim</em></span> <span class='ocrx_word' id='word_1_371' title='bbox 1905 1090 2047 1163; x_wconf 75' lang='lat' dir='ltr'><em>quasi</em></span> <span class='ocrx_word' id='word_1_372' title='bbox 2074 1092 2190 1148; x_wconf 81' lang='lat' dir='ltr'><em>laffa</em></span> <span class='ocrx_word' id='word_1_373' title='bbox 2215 1094 2268 1150; x_wconf 87' lang='lat'>&amp;</span> <span class='ocrx_word' id='word_1_374' title='bbox 2297 1097 2466 1154; x_wconf 88' lang='lat' dir='ltr'><em>effoe-</em></span> 
     </span>
     <span class='ocr_line' id='line_1_49' title="bbox 1694 1185 2468 1226; baseline -0.006 5"><span class='ocrx_word' id='word_1_375' title='bbox 1694 1200 1695 1203; x_wconf 39' lang='lat'>¹</span> <span class='ocrx_word' id='word_1_376' title='bbox 1977 1213 1980 1217; x_wconf 61' lang='grc'><strong>»</strong></span> <span class='ocrx_word' id='word_1_377' title='bbox 2415 1185 2468 1226; x_wconf 82' lang='lat' dir='ltr'><em>ta</em></span> 
     </span>
    </p>
   </div>
   <div class='ocr_carea' id='block_1_10' title="bbox 1428 1313 2522 2943">
    <p class='ocr_par' dir='ltr' id='par_1_11' title="bbox 1431 1313 2474 1930">
     <span class='ocr_line' id='line_1_50' title="bbox 1485 1313 2470 1368; baseline 0.001 -12"><span class='ocrx_word' id='word_1_378' title='bbox 1485 1331 1508 1356; x_wconf 94' lang='lat'><em>2</em></span> <span class='ocrx_word' id='word_1_379' title='bbox 1538 1314 1736 1368; x_wconf 78' lang='lat' dir='ltr'><em>Imputabis</em></span> <span class='ocrx_word' id='word_1_380' title='bbox 1760 1313 1866 1365; x_wconf 76' lang='lat' dir='ltr'><em>tibi.]</em></span> <span class='ocrx_word' id='word_1_381' title='bbox 1898 1313 1961 1353; x_wconf 89' lang='lat' dir='ltr'><em>Te</em></span> <span class='ocrx_word' id='word_1_382' title='bbox 1983 1313 2184 1359; x_wconf 80' lang='lat' dir='ltr'>accusabis,</span> <span class='ocrx_word' id='word_1_383' title='bbox 2211 1313 2274 1354; x_wconf 87' lang='lat' dir='ltr'><em>tibi</em></span> <span class='ocrx_word' id='word_1_384' title='bbox 2297 1315 2470 1358; x_wconf 84' lang='lat' dir='ltr'>adscribes</span> 
     </span>
     <span class='ocr_line' id='line_1_51' title="bbox 1441 1365 2473 1418; baseline 0 -11"><span class='ocrx_word' id='word_1_385' title='bbox 1441 1370 1479 1407; x_wconf 89' lang='lat'>&amp;</span> <span class='ocrx_word' id='word_1_386' title='bbox 1513 1370 1674 1418; x_wconf 86' lang='lat' dir='ltr'><em>objicies.</em></span> <span class='ocrx_word' id='word_1_387' title='bbox 1725 1367 1861 1405; x_wconf 78' lang='lat' dir='ltr'><em>Plinius</em></span> <span class='ocrx_word' id='word_1_388' title='bbox 1884 1367 1921 1403; x_wconf 90' lang='lat' dir='ltr'><em>in</em></span> <span class='ocrx_word' id='word_1_389' title='bbox 1942 1365 2170 1414; x_wconf 78' lang='lat' dir='ltr'><em>praefatione</em></span> <span class='ocrx_word' id='word_1_390' title='bbox 2192 1367 2304 1406; x_wconf 87' lang='lat' dir='ltr'><em>totius</em></span> <span class='ocrx_word' id='word_1_391' title='bbox 2327 1370 2445 1417; x_wconf 91' lang='lat' dir='ltr'><em>operis</em></span> <span class='ocrx_word' id='word_1_392' title='bbox 2459 1385 2473 1410; x_wconf 81' lang='grc'><em>·.</em></span> 
     </span>
     <span class='ocr_line' id='line_1_52' title="bbox 1441 1416 2472 1470; baseline 0.003 -14"><span class='ocrx_word' id='word_1_393' title='bbox 1441 1426 1543 1457; x_wconf 80' lang='lat' dir='ltr'><em>Hanc</em></span> <span class='ocrx_word' id='word_1_394' title='bbox 1572 1420 1680 1470; x_wconf 65' lang='lat' dir='ltr'><em>igitur</em></span> <span class='ocrx_word' id='word_1_395' title='bbox 1713 1417 1777 1456; x_wconf 85' lang='lat' dir='ltr'><em>tibi</em></span> <span class='ocrx_word' id='word_1_396' title='bbox 1804 1416 2007 1467; x_wconf 84' lang='lat' dir='ltr'><em>imputabis.</em></span> <span class='ocrx_word' id='word_1_397' title='bbox 2039 1418 2177 1456; x_wconf 81' lang='lat' dir='ltr'><em>Seneca</em></span> <span class='ocrx_word' id='word_1_398' title='bbox 2198 1418 2237 1454; x_wconf 87' lang='lat' dir='ltr'><em>in</em></span> <span class='ocrx_word' id='word_1_399' title='bbox 2261 1418 2472 1460; x_wconf 85' lang='lat' dir='ltr'><em>declamati-</em></span> 
     </span>
     <span class='ocr_line' id='line_1_53' title="bbox 1441 1466 2471 1519; baseline 0.002 -10"><span class='ocrx_word' id='word_1_400' title='bbox 1441 1472 1572 1509; x_wconf 84' lang='lat' dir='ltr'><em>onibus</em></span> <span class='ocrx_word' id='word_1_401' title='bbox 1585 1487 1596 1515; x_wconf 88' lang='lat'>;</span> <span class='ocrx_word' id='word_1_402' title='bbox 1628 1468 1867 1519; x_wconf 68' lang='lat' dir='ltr'><em>imputabitur</em></span> <span class='ocrx_word' id='word_1_403' title='bbox 1890 1467 1980 1506; x_wconf 85' lang='lat' dir='ltr'><em>mihi</em></span> <span class='ocrx_word' id='word_1_404' title='bbox 1995 1497 2005 1513; x_wconf 86' lang='lat'><em>‚</em></span> <span class='ocrx_word' id='word_1_405' title='bbox 2021 1466 2054 1519; x_wconf 80' lang='lat' dir='ltr'><em>st</em></span> <span class='ocrx_word' id='word_1_406' title='bbox 2065 1470 2154 1518; x_wconf 83' lang='lat' dir='ltr'><em>quid</em></span> <span class='ocrx_word' id='word_1_407' title='bbox 2164 1467 2336 1508; x_wconf 81' lang='lat' dir='ltr'><em>acciderit.</em></span> <span class='ocrx_word' id='word_1_408' title='bbox 2366 1471 2413 1510; x_wconf 87' lang='lat' dir='ltr'><em>Et</em></span> <span class='ocrx_word' id='word_1_409' title='bbox 2425 1471 2471 1512; x_wconf 88' lang='lat' dir='ltr'><em>de</em></span> 
     </span>
     <span class='ocr_line' id='line_1_54' title="bbox 1441 1519 2470 1568; baseline 0.002 -8"><span class='ocrx_word' id='word_1_410' title='bbox 1441 1521 1663 1560; x_wconf 87' lang='lat' dir='ltr'><em>Beneficiis:</em></span> <span class='ocrx_word' id='word_1_411' title='bbox 1705 1519 1821 1557; x_wconf 80' lang='lat' dir='ltr'><em>Multi</em></span> <span class='ocrx_word' id='word_1_412' title='bbox 1844 1523 1935 1567; x_wconf 86' lang='lat' dir='ltr'><em>sunt</em></span> <span class='ocrx_word' id='word_1_413' title='bbox 1968 1530 2046 1557; x_wconf 84' lang='lat' dir='ltr'><em>tam</em></span> <span class='ocrx_word' id='word_1_414' title='bbox 2078 1520 2197 1558; x_wconf 86' lang='lat' dir='ltr'><em>malae</em></span> <span class='ocrx_word' id='word_1_415' title='bbox 2225 1533 2400 1568; x_wconf 82' lang='lat' dir='ltr'><em>naturae,</em></span> <span class='ocrx_word' id='word_1_416' title='bbox 2427 1536 2470 1562; x_wconf 70' lang='lat' dir='ltr'><em>ua</em></span> 
     </span>
     <span class='ocr_line' id='line_1_55' title="bbox 1442 1569 2471 1623; baseline 0.001 -13"><span class='ocrx_word' id='word_1_417' title='bbox 1442 1573 1576 1611; x_wconf 71' lang='lat' dir='ltr'><em>malint</em></span> <span class='ocrx_word' id='word_1_418' title='bbox 1605 1572 1769 1623; x_wconf 79' lang='lat' dir='ltr'><em>perdere,</em></span> <span class='ocrx_word' id='word_1_419' title='bbox 1799 1583 1888 1621; x_wconf 82' lang='lat' dir='ltr'><em>quae</em></span> <span class='ocrx_word' id='word_1_420' title='bbox 1903 1569 2154 1617; x_wconf 79' lang='lat' dir='ltr'><em>praestiterunt</em></span> <span class='ocrx_word' id='word_1_421' title='bbox 2175 1600 2185 1616; x_wconf 94' lang='lat'>‚</span> <span class='ocrx_word' id='word_1_422' title='bbox 2215 1585 2324 1622; x_wconf 83' lang='lat' dir='ltr'><em>quam</em></span> <span class='ocrx_word' id='word_1_423' title='bbox 2353 1575 2471 1614; x_wconf 80' lang='lat' dir='ltr'><em>videri</em></span> 
     </span>
     <span class='ocr_line' id='line_1_56' title="bbox 1440 1619 2474 1674; baseline 0.002 -13"><span class='ocrx_word' id='word_1_424' title='bbox 1440 1619 1607 1674; x_wconf 48' lang='lat' dir='ltr'><em>‘recepissffi</em></span> <span class='ocrx_word' id='word_1_425' title='bbox 1624 1622 1764 1673; x_wconf 84' lang='lat' dir='ltr'><em>superbi</em></span> <span class='ocrx_word' id='word_1_426' title='bbox 1785 1633 1829 1661; x_wconf 67' lang='lat'><em>&amp;⁴</em></span> <span class='ocrx_word' id='word_1_427' title='bbox 1848 1622 2089 1670; x_wconf 83' lang='lat' dir='ltr'><em>imputatores.</em></span> <span class='ocrx_word' id='word_1_428' title='bbox 2122 1623 2307 1662; x_wconf 88' lang='lat' dir='ltr'><em>Secundus</em></span> <span class='ocrx_word' id='word_1_429' title='bbox 2319 1624 2363 1662; x_wconf 88' lang='lat' dir='ltr'><em>ad</em></span> <span class='ocrx_word' id='word_1_430' title='bbox 2376 1625 2474 1664; x_wconf 86' lang='lat' dir='ltr'><em>Tra-</em></span> 
     </span>
     <span class='ocr_line' id='line_1_57' title="bbox 1434 1673 2470 1725; baseline 0.002 -12"><span class='ocrx_word' id='word_1_431' title='bbox 1434 1676 1590 1725; x_wconf 81' lang='lat' dir='ltr'><em>janum:</em></span> <span class='ocrx_word' id='word_1_432' title='bbox 1618 1675 1745 1712; x_wconf 75' lang='lat' dir='ltr'><em>Eidem</em></span> <span class='ocrx_word' id='word_1_433' title='bbox 1767 1673 1913 1711; x_wconf 79' lang='lat' dir='ltr'><em>civitati</em></span> <span class='ocrx_word' id='word_1_434' title='bbox 1931 1673 2111 1723; x_wconf 83' lang='lat' dir='ltr'><em>imputata</em></span> <span class='ocrx_word' id='word_1_435' title='bbox 2131 1674 2212 1720; x_wconf 76' lang='lat' dir='ltr'><em>funt</em></span> <span class='ocrx_word' id='word_1_436' title='bbox 2225 1686 2327 1712; x_wconf 81' lang='lat' dir='ltr'><em>terna</em></span> <span class='ocrx_word' id='word_1_437' title='bbox 2338 1677 2470 1715; x_wconf 85' lang='lat' dir='ltr'><em>millia.</em></span> 
     </span>
     <span class='ocr_line' id='line_1_58' title="bbox 1439 1724 2473 1778; baseline 0.002 -14"><span class='ocrx_word' id='word_1_438' title='bbox 1439 1727 1593 1765; x_wconf 85' lang='lat' dir='ltr'>Tacitus</span> <span class='ocrx_word' id='word_1_439' title='bbox 1627 1726 1672 1764; x_wconf 89' lang='lat' dir='ltr'><em>de</em></span> <span class='ocrx_word' id='word_1_440' title='bbox 1706 1725 1900 1763; x_wconf 77' lang='lat' dir='ltr'><em>Germanis</em></span> <span class='ocrx_word' id='word_1_441' title='bbox 1926 1737 1933 1762; x_wconf 94' lang='lat'><strong>:</strong></span> <span class='ocrx_word' id='word_1_442' title='bbox 1962 1725 2129 1763; x_wconf 87' lang='lat' dir='ltr'><em>Gaudent</em></span> <span class='ocrx_word' id='word_1_443' title='bbox 2153 1724 2381 1765; x_wconf 75' lang='lat' dir='ltr'><em>muneribus:</em></span> <span class='ocrx_word' id='word_1_444' title='bbox 2402 1729 2473 1778; x_wconf 76' lang='lat' dir='ltr'><em>sed</em></span> 
     </span>
     <span class='ocr_line' id='line_1_59' title="bbox 1437 1775 2471 1826; baseline 0 -12"><span class='ocrx_word' id='word_1_445' title='bbox 1437 1790 1496 1815; x_wconf 79' lang='lat' dir='ltr'><em>nec</em></span> <span class='ocrx_word' id='word_1_446' title='bbox 1517 1778 1607 1815; x_wconf 89' lang='lat' dir='ltr'><em>data</em></span> <span class='ocrx_word' id='word_1_447' title='bbox 1628 1777 1811 1826; x_wconf 85' lang='lat' dir='ltr'><em>imputant</em></span> <span class='ocrx_word' id='word_1_448' title='bbox 1825 1804 1835 1820; x_wconf 91' lang='lat'>,</span> <span class='ocrx_word' id='word_1_449' title='bbox 1863 1788 1922 1813; x_wconf 83' lang='lat' dir='ltr'><em>nec</em></span> <span class='ocrx_word' id='word_1_450' title='bbox 1941 1777 2087 1825; x_wconf 82' lang='lat' dir='ltr'><em>acceptis</em></span> <span class='ocrx_word' id='word_1_451' title='bbox 2111 1775 2322 1825; x_wconf 79' lang='lat' dir='ltr'><em>obligantur.</em></span> <span class='ocrx_word' id='word_1_452' title='bbox 2352 1780 2471 1817; x_wconf 80' lang='lat' dir='ltr'><em>Colu-</em></span> 
     </span>
     <span class='ocr_line' id='line_1_60' title="bbox 1434 1827 2471 1881; baseline 0.004 -15"><span class='ocrx_word' id='word_1_453' title='bbox 1434 1829 1540 1868; x_wconf 81' lang='lat' dir='ltr'><em>mella</em></span> <span class='ocrx_word' id='word_1_454' title='bbox 1566 1843 1573 1867; x_wconf 94' lang='lat'><strong>:</strong></span> <span class='ocrx_word' id='word_1_455' title='bbox 1603 1835 1715 1878; x_wconf 85' lang='lat' dir='ltr'><em>Longe</em></span> <span class='ocrx_word' id='word_1_456' title='bbox 1730 1828 1811 1878; x_wconf 80' lang='lat' dir='ltr'><em>plus</em></span> <span class='ocrx_word' id='word_1_457' title='bbox 1833 1827 2018 1878; x_wconf 83' lang='lat' dir='ltr'><em>imputant</em></span> <span class='ocrx_word' id='word_1_458' title='bbox 2029 1827 2175 1876; x_wconf 76' lang='lat' dir='ltr'><em>seminis</em></span> <span class='ocrx_word' id='word_1_459' title='bbox 2191 1827 2318 1878; x_wconf 66' lang='lat' dir='ltr'><em>jam,</em></span> <span class='ocrx_word' id='word_1_460' title='bbox 2355 1844 2471 1881; x_wconf 83' lang='lat' dir='ltr'><em>quam</em></span> 
     </span>
     <span class='ocr_line' id='line_1_61' title="bbox 1431 1880 2270 1930; baseline -0.002 -12"><span class='ocrx_word' id='word_1_461' title='bbox 1431 1881 1522 1930; x_wconf 85' lang='lat' dir='ltr'><em>quod</em></span> <span class='ocrx_word' id='word_1_462' title='bbox 1537 1880 1709 1929; x_wconf 85' lang='lat' dir='ltr'><em>severint.</em></span> <span class='ocrx_word' id='word_1_463' title='bbox 1739 1880 1771 1917; x_wconf 91' lang='lat' dir='ltr'>C</span> <span class='ocrx_word' id='word_1_464' title='bbox 1786 1893 1805 1916; x_wconf 77' lang='grc' dir='ltr'><strong>Α</strong></span> <span class='ocrx_word' id='word_1_465' title='bbox 1823 1894 1845 1918; x_wconf 82' lang='grc' dir='ltr'>τ</span> <span class='ocrx_word' id='word_1_466' title='bbox 1861 1893 1882 1917; x_wconf 80' lang='grc' dir='ltr'><strong>Α</strong></span> <span class='ocrx_word' id='word_1_467' title='bbox 1898 1891 1933 1917; x_wconf 79' lang='lat' dir='ltr'><em>N.</em></span> <span class='ocrx_word' id='word_1_468' title='bbox 2265 1885 2270 1889; x_wconf 85' lang='grc'><strong>“</strong></span> 
     </span>
    </p>

    <p class='ocr_par' dir='ltr' id='par_1_12' title="bbox 1428 1928 2522 2943">
     <span class='ocr_line' id='line_1_62' title="bbox 1485 1928 2473 1984; baseline 0.003 -16"><span class='ocrx_word' id='word_1_469' title='bbox 1485 1943 1503 1982; x_wconf 88' lang='lat'>3</span> <span class='ocrx_word' id='word_1_470' title='bbox 1535 1938 1655 1983; x_wconf 85' lang='lat' dir='ltr'><em>Neque</em></span> <span class='ocrx_word' id='word_1_471' title='bbox 1686 1931 1779 1968; x_wconf 80' lang='lat' dir='ltr'><em>enim</em></span> <span class='ocrx_word' id='word_1_472' title='bbox 1813 1931 1914 1980; x_wconf 82' lang='lat' dir='ltr'><em>quast</em></span> <span class='ocrx_word' id='word_1_473' title='bbox 1945 1929 2030 1980; x_wconf 85' lang='lat' dir='ltr'><em>laffa</em></span> <span class='ocrx_word' id='word_1_474' title='bbox 2064 1941 2108 1970; x_wconf 64' lang='grc' dir='ltr'><em>ω’</em></span> <span class='ocrx_word' id='word_1_475' title='bbox 2137 1928 2256 1978; x_wconf 86' lang='lat' dir='ltr'><em>effoeta</em></span> <span class='ocrx_word' id='word_1_476' title='bbox 2287 1932 2473 1984; x_wconf 58' lang='lat' dir='ltr'><em>natura]</em></span> 
     </span>
     <span class='ocr_line' id='line_1_63' title="bbox 1434 1980 2466 2034; baseline 0.004 -15"><span class='ocrx_word' id='word_1_477' title='bbox 1434 1982 1524 2020; x_wconf 92' lang='lat' dir='ltr'><em>Hoc</em></span> <span class='ocrx_word' id='word_1_478' title='bbox 1559 1985 1679 2034; x_wconf 85' lang='lat' dir='ltr'><em>plures</em></span> <span class='ocrx_word' id='word_1_479' title='bbox 1711 1980 1920 2021; x_wconf 79' lang='lat' dir='ltr'><em>asseruere:</em></span> <span class='ocrx_word' id='word_1_480' title='bbox 1971 1983 2031 2021; x_wconf 90' lang='lat' dir='ltr'><em>sed</em></span> <span class='ocrx_word' id='word_1_481' title='bbox 2066 1990 2192 2020; x_wconf 82' lang='lat' dir='ltr'><em>contra</em></span> <span class='ocrx_word' id='word_1_482' title='bbox 2216 1993 2302 2020; x_wconf 90' lang='lat' dir='ltr'><em>cum</em></span> <span class='ocrx_word' id='word_1_483' title='bbox 2327 1984 2466 2024; x_wconf 85' lang='lat' dir='ltr'><em>Nostro</em></span> 
     </span>
     <span class='ocr_line' id='line_1_64' title="bbox 1435 2033 2464 2081; baseline 0.005 -12"><span class='ocrx_word' id='word_1_484' title='bbox 1435 2033 1644 2073; x_wconf 85' lang='lat' dir='ltr'><em>Columella</em></span> <span class='ocrx_word' id='word_1_485' title='bbox 1667 2034 1771 2073; x_wconf 84' lang='lat' dir='ltr'><em>sentit</em></span> <span class='ocrx_word' id='word_1_486' title='bbox 1790 2033 2023 2072; x_wconf 77' lang='lat' dir='ltr'><em>Praefatione</em></span> <span class='ocrx_word' id='word_1_487' title='bbox 2046 2034 2394 2081; x_wconf 71' lang='lat' dir='ltr'><em>elegantissimorum</em></span> <span class='ocrx_word' id='word_1_488' title='bbox 2419 2036 2464 2076; x_wconf 91' lang='lat' dir='ltr'><em>de</em></span> 
     </span>
     <span class='ocr_line' id='line_1_65' title="bbox 1432 2085 2474 2134; baseline 0.006 -14"><span class='ocrx_word' id='word_1_489' title='bbox 1432 2094 1471 2122; x_wconf 87' lang='lat' dir='ltr'><em>re</em></span> <span class='ocrx_word' id='word_1_490' title='bbox 1494 2085 1619 2124; x_wconf 85' lang='lat' dir='ltr'><em>rustica</em></span> <span class='ocrx_word' id='word_1_491' title='bbox 1640 2087 1840 2124; x_wconf 84' lang='lat' dir='ltr'><em>librorum:</em></span> <span class='ocrx_word' id='word_1_492' title='bbox 1868 2086 2034 2134; x_wconf 85' lang='lat' dir='ltr'><em>itemque</em></span> <span class='ocrx_word' id='word_1_493' title='bbox 2049 2085 2317 2131; x_wconf 65' lang='lat' dir='ltr'><em>Quinctilianus</em></span> <span class='ocrx_word' id='word_1_494' title='bbox 2332 2087 2412 2125; x_wconf 88' lang='lat' dir='ltr'>Lib.</span> <span class='ocrx_word' id='word_1_495' title='bbox 2436 2088 2474 2126; x_wconf 62' lang='grc' dir='ltr'><em>Ι,</em></span> 
     </span>
     <span class='ocr_line' id='line_1_66' title="bbox 1437 2136 2470 2186; baseline 0.006 -15"><span class='ocrx_word' id='word_1_496' title='bbox 1437 2145 1512 2185; x_wconf 87' lang='lat' dir='ltr'>cap.</span> <span class='ocrx_word' id='word_1_497' title='bbox 1539 2136 1566 2173; x_wconf 78' lang='grc'><em>1“.</em></span> <span class='ocrx_word' id='word_1_498' title='bbox 1607 2138 1718 2186; x_wconf 82' lang='lat' dir='ltr'><em>Quae</em></span> <span class='ocrx_word' id='word_1_499' title='bbox 1741 2137 1916 2174; x_wconf 86' lang='lat' dir='ltr'><em>sententia</em></span> <span class='ocrx_word' id='word_1_500' title='bbox 1939 2148 2024 2174; x_wconf 87' lang='lat' dir='ltr'><em>curn</em></span> <span class='ocrx_word' id='word_1_501' title='bbox 2050 2148 2094 2173; x_wconf 88' lang='lat' dir='ltr'><em>ex</em></span> <span class='ocrx_word' id='word_1_502' title='bbox 2118 2137 2263 2174; x_wconf 80' lang='lat' dir='ltr'><em>illorum</em></span> <span class='ocrx_word' id='word_1_503' title='bbox 2288 2139 2470 2186; x_wconf 10' lang='lat' dir='ltr'><em>opinione?</em></span> 
     </span>
     <span class='ocr_line' id='line_1_67' title="bbox 1435 2183 2463 2238; baseline 0.003 -15"><span class='ocrx_word' id='word_1_504' title='bbox 1435 2183 1641 2236; x_wconf 78' lang='lat' dir='ltr'><em>dependeat</em></span> <span class='ocrx_word' id='word_1_505' title='bbox 1666 2217 1676 2234; x_wconf 91' lang='lat'>‚</span> <span class='ocrx_word' id='word_1_506' title='bbox 1704 2190 1770 2238; x_wconf 90' lang='lat' dir='ltr'><em>qui</em></span> <span class='ocrx_word' id='word_1_507' title='bbox 1811 2187 1994 2226; x_wconf 86' lang='lat' dir='ltr'><em>mundum</em></span> <span class='ocrx_word' id='word_1_508' title='bbox 2032 2198 2102 2224; x_wconf 88' lang='lat' dir='ltr'><em>nec</em></span> <span class='ocrx_word' id='word_1_509' title='bbox 2143 2196 2267 2225; x_wconf 84' lang='lat' dir='ltr'><em>ortum</em></span> <span class='ocrx_word' id='word_1_510' title='bbox 2311 2200 2379 2226; x_wconf 87' lang='lat' dir='ltr'><em>nec</em></span> <span class='ocrx_word' id='word_1_511' title='bbox 2408 2190 2463 2226; x_wconf 83' lang='lat' dir='ltr'><em>in-</em></span> 
     </span>
     <span class='ocr_line' id='line_1_68' title="bbox 1432 2239 2462 2289; baseline 0.002 -15"><span class='ocrx_word' id='word_1_512' title='bbox 1432 2239 1625 2277; x_wconf 83' lang='lat' dir='ltr'><em>teriturum</em></span> <span class='ocrx_word' id='word_1_513' title='bbox 1641 2269 1652 2285; x_wconf 91' lang='lat'>‚</span> <span class='ocrx_word' id='word_1_514' title='bbox 1680 2239 1739 2277; x_wconf 87' lang='lat' dir='ltr'><em>sed</em></span> <span class='ocrx_word' id='word_1_515' title='bbox 1763 2247 1955 2278; x_wconf 83' lang='lat' dir='ltr'><em>aeternum</em></span> <span class='ocrx_word' id='word_1_516' title='bbox 1979 2250 2019 2276; x_wconf 87' lang='lat' dir='ltr'><em>ac</em></span> <span class='ocrx_word' id='word_1_517' title='bbox 2033 2249 2105 2275; x_wconf 83' lang='lat' dir='ltr'><em>una</em></span> <span class='ocrx_word' id='word_1_518' title='bbox 2119 2239 2328 2289; x_wconf 78' lang='lat' dir='ltr'><em>eademque</em></span> <span class='ocrx_word' id='word_1_519' title='bbox 2339 2247 2462 2276; x_wconf 89' lang='lat' dir='ltr'><em>natura</em></span> 
     </span>
     <span class='ocr_line' id='line_1_69' title="bbox 1430 2285 2458 2340; baseline 0.002 -17"><span class='ocrx_word' id='word_1_520' title='bbox 1430 2285 1571 2340; x_wconf 88' lang='lat' dir='ltr'><em>semper</em></span> <span class='ocrx_word' id='word_1_521' title='bbox 1593 2291 1797 2340; x_wconf 84' lang='lat' dir='ltr'><em>praeditum</em></span> <span class='ocrx_word' id='word_1_522' title='bbox 1820 2290 2043 2335; x_wconf 78' lang='lat' dir='ltr'><em>statuebant3</em></span> <span class='ocrx_word' id='word_1_523' title='bbox 2071 2301 2199 2338; x_wconf 82' lang='lat' dir='ltr'><em>capere</em></span> <span class='ocrx_word' id='word_1_524' title='bbox 2212 2289 2458 2339; x_wconf 67' lang='lat' dir='ltr'><em>conjecturam</em></span> 
     </span>
     <span class='ocr_line' id='line_1_70' title="bbox 1428 2337 2457 2386; baseline 0.002 -12"><span class='ocrx_word' id='word_1_525' title='bbox 1428 2337 1536 2386; x_wconf 88' lang='lat' dir='ltr'><em>licet,</em></span> <span class='ocrx_word' id='word_1_526' title='bbox 1563 2341 1755 2382; x_wconf 72' lang='lat' dir='ltr'><em>auctorem</em></span> <span class='ocrx_word' id='word_1_527' title='bbox 1790 2341 1954 2379; x_wconf 89' lang='lat' dir='ltr'><em>nostrum</em></span> <span class='ocrx_word' id='word_1_528' title='bbox 1984 2353 2053 2379; x_wconf 89' lang='lat' dir='ltr'><em>nec</em></span> <span class='ocrx_word' id='word_1_529' title='bbox 2085 2342 2254 2386; x_wconf 81' lang='lat' dir='ltr'><em>Stoicae,</em></span> <span class='ocrx_word' id='word_1_530' title='bbox 2280 2350 2347 2378; x_wconf 89' lang='lat' dir='ltr'><em>nec</em></span> <span class='ocrx_word' id='word_1_531' title='bbox 2371 2338 2457 2385; x_wconf 85' lang='lat' dir='ltr'>Epi-</span> 
     </span>
     <span class='ocr_line' id='line_1_71' title="bbox 1429 2387 2455 2443; baseline 0 -18"><span class='ocrx_word' id='word_1_532' title='bbox 1429 2401 1560 2431; x_wconf 74' lang='lat' dir='ltr'><em>cureae</em></span> <span class='ocrx_word' id='word_1_533' title='bbox 1583 2393 1699 2433; x_wconf 60' lang='lat' dir='ltr'><em>sectae</em></span> <span class='ocrx_word' id='word_1_534' title='bbox 1725 2422 1735 2437; x_wconf 91' lang='lat'>,</span> <span class='ocrx_word' id='word_1_535' title='bbox 1764 2394 1821 2431; x_wconf 88' lang='lat' dir='ltr'><em>cui</em></span> <span class='ocrx_word' id='word_1_536' title='bbox 1844 2393 2052 2431; x_wconf 75' lang='lat' dir='ltr'><em>avunculus.</em></span> <span class='ocrx_word' id='word_1_537' title='bbox 2070 2391 2211 2430; x_wconf 79' lang='lat' dir='ltr'><em>deditus</em></span> <span class='ocrx_word' id='word_1_538' title='bbox 2234 2392 2369 2428; x_wconf 87' lang='lat' dir='ltr'><em>fuerat:</em></span> <span class='ocrx_word' id='word_1_539' title='bbox 2397 2387 2455 2443; x_wconf 63' lang='lat' dir='ltr'><em>seq</em></span> 
     </span>
     <span class='ocr_line' id='line_1_72' title="bbox 1430 2438 2454 2494; baseline -0.003 -17"><span class='ocrx_word' id='word_1_540' title='bbox 1430 2440 1682 2483; x_wconf 82' lang='lat' dir='ltr'><em>Aristotelicae</em></span> <span class='ocrx_word' id='word_1_541' title='bbox 1709 2444 1965 2493; x_wconf 80' lang='lat' dir='ltr'><em>Philosophiae</em></span> <span class='ocrx_word' id='word_1_542' title='bbox 1995 2443 2180 2482; x_wconf 68' lang='lat' dir='ltr'><em>addictum</em></span> <span class='ocrx_word' id='word_1_543' title='bbox 2213 2438 2314 2486; x_wconf 63' lang='lat' dir='ltr'><em>fuisse</em></span> <span class='ocrx_word' id='word_1_544' title='bbox 2336 2466 2345 2482; x_wconf 90' lang='lat'><em>‚</em></span> <span class='ocrx_word' id='word_1_545' title='bbox 2370 2448 2454 2494; x_wconf 27' lang='lat' dir='ltr'><em>‘qui</em></span> 
     </span>
     <span class='ocr_line' id='line_1_73' title="bbox 1428 2487 2453 2544; baseline -0.011 -10"><span class='ocrx_word' id='word_1_546' title='bbox 1428 2492 1507 2540; x_wconf 81' lang='lat' dir='ltr'><em>post</em></span> <span class='ocrx_word' id='word_1_547' title='bbox 1541 2495 1714 2535; x_wconf 84' lang='lat' dir='ltr'><em>Ocellum</em></span> <span class='ocrx_word' id='word_1_548' title='bbox 1750 2497 1949 2533; x_wconf 85' lang='lat' dir='ltr'><em>Lucanum</em></span> <span class='ocrx_word' id='word_1_549' title='bbox 1981 2495 2228 2532; x_wconf 80' lang='lat' dir='ltr'><em>aeternitatem</em></span> <span class='ocrx_word' id='word_1_550' title='bbox 2253 2487 2376 2544; x_wconf 75' lang='lat' dir='ltr'><em>mundi</em></span> <span class='ocrx_word' id='word_1_551' title='bbox 2399 2498 2453 2524; x_wconf 86' lang='lat' dir='ltr'><em>m-</em></span> 
     </span>
     <span class='ocr_line' id='line_1_74' title="bbox 1428 2537 2453 2596; baseline -0.009 -15"><span class='ocrx_word' id='word_1_552' title='bbox 1428 2545 1553 2591; x_wconf 79' lang='lat' dir='ltr'>primis</span> <span class='ocrx_word' id='word_1_553' title='bbox 1574 2547 1754 2586; x_wconf 80' lang='lat' dir='ltr'><em>adstruxit.</em></span> <span class='ocrx_word' id='word_1_554' title='bbox 1777 2546 1881 2596; x_wconf 86' lang='lat' dir='ltr'>Quid</span> <span class='ocrx_word' id='word_1_555' title='bbox 1905 2545 2084 2585; x_wconf 83' lang='lat' dir='ltr'><em>Critolaus</em></span> <span class='ocrx_word' id='word_1_556' title='bbox 2107 2544 2145 2580; x_wconf 71' lang='grc' dir='ltr'><em>ὅ(</em></span> <span class='ocrx_word' id='word_1_557' title='bbox 2166 2539 2336 2578; x_wconf 80' lang='lat' dir='ltr'><em>Boethius</em></span> <span class='ocrx_word' id='word_1_558' title='bbox 2357 2537 2453 2585; x_wconf 86' lang='lat' dir='ltr'><em>post-</em></span> 
     </span>
     <span class='ocr_line' id='line_1_75' title="bbox 1433 2596 2452 2646; baseline 0.002 -14"><span class='ocrx_word' id='word_1_559' title='bbox 1433 2605 1475 2632; x_wconf 81' lang='lat' dir='ltr'><em>ea</em></span> <span class='ocrx_word' id='word_1_560' title='bbox 1498 2596 1727 2646; x_wconf 74' lang='lat' dir='ltr'><em>Peripatetici</em></span> <span class='ocrx_word' id='word_1_561' title='bbox 1751 2600 1788 2637; x_wconf 67' lang='grc' dir='ltr'><em>ὃ(</em></span> <span class='ocrx_word' id='word_1_562' title='bbox 1821 2597 1885 2646; x_wconf 79' lang='lat' dir='ltr'><em>ipfi</em></span> <span class='ocrx_word' id='word_1_563' title='bbox 1917 2596 2089 2634; x_wconf 75' lang='lat' dir='ltr'><em>asseruere</em></span> <span class='ocrx_word' id='word_1_564' title='bbox 2111 2620 2122 2635; x_wconf 88' lang='lat'><strong>,</strong></span> <span class='ocrx_word' id='word_1_565' title='bbox 2161 2598 2316 2644; x_wconf 74' lang='lat' dir='ltr'><em>quornm</em></span> <span class='ocrx_word' id='word_1_566' title='bbox 2344 2597 2452 2641; x_wconf 52' lang='lat' dir='ltr'><em>,asgu-</em></span> 
     </span>
     <span class='ocr_line' id='line_1_76' title="bbox 1433 2635 2453 2697; baseline -0.01 -16"><span class='ocrx_word' id='word_1_567' title='bbox 1433 2655 1558 2685; x_wconf 80' lang='lat' dir='ltr'><em>menta</em></span> <span class='ocrx_word' id='word_1_568' title='bbox 1593 2650 1697 2688; x_wconf 88' lang='lat' dir='ltr'><em>Philo</em></span> <span class='ocrx_word' id='word_1_569' title='bbox 1716 2678 1726 2695; x_wconf 90' lang='lat'><em>,</em></span> <span class='ocrx_word' id='word_1_570' title='bbox 1771 2651 1809 2688; x_wconf 69' lang='grc' dir='ltr'><em>ὅ(</em></span> <span class='ocrx_word' id='word_1_571' title='bbox 1831 2649 1903 2697; x_wconf 89' lang='lat' dir='ltr'><em>ipse</em></span> <span class='ocrx_word' id='word_1_572' title='bbox 1923 2647 2029 2694; x_wconf 86' lang='lat' dir='ltr'><em>hujus</em></span> <span class='ocrx_word' id='word_1_573' title='bbox 2050 2643 2242 2680; x_wconf 73' lang='lat' dir='ltr'><em>sententiae</em></span> <span class='ocrx_word' id='word_1_574' title='bbox 2264 2635 2453 2695; x_wconf 51' lang='lat' dir='ltr'><em>adsimus-32-</em></span> 
     </span>
     <span class='ocr_line' id='line_1_77' title="bbox 1432 2687 2451 2749; baseline 0 -17"><span class='ocrx_word' id='word_1_575' title='bbox 1432 2703 1510 2742; x_wconf 75' lang='lat' dir='ltr'><em>tor,</em></span> <span class='ocrx_word' id='word_1_576' title='bbox 1539 2700 1624 2748; x_wconf 71' lang='grc' dir='ltr'><em>πεξὶ</em></span> <span class='ocrx_word' id='word_1_577' title='bbox 1649 2700 1850 2749; x_wconf 49' lang='lat' dir='ltr'><em>ambago-loce</em></span> <span class='ocrx_word' id='word_1_578' title='bbox 1873 2699 1988 2737; x_wconf 58' lang='lat' dir='ltr'><em>»ficem</em></span> <span class='ocrx_word' id='word_1_579' title='bbox 2011 2691 2177 2745; x_wconf 34' lang='lat' dir='ltr'><em>recens-et·</em></span> <span class='ocrx_word' id='word_1_580' title='bbox 2206 2687 2302 2743; x_wconf 62' lang='lat' dir='ltr'><em>NMU</em></span> <span class='ocrx_word' id='word_1_581' title='bbox 2320 2690 2451 2745; x_wconf 47' lang='lat' dir='ltr'><em>Stoici,</em></span> 
     </span>
     <span class='ocr_line' id='line_1_78' title="bbox 1435 2738 2454 2799; baseline -0.005 -13"><span class='ocrx_word' id='word_1_582' title='bbox 1435 2749 1474 2786; x_wconf 70' lang='lat'><em>8&lt;</em></span> <span class='ocrx_word' id='word_1_583' title='bbox 1506 2750 1699 2799; x_wconf 83' lang='lat' dir='ltr'><em>Epicuraei</em></span> <span class='ocrx_word' id='word_1_584' title='bbox 1731 2751 1818 2787; x_wconf 72' lang='lat' dir='ltr'><em>ficut</em></span> <span class='ocrx_word' id='word_1_585' title='bbox 1851 2746 1977 2793; x_wconf 80' lang='lat' dir='ltr'><em>origini</em></span> <span class='ocrx_word' id='word_1_586' title='bbox 2009 2752 2047 2778; x_wconf 86' lang='lat' dir='ltr'><em>ac</em></span> <span class='ocrx_word' id='word_1_587' title='bbox 2081 2738 2141 2776; x_wconf 81' lang='lat' dir='ltr'><em>fini</em></span> <span class='ocrx_word' id='word_1_588' title='bbox 2166 2766 2176 2781; x_wconf 69' lang='lat'><em>2</em></span> <span class='ocrx_word' id='word_1_589' title='bbox 2217 2747 2262 2794; x_wconf 48' lang='lat'><em>¹521</em></span> <span class='ocrx_word' id='word_1_590' title='bbox 2296 2741 2333 2776; x_wconf 59' lang='grc' dir='ltr'>ἃ</span> <span class='ocrx_word' id='word_1_591' title='bbox 2356 2744 2454 2777; x_wconf 74' lang='lat' dir='ltr'>1c1110</span> 
     </span>
     <span class='ocr_line' id='line_1_79' title="bbox 1436 2789 2522 2839; baseline 0 -2"><span class='ocrx_word' id='word_1_592' title='bbox 1436 2800 1639 2839; x_wconf 81' lang='lat' dir='ltr'><em>obnoxium</em></span> <span class='ocrx_word' id='word_1_593' title='bbox 1666 2800 1846 2839; x_wconf 80' lang='lat' dir='ltr'><em>mundum</em></span> <span class='ocrx_word' id='word_1_594' title='bbox 1871 2794 2074 2833; x_wconf 61' lang='lat' dir='ltr'><em>statuebant.</em></span> <span class='ocrx_word' id='word_1_595' title='bbox 2129 2791 2219 2837; x_wconf 76' lang='lat' dir='ltr'><em>QUO</em></span> <span class='ocrx_word' id='word_1_596' title='bbox 2238 2789 2292 2825; x_wconf 59' lang='lat'><em>¹¹¹³</em></span> <span class='ocrx_word' id='word_1_597' title='bbox 2318 2791 2456 2827; x_wconf 65' lang='lat' dir='ltr'>LUffl&#39;·</span> <span class='ocrx_word' id='word_1_598' title='bbox 2507 2803 2522 2819; x_wconf 75' lang='lat'>‘</span> 
     </span>
     <span class='ocr_line' id='line_1_80' title="bbox 1436 2841 2456 2901; baseline -0.009 -13"><span class='ocrx_word' id='word_1_599' title='bbox 1436 2851 1496 2897; x_wconf 87' lang='lat' dir='ltr'><em>tii,</em></span> <span class='ocrx_word' id='word_1_600' title='bbox 1525 2853 1588 2901; x_wconf 89' lang='lat' dir='ltr'><em>qui</em></span> <span class='ocrx_word' id='word_1_601' title='bbox 1613 2853 1658 2890; x_wconf 89' lang='lat' dir='ltr'><em>de</em></span> <span class='ocrx_word' id='word_1_602' title='bbox 1682 2851 1814 2887; x_wconf 78' lang='lat' dir='ltr'>familia</span> <span class='ocrx_word' id='word_1_603' title='bbox 1838 2846 1982 2895; x_wconf 84' lang='lat' dir='ltr'><em>Epicuri</em></span> <span class='ocrx_word' id='word_1_604' title='bbox 1996 2843 2085 2885; x_wconf 88' lang='lat' dir='ltr'><em>fuit,</em></span> <span class='ocrx_word' id='word_1_605' title='bbox 2112 2842 2295 2889; x_wconf 81' lang='lat' dir='ltr'><em>pertinent</em></span> <span class='ocrx_word' id='word_1_606' title='bbox 2312 2842 2391 2879; x_wconf 88' lang='lat' dir='ltr'>Lib.</span> <span class='ocrx_word' id='word_1_607' title='bbox 2408 2841 2456 2880; x_wconf 86' lang='lat'><em>11.</em></span> 
     </span>
     <span class='ocr_line' id='line_1_81' title="bbox 1437 2902 1799 2943; baseline -0.017 -3"><span class='ocrx_word' id='word_1_608' title='bbox 1437 2902 1483 2940; x_wconf 89' lang='lat' dir='ltr'><em>de</em></span> <span class='ocrx_word' id='word_1_609' title='bbox 1507 2910 1634 2943; x_wconf 80' lang='lat' dir='ltr'><em>natura</em></span> <span class='ocrx_word' id='word_1_610' title='bbox 1656 2911 1799 2938; x_wconf 81' lang='lat' dir='ltr'><em>rerum:</em></span> 
     </span>
    </p>
   </div>
   <div class='ocr_carea' id='block_1_11' title="bbox 1483 2993 2458 3095">
    <p class='ocr_par' dir='ltr' id='par_1_13' title="bbox 1483 2993 2458 3095">
     <span class='ocr_line' id='line_1_82' title="bbox 1483 2993 2458 3049; baseline -0.013 -3"><span class='ocrx_word' id='word_1_611' title='bbox 1483 3002 1643 3049; x_wconf 76' lang='lat' dir='ltr'><em>Jamque</em></span> <span class='ocrx_word' id='word_1_612' title='bbox 1663 2999 1746 3034; x_wconf 66' lang='lat' dir='ltr'><em>“d“</em></span> <span class='ocrx_word' id='word_1_613' title='bbox 1769 2993 1900 3032; x_wconf 64' lang='lat' dir='ltr'><em>effoffl</em></span> <span class='ocrx_word' id='word_1_614' title='bbox 1921 2994 1964 3040; x_wconf 67' lang='lat' dir='ltr'><em>‘fl</em></span> <span class='ocrx_word' id='word_1_615' title='bbox 1987 3005 2084 3033; x_wconf 78' lang='lat' dir='ltr'><em>aetas</em></span> <span class='ocrx_word' id='word_1_616' title='bbox 2099 3024 2108 3040; x_wconf 92' lang='lat'>‚</span> <span class='ocrx_word' id='word_1_617' title='bbox 2123 2994 2331 3044; x_wconf 78' lang='lat' dir='ltr'><em>effoetaque</em></span> <span class='ocrx_word' id='word_1_618' title='bbox 2354 2994 2458 3033; x_wconf 84' lang='lat' dir='ltr'><em>tellus</em></span> 
     </span>
     <span class='ocr_line' id='line_1_83' title="bbox 1485 3046 2015 3095; baseline -0.009 -7"><span class='ocrx_word' id='word_1_619' title='bbox 1485 3050 1549 3090; x_wconf 82' lang='lat' dir='ltr'><em>Vix</em></span> <span class='ocrx_word' id='word_1_620' title='bbox 1571 3046 1745 3088; x_wconf 75' lang='lat' dir='ltr'><em>animatia</em></span> <span class='ocrx_word' id='word_1_621' title='bbox 1763 3053 1887 3095; x_wconf 82' lang='lat' dir='ltr'><em>parva</em></span> <span class='ocrx_word' id='word_1_622' title='bbox 1911 3057 2015 3083; x_wconf 80' lang='lat' dir='ltr'><em>creat.</em></span> 
     </span>
    </p>
   </div>
   <div class='ocr_carea' id='block_1_12' title="bbox 2365 3147 2473 3197">
    <p class='ocr_par' dir='ltr' id='par_1_14' title="bbox 2365 3147 2473 3197">
     <span class='ocr_line' id='line_1_84' title="bbox 2365 3147 2473 3197; baseline 0.009 -10"><span class='ocrx_word' id='word_1_623' title='bbox 2365 3147 2473 3197; x_wconf 20' lang='lat' dir='ltr'><em>*Ite-u:⁴</em></span> 
     </span>
    </p>
   </div>
  </div>
 </body>
</html>
