2616 3686
292 199 389 248 820
529 175 2208 242 C.P1L1N11CAECILIISECUNnr

299 277 464 334 dendi
490 271 666 336 fuisse,
684 278 701 301 ¹
725 267 1013 339 rursusque
1039 264 1280 320 coeundi
1304 261 1372 317 ad
1391 259 1714 333 capiendum
1730 257 1912 313 cibum
1928 299 1943 324 ,
1958 257 2328 329 promiscuum
2352 264 2430 314 134-

301 371 426 408 111οη
443 350 526 421 ,δε
549 347 836 409 innoxium
853 361 864 396 ε
881 339 1033 414 quod
1058 339 1228 411 ipsum
1253 338 1430 392 facere
1455 333 1653 388 desiisse
1679 334 1798 405 post
1822 331 2059 386 edictum
2081 349 2263 386 meum
2280 372 2294 396 ‚
2317 350 2430 405 quo

230 432 257 480 8
306 428 603 484 secundum
630 419 875 477 mandata
902 432 993 470 tua
1021 422 1038 445 ²
1060 414 1313 468 hetaeriae
1329 409 1433 462 effe
1448 408 1739 463 vetueram.
1755 408 1887 480 Quo
1903 409 2069 478 magis
2087 407 2436 462 necessarium

306 502 518 558 credidi
533 516 633 563 ,ex
657 494 863 549 duabus
892 490 1093 545 ancillis
1115 494 1131 521 ³
1156 503 1291 556 quae
1308 480 1572 537 ministrae
1591 481 1910 536 dicebantur
1927 481 2089 552 ‚quid
2109 480 2234 536 esset
2250 485 2363 536 veri
2379 483 2460 535 &‘

304 595 401 650 per
419 587 689 632 tormenta
703 581 980 642 quaerere.
998 561 1144 617 Nihil
1159 560 1299 614 aliud
1313 558 1512 620 inveni,
1527 574 1691 629 quam
1705 553 2157 627 ⁴superstitionem
2172 562 2185 590 ⁵
2198 574 2436 628 pravam,

2244 648 2438 686 11111110-

308 774 397 814 diem
415 774 502 812 data
522 774 623 821 sunt,
651 778 695 809 vy
711 766 906 816 adpellatos
918 762 992 812 fine
1015 759 1155 812 querela
1173 756 1338 796 reddere.
1413 755 1494 794 Lib.
1523 755 1591 794 IV.
1616 756 1642 795 f.
1670 768 1752 807 155.
1773 755 1876 807 quod
1897 756 2007 794 etiam
2027 756 2085 795 illa
2106 755 2252 804 antiqua
2268 754 2377 794 lediio
2397 755 2447 793 sa-

306 826 475 864 Valerius
498 823 648 860 Maxim.
677 820 758 857 Lib.
783 817 852 855 IV.
877 826 954 863 cap.
981 812 1087 851 thl.
1110 823 1145 848 n.
1173 822 1207 860 3.
1234 821 1339 859 neque
1399 810 1456 845 'tis
1474 806 1601 855 arguit.

306 878 348 914 de
380 877 472 914 sorte
503 883 710 924 quemquam
741 869 945 907 debitorum
969 864 1139 915 suorum,
1167 873 1272 910 neque
1298 860 1338 896 de
1468 868 1486 907 3
1530 857 1642 907 Qae
1655 856 1836 905 ministrae
1863 856 2102 908 dicebanturq
2139 853 2360 896 Diaconissas
2386 857 2444 895 in-

303 928 404 965 usura
423 940 442 963 a
456 926 528 973 suis
546 923 710 971 adpellari
727 918 840 969 paffus
860 917 914 962 est.
939 916 962 953 1.
993 927 1049 963 ις.
1080 914 1113 954 §.
1143 923 1204 962 33.
1231 927 1271 947 π.
1293 909 1339 947 de
1414 907 1549 956 telligit.
1575 907 1603 944 B
1618 918 1747 944 ucnu
1761 920 1783 945 Β
1799 922 1838 946 n.

304 978 411 1026 injur.
439 977 477 1013 δὲ
497 973 625 1013 famofi
641 973 675 1025 fi
695 971 766 1022 quis
789 981 855 1007 non
874 965 1059 1005 debitorem
1082 963 1178 1013 quasi
1198 961 1340 1017 debit-0·
1465 971 1499 1015 4..
1527 957 1830 1007 superstitionem]
1857 957 2123 1007 supervacuam
2138 960 2349 1008 religionem
2364 957 2444 997 :sed

304 1039 384 1066 rem
404 1025 632 1075 adpellauerit
649 1023 797 1072 injuriae
817 1018 999 1066 faciendae
1032 1014 1165 1064 cauJJa,
1191 1013 1340 1050 imuma-
1415 1018 1535 1057 potrus
1565 1018 1695 1047 verum
1726 1009 1799 1046 Dei
1829 1009 1982 1047 cultum.
2017 1010 2138 1047 minus
2166 1020 2290 1048 tamen
2323 1010 2443 1058 aspere

305 1092 388 1116 rum
408 1088 554 1117 tenetur.
578 1074 672 1113 adde
697 1078 787 1120 Leg.
821 1071 874 1107 16.
908 1070 944 1110 §..
971 1069 1033 1104 vlt.
1060 1083 1100 1102 or.
1122 1063 1167 1101 de
1182 1058 1337 1107 fidejuff.
1416 1060 1577 1116 loquitur
1597 1057 1782 1098 Secundus
1801 1057 1846 1098 de
1867 1057 2217 1108 Christianis,quam
2240 1061 2348 1100 amici
2369 1063 2445 1109 ejus

307 1131 348 1168 δε
368 1128 526 1166 mandat.
555 1126 656 1164 Plura
678 1123 773 1162 dabit
797 1116 1037 1159 Gruterusad
1058 1115 1184 1154 Senec.
1210 1112 1277 1151 111.
1296 1111 1342 1150 de
1379 1122 1387 1189 ἱ
1418 1110 1570 1148 Tacitus
1590 1110 1629 1147 δε
1651 1109 1907 1159 Tranquillus,
1932 1120 2092 1158 quorum
2110 1110 2194 1154 ille,
2223 1118 2261 1147 ut
2280 1118 2355 1148 erat
2376 1122 2447 1148 no-

305 1180 437 1218 Benef.
462 1190 540 1227 cap.
563 1176 651 1214 Vll.
681 1176 782 1212 1..οΝ
799 1180 996 1210 comus.
1252 1202 1255 1203 ⁷
1417 1160 1507 1199 strae
1535 1160 1620 1199 fidei
1648 1162 1842 1198 acerrimus
1872 1161 2005 1206 hostis,
2032 1160 2142 1199 refert
2161 1171 2224 1209 per
2241 1160 2370 1209 flagitia
2391 1161 2446 1199 in-

364 1243 397 1269 1.
423 1227 614 1278 Rursusque
633 1225 772 1264 coeundi
791 1223 839 1259 ad
858 1219 1058 1270 capiendum
1067 1213 1212 1264 cibum]
1229 1212 1344 1257 Α’γιέ-
1416 1212 1532 1256 visos,
1553 1223 1579 1250 ‚a
1616 1212 1730 1260 vulgo
1757 1211 1975 1249 Christianos
2007 1211 2224 1260 appellatos,
2262 1214 2300 1249 ὃς
2332 1210 2444 1250 fidem

306 1298 372 1322 orm
405 1281 587 1328 intelligit:
624 1289 737 1328 quarn
772 1275 875 1314 sacris
905 1270 1011 1308 finitis
1039 1266 1212 1305 convictu
1241 1276 1346 1302 com-
1413 1262 1572 1300 nostram
1612 1261 1878 1312 superstitionem
1909 1261 2122 1300 exitiabilem
2161 1269 2335 1300 autumat.
2374 1272 2445 1300 nec

308 1333 541 1380 muniatque
560 1328 766 1378 promiscuo
787 1321 976 1362 Christiani
994 1317 1230 1356 celebrabant.
1283 1315 1345 1352 De
1374 1314 1377 1389 h
1414 1325 1534 1352 minus
1551 1314 1836 1352 atrocitersaevit
1847 1312 2095 1362 Tranquillus,
2099 1313 2368 1364 superstitionem
2381 1325 2443 1350 no-

309 1394 382 1432 qua
404 1381 649 1420 Tertullianus
671 1377 832 1426 Apolog.
857 1384 932 1421 cap.
962 1369 1134 1409 XXXIX.
1161 1366 1345 1415 Chrysost.
1376 1397 1377 1418 ³
1411 1377 1500 1402 vam
1510 1376 1550 1402 ac
1563 1363 1757 1413 maleficam
1769 1362 1946 1402 eructans.
1961 1365 2066 1400 Cir-r
2084 1365 2357 1412 areg-untur
2380 1363 2441 1403 ista

308 1433 460 1472 Hor-nil.
484 1430 645 1469 XXVII.
672 1430 711 1468 in
733 1427 762 1465 Ι.
791 1425 888 1462 Pauli
915 1421 959 1460 ad
988 1419 1200 1458 Corinthios
1233 1420 1271 1454 ὅ(
1289 1417 1346 1454 alii
1376 1422 1377 1427 ’
1410 1415 1507 1463 apud
1518 1415 1691 1453 Tacitum
1705 1414 2160 1463 XV.Annal.cap.XLIV.
2180 1415 2446 1454 &Suetonium

309 1486 444 1536 plures.
466 1482 494 1520 Β
509 1493 568 1520 uc
584 1491 724 1518 HNER.
777 1476 949 1513 Maxime
978 1471 1058 1509 talia
1080 1468 1253 1517 congeffit
1272 1467 1346 1505 sae·
1376 1494 1378 1520 ,
1412 1466 1500 1504 Ner.
1528 1477 1606 1513 cap.
1631 1465 1736 1504 XVI.
1763 1476 1845 1502 curn
1869 1476 1946 1513 quo
1965 1467 2052 1502 loco
2076 1466 2218 1515 egregie
2238 1466 2445 1514 composuit

308 1538 389 1585 pius
406 1534 566 1573 laudatus
584 1531 766 1569 Boeluner
784 1524 875 1564 Diff.
902 1523 970 1563 lV.
981 1521 1027 1559 ad
1052 1521 1088 1559 h.
1116 1521 1138 1558 l.
1162 1521 1348 1577 Praeterea
1376 1527 1378 1567 J
1410 1517 1481 1563 Jos.
1508 1516 1661 1564 Scaliger
1678 1523 1843 1554 veterem
1874 1515 2141 1565 inscriptionem
2158 1544 2168 1561 ,
2194 1527 2288 1566 quae
2311 1515 2446 1554 Pisuer-

307 1587 462 1624 observo
484 1586 521 1623 in
542 1580 646 1621 Voss.
669 1580 752 1618 MS.
778 1573 898 1615 abesse
917 1584 1048 1612 vocem
1066 1568 1346 1619 ,coeund1,quod
1411 1577 1478 1614 gae
1521 1567 1560 1605 in
1607 1566 1776 1615 Hispania
1823 1567 1974 1605 inventa
2028 1565 2095 1604 fuit
2117 1579 2131 1604 2
2189 1569 2222 1603 N
2236 1567 2310 1604 ER
2325 1567 2361 1604 O
2379 1566 2442 1607 NI

307 1644 448 1686 praeter
465 1637 524 1682 Jo.
551 1634 597 1672 de
616 1631 774 1671 Tridino
793 1638 910 1666 nemo
930 1625 1070 1664 secutus
1089 1622 1151 1660 est.
1178 1621 1260 1658 Nec
1278 1632 1347 1657 nos
1413 1618 1446 1654 C
1464 1618 1497 1655 L
1512 1619 1546 1654 A
1559 1618 1597 1654 U
1611 1617 1648 1654 D
1663 1619 1674 1653 1
1689 1617 1725 1654 O
1757 1616 1789 1653 C
1803 1617 1840 1654 A
1853 1616 1884 1654 E
1898 1617 1966 1655 SA
1980 1616 2043 1655 RI
2081 1618 2113 1654 A
2128 1616 2168 1653 U
2181 1617 2228 1656 G.
2256 1618 2279 1655 P
2292 1617 2329 1655 O
2344 1617 2444 1657 NT.

307 1688 346 1727 id
375 1689 479 1736 plane
508 1686 683 1724 damnare
709 1680 908 1723 audemus,
944 1676 1008 1724 qui
1035 1675 1231 1716 novimus,
1257 1671 1346 1710 rude
1411 1669 1502 1707 MA
1519 1668 1564 1706 X.
1599 1668 1636 1706 O
1650 1667 1677 1705 B
1723 1668 1749 1705 P
1765 1668 1846 1705 Ro
1862 1666 1974 1706 VIN
1989 1667 2045 1705 CI
2061 1668 2148 1704 AM
2191 1668 2224 1704 t.
2239 1667 2322 1705 AT
2339 1668 2373 1705 R
2387 1669 2444 1705 O-

310 1739 495 1777 editorum
527 1737 639 1784 vulgo
669 1734 771 1770 facile
794 1727 921 1771 fuiffe,
946 1723 1134 1765 hincinde
1163 1723 1347 1761 intrudere
1376 1740 1378 1743 .
1412 1718 1605 1758 NIBUS
1643 1717 1725 1755 ET
1765 1717 1868 1756 HIS
1904 1716 2018 1766 QUI
2054 1717 2238 1755 NOVA
2256 1721 2293 1755 M
2344 1719 2445 1756 GE..

310 1801 447 1830 voces.
478 1799 579 1836 quo,
607 1793 647 1823 ut
664 1781 730 1832 ipfi
748 1780 963 1822 censebant,
989 1776 1115 1813 omnia
1139 1771 1252 1811 essent
1273 1775 1378 1821 pla-,
1412 1770 1564 1808 NERl
1619 1768 1711 1807 HU
1727 1768 1917 1806 MANO
1974 1767 2175 1806 SUPER
2193 1768 2445 1808 STITIO·

313 1852 375 1879 113.
424 1838 549 1877 Simile
588 1835 739 1883 contigit
769 1832 869 1879 supra
903 1827 1010 1877 Epist.
1040 1823 1233 1864 LXXXV.
1258 1832 1349 1864 extr.
1378 1857 1380 1865 ,
1413 1820 1552 1859 ΝΕΜ
1633 1819 2131 1857 INCULCARANT
2207 1820 2444 1858 PURGA-

314 1892 376 1930 ubi
396 1889 544 1934 iisdem,
570 1888 634 1935 qui
651 1887 710 1924 hic
739 1881 944 1923 discedunt,
972 1878 1091 1916 invitis
1111 1875 1347 1924 adjunxerant
1412 1872 1451 1910 T
1467 1873 1569 1909 AM.
1621 1870 1669 1908 Et
1691 1872 1738 1909 ita
1761 1870 1985 1917 judaeorum
2007 1869 2342 1908 Christianorumve
2369 1871 2449 1910 reli-

315 1941 518 1980 deliberare.
570 1938 740 1976 Diximus
765 1933 814 1971 ibi
845 1942 922 1970 non
951 1928 1049 1967 nihil.
1084 1926 1180 1970 Hic,
1205 1923 1231 1962 fi
1261 1925 1349 1963 velis
1413 1924 1475 1972 gio
1497 1933 1574 1959 non
1585 1921 1693 1960 semel
1706 1922 1885 1971 Romanis
1896 1919 2017 1959 audiit.
2030 1920 2167 1958 Seneca
2181 1920 2446 1969 Epist.CV111.

313 1991 434 2031 abeffe
464 1989 623 2034 coeundi,
648 1987 719 2026 tale
748 1981 836 2033 quid
865 1980 1031 2023 adsumes
1049 1989 1095 2016 ex
1120 1974 1352 2015 antecedenti
1416 1980 1457 2010 In
1480 1972 1603 2011 Tiberii
1625 1971 1783 2020 Caesaris
1798 1972 2030 2022 principatum
2047 1971 2207 2010 iuuentae
2229 1982 2360 2022 tempus
2389 1973 2447 2010 in-

314 2042 523 2095 discedendi.
578 2040 612 2077 Ι..
624 2051 649 2076 0
666 2051 687 2074 Ν
702 2047 729 2076 G
743 2047 767 2072 o
779 2047 798 2072 1.
813 2045 865 2077 13]
879 2046 904 2071 s.
1415 2025 1566 2064 ciderat:
1596 2023 1870 2071 alienigenarum
1896 2028 2002 2059 Sacra
2032 2021 2288 2060 movebantur.-
2312 2024 2371 2069 [ed
2389 2024 2445 2062 in.

370 2106 407 2131 2.
435 2090 647 2139 Hetaerias.]
675 2087 868 2125 Societates
886 2111 897 2127 ,
923 2078 1200 2122 conventicula,
1228 2077 1353 2115 turbu·
1415 2086 1468 2113 ter
1484 2084 1690 2123 argumenta
1708 2074 1958 2122 superstitionis
1979 2072 2169 2121 ponebatur
2200 2073 2446 2121 quorumdam

316 2145 392 2188 las,
431 2143 632 2184 factiones,
667 2136 864 2179 amicitias,
898 2133 1060 2180 collegia.
1097 2130 1224 2176 ἑταῖρος
1252 2129 1352 2166 enim
1416 2125 1628 2163 animalium
1649 2124 1870 2163 abstinentia.
1905 2122 2026 2161 Festus
2042 2123 2081 2161 in
2106 2123 2206 2161 Actis
2228 2124 2357 2174 Apost.
2370 2136 2448 2175 cap.

320 2196 459 2237 socius,
490 2194 529 2231 δε
549 2191 697 2228 amicus.
722 2188 892 2226 Isocrates
911 2184 949 2221 in
967 2182 1155 2224 oratione,
1184 2190 1280 2228 quae
1299 2178 1353 2215 in·
1417 2175 1540 2214 XXV.
1565 2185 1741 2213 commat.
1779 2186 1839 2224 19.
1875 2172 2061 2218 Ζητῆμαιτοι
2100 2172 2138 2211 δέ
2177 2190 2249 2212 τινα
2285 2177 2364 2225 mg)
2392 2179 2446 2219 τῖς

320 2246 479 2285 scribitur
511 2241 703 2283 Nicocles,
739 2236 896 2276 subditos
924 2234 1112 2283 alloquens
1133 2258 1144 2275 ‚
1184 2229 1350 2278 ἑταιρίαις,
1419 2225 1511 2268 ἰδίας
1532 2230 1625 2262 ΔΕι
1640 2231 1694 2262 Σι
1714 2232 1742 2262 Δ
1757 2233 1784 2261 A
1802 2233 1814 2260 1
1829 2224 1865 2262 M
1882 2231 1953 2262 oN
1968 2223 2032 2261 l'A
2047 2231 2075 2260 Σ
2107 2219 2199 2271 {1740-
2223 2226 2306 2274 πςὶς
2330 2227 2445 2272 amb,

320 2297 463 2347 inquit,
501 2294 549 2338 pu)
575 2292 719 2335 ποεῖτε,
765 2286 845 2331 μήτε
877 2282 1016 2326 euvodi—55
1040 2311 1051 2327 ,
1089 2282 1166 2318 ἄνευ
1196 2282 1245 2320 τ’ἦς
1276 2280 1355 2322 ἔμ’ἦς
1418 2274 1498 2319 καὶ,
1528 2292 1607 2325 περι
1645 2290 1728 2315 τινος
1767 2281 1945 2312 ΙΗΣΟΥ
1973 2275 2171 2317 τεθνηκότος
2193 2302 2205 2320 ,
2241 2272 2271 2312 ἓν
2301 2276 2445 2322 'gapatae'

322 2352 469 2392 malane.
494 2343 631 2392 collegia
650 2353 717 2379 non
728 2338 863 2386 facite,
889 2349 994 2385 mque
1025 2329 1264 2371 conventicula
1277 2329 1353 2381 sine
1421 2329 1436 2363 ὀ
1467 2332 1607 2368 manaae
1643 2326 1713 2376 ζῇν.
1774 2325 1953 2375 Idemque
1992 2325 2088 2363 forte
2113 2325 2383 2374 intelligendum
2408 2326 2445 2364 in

325 2411 402 2437 mea
420 2396 599 2443 sententia.
652 2393 751 2430 Nam
771 2387 951 2426 Romanis
978 2385 1113 2434 legibus
1142 2382 1358 2424 cavebatur,
1422 2377 1557 2416 Tacito
1591 2376 1694 2416 XlII.
1724 2376 1856 2415 Annal.
1883 2387 1960 2425 cap.
1995 2375 2153 2415 XXXlI.
2171 2380 2234 2412 'Et
2263 2377 2445 2426 Pomponia

322 2462 374 2488 ne
406 2443 536 2486 fierent
567 2444 707 2484 illicitae
735 2439 934 2482 factiones,
960 2447 1009 2473 ne
1035 2435 1157 2473 civitas
1184 2434 1221 2470 111
1241 2438 1356 2480 partes
1424 2428 1597 2466 Graecina
1616 2425 1753 2477 infignis
1774 2427 1909 2475 semina
1939 2426 2095 2468 Plautio,
2128 2426 2187 2476 qui
2213 2439 2322 2463 ovans
2344 2427 2378 2471 se
2403 2427 2445 2463 de

320 2499 561 2540 scinderetur,
588 2493 646 2532 sed
665 2505 685 2531 a
715 2489 920 2532 Christianis
945 2486 1046 2525 nullo
1073 2485 1201 2523 ardore
1223 2482 1359 2533 gloriae
1390 2488 1391 2517 ὲ
1422 2478 1606 2518 Britannis
1625 2479 1768 2521 retulit,
1794 2488 1925 2528 nupta,
1951 2490 1992 2515 ac
2023 2477 2269 2525 superstitionis
2286 2486 2445 2513 externae

326 2553 366 2591 ὃς
390 2547 567 2599 dignitatis
591 2542 814 2593 flagrantibus
833 2538 917 2578 nihil
935 2539 1006 2579 tale
1024 2535 1246 2575 timendum.
1272 2532 1304 2569 C
1319 2545 1359 2570 Α·
1424 2544 1507 2575 rea.
1535 2528 1656 2567 mariti
1669 2528 1799 2576 judicio
1812 2526 1978 2578 permissa.
2007 2525 2220 2575 Vulgozsed
2241 2524 2327 2561 nihil
2344 2523 2443 2560 aliud

326 2615 354 2641 τ
371 2614 443 2639 ΑΝ.
470 2600 530 2638 De
551 2595 716 2634 hetaeriis
735 2592 829 2631 dida
860 2588 1038 2639 quaedam
1071 2587 1150 2625 sunt
1178 2583 1223 2622 ad
1250 2582 1361 2631 Epist.
1424 2581 1546 2619 inveni
1565 2588 1634 2618 cet.
1661 2581 1834 2618 omittunt
1855 2586 1979 2617 tamen
1998 2578 2058 2625 10.
2084 2576 2129 2614 de
2150 2573 2304 2612 Tridino
2322 2575 2357 2609 δε
2373 2572 2442 2609 Ca-

325 2651 470 2690 XLHI.
496 2662 532 2688 n.
569 2658 598 2684 1.
636 2645 892 2695 Quodcumque
926 2651 1047 2677 nomen
1075 2651 1118 2677 ex
1147 2647 1362 2687 quacumque
1424 2640 1570 2670 tanaeus
1588 2632 1625 2669 in
1647 2631 1755 2679 priori
1775 2630 1933 2668 editione
1954 2639 2038 2666 cum
2061 2625 2140 2664 MS.
2169 2621 2267 2659 Voss.
2293 2624 2444 2672 particu-

330 2702 448 2753 causfa
477 2701 672 2740 dederimus
699 2697 767 2739 iis,
802 2693 861 2743 qui
890 2692 923 2729 in
955 2689 1058 2728 idem·
1086 2685 1262 2726 contrasti
1278 2686 1360 2732 fue·
1391 2722 1392 2726 ,
1424 2684 1493 2721 13111
1517 2682 1601 2732 sid,
1632 2689 1669 2718 ut
1699 2681 1801 2718 nobis
1830 2680 1994 2720 videtur,
2036 2676 2131 2713 bona
2147 2684 2228 2709 cum
2256 2674 2357 2710 venia
2383 2674 2445 2711 Se-

328 2749 639 2797 rint‚lietaeriae‚
667 2745 832 2796 quamvis
851 2742 991 2783 breves,
1010 2738 1110 2787 fient.
1135 2737 1286 2785 joannis
1313 2735 1359 2773 de
1391 2742 1392 2784 ᾗ
1424 2732 1555 2777 cundi,
1581 2731 1617 2771 id
1663 2730 1765 2780 quod
1806 2730 1843 2768 in
1883 2725 2114 2776 superioribus
2151 2722 2274 2770 paffim
2310 2723 2447 2773 obtigit.

329 2804 512 2848 Tridino,
550 2799 706 2846 Juntae,
744 2793 917 2833 Catanaei
943 2792 1038 2840 prior
1073 2791 1112 2827 δε
1139 2788 1269 2827 Aldina
1293 2798 1361 2836 po·
1390 2786 1393 2829 j
1426 2786 1734 2822 LoNoorrus.

332 2855 457 2892 sterior
475 2851 652 2890 editiones
669 2841 1070 2893 &caera5,quomodo
1086 2841 1195 2878 etiam
1207 2840 1245 2878 in
1256 2835 1359 2875 Voff.
1390 2832 1393 2874 l
1478 2847 1511 2882 ς.
1540 2838 1702 2869 Pravam
1733 2843 1777 2870 ω’
1808 2823 2064 2882 immodicam]
2103 2824 2350 2869 Immodicam,
2378 2837 2446 2862 nu-

333 2905 471 2951 legitur.
499 2902 735 2948 Reliquorum
754 2898 920 2942 scriptura
942 2904 1017 2931 non
1047 2893 1207 2929 multum
1240 2887 1359 2927 differt
1391 2900 1393 2905 ’
1424 2883 1604 2922 merosam
1627 2883 1664 2920 &
1684 2883 1752 2919 late
1772 2879 1893 2917 fusam.
1918 2876 2088 2912 Bucam
2108 2885 2127 2910 ε
2143 2888 2178 2910 a.
2217 2881 2374 2911 vaam
2401 2886 2443 2916 ω·

333 2964 356 2992 a
385 2953 549 2998 vulgata.
575 2951 637 2987 nisi
668 2948 768 2998 quod
800 2944 984 2995 Gryphius
1010 2954 1051 2982 ω’
1075 2941 1274 2990 praefixum
1297 2940 1360 2976 ha-
1390 2927 1393 2964 ¹
1425 2931 1684 2980 immodicam]
1713 2929 1810 2966 Male
1841 2927 2057 2982 Buchnerus.
2108 2924 2219 2981 Ipsam
2245 2927 2445 2963 vehemen-

333 3005 418 3042 beat
435 3004 480 3045 τῷ
504 3000 671 3037 hetaerias
707 3004 753 3035 Et
775 2997 865 3033 hanc
885 3007 1002 3032 vocem
1025 2993 1194 3030 hetaerias
1212 2991 1284 3028 huc
1306 3000 1360 3025 re·
1391 2990 1394 3019 l
1427 2986 1512 3022 tiam
1527 3011 1537 3028 ‚
1566 2983 1684 3023 zelum
1698 3007 1708 3021 ⁹
1737 2977 1969 3015 constasstlam
1994 2974 2130 3012 accusat
2149 2975 2289 3013 Pl111iu8.
2317 2977 2349 3013 G
2368 2990 2386 3013 u
2403 2988 2446 3014 o·

331 3049 543 3113 ponendam
565 3047 635 3089 esse
650 3075 661 3095 ,
687 3047 827 3102 dudum
846 3045 993 3099 monuit
1015 3042 1181 3097 Budaeus
1207 3040 1252 3082 de
1274 3035 1360 3093 ᾼίΐε
1391 3037 1394 3086 2
1430 3046 1451 3072 Ν
1465 3045 1489 3072 o
1503 3045 1537 3072 v.
1590 3029 1796 3070 immodicus
1813 3026 1884 3072 est,
1910 3025 2012 3077 quod
2032 3024 2105 3064 fine
2128 3025 2243 3065 modo
2282 3026 2342 3066 est.
2367 3027 2448 3116 Lili.
