2616 3686
292 199 390 260 672
538 177 2214 245 C.PLINIICAECILIISECUNDI

291 277 308 304 ¹
338 273 543 335 Amat,
587 273 762 344 utqui
787 271 1095 327 veriffime:
1152 271 1339 329 dolet,
1378 283 1438 324 ut
1465 270 1560 342 qui
1582 268 2070 339 impatientiffime:
2117 272 2329 336 laudat,
2373 286 2434 330 ut

299 349 393 419 qui
416 346 813 420 benigniffime:
856 348 1025 411 ludit,
1050 359 1109 401 ut
1134 347 1225 419 qui
1253 343 1590 399 facetissime:
1623 344 1805 398 omnia
1830 343 2093 417 denique,
2135 355 2153 379 ²
2180 363 2434 419 tanquam

260 422 499 495 3s1ngula
525 463 541 487 ‚
594 423 831 479 absolvit.
909 430 925 459 ³
960 423 1067 478 Pro
1109 423 1213 476 hoe
1242 437 1346 492 ego
1374 423 1550 474 amico
1572 459 1587 483 ,
1639 437 1740 490 pro
1774 419 1879 472 hoe
1902 437 2004 492 ego
2031 423 2282 494 ingeniO,
2324 443 2437 479 non

299 498 477 554 minus
501 516 655 570 aeger
681 500 861 552 animo
880 537 896 562 ‚
939 514 1102 569 quam
1131 512 1366 566 corpore
1387 495 1489 549 ille.
1565 493 1821 550 Tandem
1851 494 2032 557 illum,
2064 502 2084 531 ⁴
2110 499 2327 554 tandem
2354 517 2440 554 me

301 577 503 646 recepi.
564 573 859 628 Gratulare
885 574 1044 634 mihi,
1093 570 1361 642 gratulare
1388 574 1546 624 etiam
1571 571 1731 625 literis
1761 567 1909 642 ipfis,
1948 587 2085 643 quae
2109 588 2177 626 ex
2198 576 2439 645 periculo

304 649 414 718 ejus
441 660 650 703 tantum
674 648 961 702 discrimen
991 647 1267 709 adierunt,
1307 659 1571 718 quantum
1604 664 1671 701 ex
1695 646 1858 701 salute
1881 647 2082 716 gloriae
2105 649 2443 721 consequen-

307 737 412 778 tur.
456 722 596 779 Vale.

505 872 706 928 XXIII.
781 871 847 927 C.
925 870 1366 926 PL1·N1us
1444 870 1884 927 MAX1MO
1961 869 2138 926 Suo
2216 871 2301 937 S„

302 1023 427 1078 Non
442 1023 593 1098 potest
618 1023 742 1078 bonet
766 1019 1123 1095 confidentiast
1137 1018 1431 1093 plerumque
1466 1017 1684 1073 cohibere
1708 1056 1724 1082 ,
1769 1022 1890 1091 quin
1921 1019 2114 1075 exultet
2143 1020 2205 1080 <sy
2229 1023 2445 1093 ostentet.

383 1099 530 1154 Facit
557 1100 614 1153 z‘d
636 1103 716 1154 hic
745 1097 948 1152 Flemus
969 1137 983 1161 ,
1025 1096 1111 1149 ubi
1138 1097 1406 1168 gloriatur
1434 1134 1449 1158 ‚
1482 1093 1529 1162 st
1556 1099 1670 1168 qm's
1704 1093 1879 1149 doffhts
1902 1093 1991 1166 effe
2014 1100 2065 1149 in
2087 1095 2205 1149 urbe
2225 1102 2447 1164 dicitur,

365 1174 429 1249 fi?
452 1174 623 1239 statim
651 1176 714 1236 dy
739 1175 968 1229 Tacitum
996 1176 1245 1226 nomenari
1271 1213 1285 1238 ‚
1336 1183 1585 1244 tanquam
1614 1169 1666 1224 ht
1686 1174 1945 1241 summam
1968 1175 2019 1224 in
2043 1170 2205 1226 lz'terz's
2218 1173 2445 1246 gloriam

382 1262 620 1306 tenerent.

428 1376 742 1449 Requenter
779 1375 958 1446 agenti
989 1373 1118 1428 mihi
1143 1373 1322 1428 evenit
1350 1411 1364 1434 ‚
1405 1383 1463 1425 ut
1490 1370 1830 1428 Centumviri
1865 1412 1880 1436 ‚
1918 1377 1932 1407 ⁵
1958 1390 2083 1427 curn
2111 1372 2202 1428 diu
2230 1374 2282 1430 se
2305 1377 2443 1431 intra

436 1451 683 1524 judicum
708 1450 1082 1507 auctoritatem
1107 1490 1122 1514 ‚
1151 1450 1583 1521 gravitatemque
1618 1447 1939 1512 tenuissent,
1963 1465 2149 1503 omnes
2184 1465 2407 1523 repente
2425 1491 2441 1516 ‚

2295 1526 2442 1598 quafi

312 1612 409 1652 valet
426 1641 437 1660 ,
471 1622 514 1652 <³7¹
532 1613 635 1663 hujus
649 1614 890 1663 propinquum.
911 1612 949 1649 ὅ(
971 1621 1038 1660 pro
1059 1612 1111 1651 his
1130 1611 1211 1650 facit
1232 1611 1350 1650 Arnz.
1413 1618 1483 1656 ego
1501 1608 1631 1658 ingenio
1651 1621 1717 1646 non
1733 1608 1848 1646 minus
1872 1637 1882 1652 ,
1918 1617 1986 1647 cet.
2031 1609 2129 1647 Nam
2151 1621 2247 1659 aeger
2265 1610 2377 1649 animo
2398 1611 2444 1651 de

315 1666 352 1703 in
375 1677 450 1714 quo
472 1663 596 1714 effingit
619 1692 630 1708 ,
667 1676 733 1714 pro
752 1664 861 1713 effingi
882 1671 1057 1701 exaratur.
1095 1664 1236 1701 Verum
1259 1663 1346 1701 nihil
1411 1660 1564 1697 homine
1585 1660 1731 1699 sollicito
1754 1661 1895 1709 optime
1923 1662 1962 1698 ὃ(
1989 1661 2272 1710 frequentiffime
2304 1661 2445 1701 dicitur.

315 1717 386 1754 tale
419 1715 665 1764 cogitandum.
696 1716 885 1753 Mediceus
907 1715 945 1751 δε
964 1711 1067 1751 Voff.
1083 1714 1210 1752 Iocum
1232 1714 1348 1763 persa·
1413 1711 1572 1749 Consule
1589 1739 1598 1754 ,
1627 1710 1651 1748 fi
1674 1711 1791 1749 modo
1810 1712 2023 1760 probatione
2043 1722 2133 1760 opus
2156 1712 2204 1749 est
2220 1740 2230 1755 ,
2258 1712 2375 1750 nostra
2395 1714 2440 1752 ad

319 1774 407 1804 nant
428 1767 568 1815 optime
591 1794 602 1810 ,
630 1766 692 1814 qui
707 1766 910 1816 propinquus
931 1764 1065 1802 habent
1090 1792 1100 1809 ‚
1128 1776 1193 1813 pro
1211 1766 1344 1815 propin·
1415 1761 1547 1801 Sallust.
1571 1762 1650 1811 Jug.
1677 1774 1755 1811 cap.
1773 1762 1908 1801 LXXI.
1934 1774 1970 1801 n.
1987 1773 2024 1802 2.
2049 1763 2171 1801 deinde
2185 1791 2195 1808 ‚
2222 1763 2275 1801 uti
2292 1773 2442 1812 aegrum

318 1831 437 1868 quum.
474 1818 563 1854 Hoc
584 1829 700 1854 unum
731 1815 985 1864 corrigendum
1018 1824 1091 1853 erat
1115 1842 1125 1858 ‚
1162 1815 1209 1853 fic
1226 1827 1349 1865 neque
1413 1813 1577 1851 animum
1588 1815 1697 1862 solet,
1715 1815 1857 1864 sbmnus
1879 1814 1970 1862 cepit.

317 1868 496 1908 distinctio
511 1896 522 1912 ‚
548 1880 616 1906 nec
633 1868 747 1905 ullum
770 1868 922 1905 verbum
944 1867 1072 1904 tentari
1092 1876 1262 1905 meretur.
1465 1876 1500 1910 4.
1528 1865 1686 1902 Tandem
1705 1879 1759 1903 me
1777 1865 1918 1916 recepi]
1955 1864 2108 1902 Peffime
2130 1863 2221 1903 haec
2239 1864 2442 1904 habuerunt

374 1931 406 1957 1.
432 1923 574 1961 Amat,
600 1929 640 1956 ut
663 1919 722 1969 qui
742 1918 945 1966 verissima]
977 1919 1101 1955 Amet.
1137 1917 1240 1956 Tam
1257 1918 1352 1956 bene
1414 1915 1580 1953 nonnulli
1598 1916 1736 1954 librarii.
1760 1915 1914 1954 Helmst.
1939 1915 2053 1954 Arnz.
2078 1916 2116 1953 δε
2136 1915 2203 1953 Ed.
2231 1916 2317 1954 Vet.
2344 1915 2444 1965 supra

320 1971 490 2019 exprimit
517 1970 701 2008 scribendo
732 1970 833 2019 quod
862 1967 1016 2007 intendit
1040 1996 1051 2013 ,
1089 1976 1131 2005 ut
1158 1979 1237 2007 rem
1266 1977 1350 2006 ante
1416 1966 1502 2004 duas
1522 1966 1692 2012 voculas„
1719 1966 1785 2004 ille.
1814 1967 1991 2011 Tandem,
2018 1967 2214 2010 omittunt,
2241 1978 2282 2005 ac
2302 1968 2348 2004 ita
2366 1978 2444 2015 per-

321 2023 447 2060 oculos
479 2029 601 2070 ponat.
652 2020 819 2059 Sidonius
853 2020 1067 2069 Apollinaris
1101 2020 1198 2057 hunc
1225 2021 1350 2058 locum
1416 2026 1524 2065 gunt:
1552 2016 1655 2055 illum
1674 2018 1816 2056 tandem
1837 2018 1879 2055 ad
1900 2029 1961 2055 me
1981 2018 2094 2066 recepi.
2119 2015 2220 2056 Voff.
2241 2017 2442 2063 Gratulare,

321 2081 472 2110 conatus
488 2072 537 2109 est
555 2073 726 2109 aemulari
756 2072 834 2110 Lib.
853 2071 903 2109 V.
930 2070 1045 2114 Colis,
1071 2070 1206 2119 inquit,
1234 2082 1274 2108 ut
1294 2072 1353 2119 qui
1419 2069 1508 2118 quod
1530 2068 1632 2105 illum
1651 2070 1796 2106 tandem
1815 2080 1858 2108 <9¹
1887 2081 1940 2105 me
1970 2069 2078 2118 recepi.
2119 2068 2188 2107 Illis
2219 2068 2438 2107 offendiculo

318 2122 541 2162 solertiffime
555 2150 565 2167 ,
592 2122 770 2170 aedificas,
798 2133 837 2160 ut
857 2123 916 2172 qui
937 2120 1215 2169 dispofitiffime,
1244 2134 1354 2159 vena·
1417 2120 1484 2159 fuit
1506 2120 1657 2156 verbum
1677 2131 1878 2158 commune
1899 2120 2000 2167 recepi
2013 2120 2151 2157 diverso
2172 2119 2270 2158 sensu
2281 2119 2326 2157 ad
2342 2118 2440 2156 illum

319 2175 388 2219 ris,
418 2184 457 2211 ut
477 2174 536 2224 qus·
555 2173 805 2211 efficacissime.
831 2174 896 2210 CA
910 2184 1018 2209 TAN.
1421 2171 1459 2208 &
1480 2184 1533 2208 me
1559 2170 1707 2208 relatum
1730 2184 1738 2208 :
1766 2170 1825 2208 sed
1844 2171 1916 2207 hoc
1936 2170 2123 2208 venustatis
2145 2169 2216 2208 effe
2239 2200 2249 2214 ‚
2280 2171 2352 2218 jam
2376 2179 2436 2204 ve-

377 2236 412 2262 2.
438 2230 625 2275 Tanquam
638 2224 811 2274 fingula.]
847 2224 1047 2271 Tanquam
1078 2222 1103 2260 fi
1135 2225 1198 2263 uni
1218 2224 1279 2262 soli
1300 2224 1352 2262 in·
1418 2222 1552 2260 terrimi
1574 2222 1782 2270 interpretes
1802 2220 1970 2268 Aeschyli
1988 2249 1997 2264 ,
2024 2221 2251 2269 Thucydidis
2272 2221 2439 2258 aliorum-

324 2276 525 2323 tendereu
543 2286 630 2323 ergo
666 2275 798 2323 singula
824 2302 834 2319 ‚
868 2274 904 2312 id
925 2274 976 2312 est
1000 2274 1235 2321 perfectiora:
1263 2286 1352 2312 nam
1421 2284 1492 2322 que
1511 2272 1816 2316 observarunt‚&
1836 2283 1855 2308 a
1879 2271 1998 2309 multis
2018 2273 2272 2311 recentioribus
2287 2267 2439 2318 pluribus

324 2339 401 2365 uno
422 2334 565 2364 tantum
585 2325 700 2375 [ludio
727 2325 893 2373 occupati
919 2325 1187 2373 praestantiores
1217 2326 1254 2363 in
1293 2326 1353 2363 illo
1420 2323 1700 2372 comprobatum
1736 2323 1797 2362 est.
1851 2322 1998 2360 Restius
2036 2323 2194 2362 Barthius
2217 2317 2440 2368 comparabat

282 2422 287 2425 ,
323 2390 457 2428 genere
478 2378 567 2415 sunt.
597 2377 650 2414 Iu
667 2390 684 2415 ε
700 2390 747 2415 Μ.
799 2381 986 2427 Tanquam
998 2375 1137 2425 fingula
1163 2375 1350 2427 absolvit.]
1421 2374 1533 2415 Ovid.
1554 2374 1604 2412 V.
1632 2375 1789 2412 Metam.
1810 2384 1862 2412 vs.
1881 2384 1969 2423 275.

247 2452 250 2455 -
325 2429 513 2476 Abfhlvit‚
540 2428 575 2466 id
595 2429 666 2473 est,
694 2428 739 2465 ad
757 2428 941 2466 summam
962 2427 1127 2466 adducit:
1157 2428 1354 2476 nihilquic-
1384 2440 1388 2479 ξ

326 2493 437 2530 quam
456 2479 567 2518 nudis
583 2481 654 2517 aliis
673 2479 852 2528 relinquit.
900 2478 1072 2516 Ceterum
1094 2480 1130 2517 in
1149 2490 1221 2517 una
1241 2480 1356 2528 aliqua

326 2543 365 2569 re
387 2532 563 2569 excellere
581 2532 703 2580 aliquis
723 2529 837 2579 potest
858 2543 866 2566 :
902 2530 939 2567 in
968 2530 1122 2579 pluribus
1142 2541 1232 2568 vero
1256 2542 1357 2579 prae-
2383 2569 2389 2576 ,

292 2590 295 2597 “
326 2583 414 2620 stare
435 2593 553 2631 aeque
570 2610 579 2626 ‚
601 2584 638 2619 δε
658 2581 702 2619 ad
722 2581 1011 2619 consummatam
1032 2583 1186 2630 aliquam
1210 2581 1356 2629 aspirare
1420 2579 1739 2630 quemadmodum
1759 2578 1799 2628 se
1817 2578 2019 2626 colngema
2035 2573 2067 2620 fe
2083 2571 2249 2615 eximad
2262 2571 2297 2618 se
2314 2569 2439 2627 renim,

323 2633 467 2673 laudem
482 2660 492 2676 ‚
520 2633 732 2670 rariflimum
752 2633 814 2670 est.
864 2631 1004 2670 Datum
1032 2632 1068 2670 id
1090 2640 1214 2669 tamen
1236 2633 1354 2681 Paffie-
1420 2634 1458 2669 ὃς
1480 2632 1578 2680 plura
1601 2642 1774 2679 perquam
1798 2637 1884 2667 nota
1900 2628 1988 2664 sunt.
2014 2623 2119 2680 Forte
2139 2631 2261 2678 tamen
2285 2622 2439 2659 Fullrum

328 2698 392 2729 no,
420 2684 548 2722 Plinius
570 2683 770 2733 praedicat:
799 2682 951 2720 stiliconi
968 2682 1355 2732 ‚Claudianus‚qnem
1420 2684 1522 2721 suum
1571 2683 1728 2731 sequitur
1773 2677 1956 2730 Secundus
1978 2701 1988 2718 ,
2025 2684 2086 2728 qul
2123 2671 2203 2709 L1b.
2234 2671 2298 2708 111.
2339 2671 2442 2727 Eam.

324 2736 409 2774 vide
447 2735 528 2773 Lib.
563 2735 590 2774 Ι.
626 2734 672 2773 de
717 2734 901 2772 Laudibus
950 2734 1124 2774 Stiliconis
1169 2735 1357 2784 principio.
1422 2735 1529 2782 Epist.
1549 2735 1593 2771 X.
1620 2746 1655 2771 n.
1679 2744 1735 2780 31.
1760 2729 1896 2783 Etenim
1909 2725 1939 2774 s¹
1959 2732 2082 2760 mertta
2109 2721 2253 2779 valenf,
2271 2731 2439 2781 ptumam!

324 2786 355 2824 Β
369 2798 427 2823 uc
444 2798 467 2822 Η
481 2799 504 2823 Ν
519 2798 538 2823 ε
554 2800 592 2824 R,
1420 2786 1561 2828 liberm,
1586 2783 1756 2829 salutem,
1785 2781 1984 2827 digmtatem
2007 2802 2016 2815 ,
2054 2781 2193 2830 memet
2215 2773 2329 2830 ips-um
2350 2774 2440 2812 mihl

379 2848 413 2885 3.
440 2842 506 2873 Pro
527 2837 585 2874 hoc
604 2850 657 2885 ego
677 2837 806 2880 amico,
832 2845 912 2885 pro,
938 2837 1033 2888 ceu]
1063 2836 1277 2875 Mediceus:
1299 2846 1356 2886 pro
1416 2848 1473 2888 per
1491 2836 1592 2874 inum
1609 2833 1803 2872 restitutum
1820 2838 1909 2885 pqto.
1927 2825 1964 2861 δε
1986 2822 2032 2860 fic
2053 2823 2108 2861 ille
2127 2824 2325 2880 aliquotres.
2352 2824 2442 2882 Non

329 2885 387 2921 hoc
409 2898 530 2935 aequo
547 2887 656 2925 'amico
677 2916 686 2931 ,
711 2897 768 2938 pro
788 2888 846 2925 hoc
868 2899 988 2936 aequo
1009 2887 1137 2936 ingenio
1156 2901 1221 2924 non
1244 2888 1356 2926 minus
1421 2888 1576 2925 multum
1612 2881 1763 2921 diffimili
1798 2886 1932 2934 ratione
1967 2873 2102 2911 Seneca
2131 2873 2176 2912 de
2209 2874 2339 2931 Brevrt.
2367 2875 2441 2914 Vrt-

328 2946 444 2983 aeque
471 2938 570 2975 sanus
602 2940 715 2976 animo
738 2967 748 2981 ‚
786 2951 891 2988 quam
927 2947 1063 2988 corpore.
1102 2939 1259 2975 Tandem
1286 2947 1355 2977 cet.
1419 2950 1483 2986 cap
1518 2933 1623 2972 VIII.
1660 2939 1768 2968 Nemo
1795 2927 1941 2973 restttuet
1961 2938 2102 2982 anm&
2140 2937 2380 2981 nemUtemm
2402 2933 2439 2983 ΥΡ

329 2996 422 3033 quae
443 2986 549 3024 lectio
572 2989 718 3025 monstri
735 2989 866 3038 aliquid
885 2989 978 3027 alere
998 2990 1147 3027 wdetut.
1199 2990 1274 3036 Ipse
1297 2998 1348 3026 ta·
1417 2989 1477 3026 tibi
1494 2984 1628 3023 reddet.
1655 2981 1779 3018 Statim
1806 2978 1994 3014 Gratulare
2013 2977 2099 3033 n31h1
2121 2984 2337 3014 recentiores
2364 2981 2442 3015 tcu-

326 3046 414 3073 men
434 3036 526 3073 illinc
543 3038 626 3075 nihil
647 3040 796 3086 amplius
821 3066 831 3080 ‚
869 3050 980 3086 quam
1011 3041 1163 3077 alterum
1187 3054 1240 3088 ego
1260 3039 1351 3076 Vul-
1418 3039 1467 3085 pti
1492 3037 1528 3073 ἃ
1553 3033 1618 3072 Ed.
1647 3032 1732 3068 Vet.
1758 3039 1944 3078 perperam
1968 3035 2153 3065 omittunt.
2182 3027 2285 3064 Coa
2302 3039 2370 3064 TE.

303 3094 427 3139 ¹gatae
444 3086 628 3135 scripturae
646 3088 781 3137 adjeci:
810 3090 877 3125 Pro
900 3089 959 3125 hoc
976 3103 1029 3138 ego
1050 3093 1158 3129 amico
1180 3117 1191 3135 ,
1212 3099 1273 3138 pro
1292 3088 1351 3126 hac
1471 3099 1503 3134 5.
1531 3090 1622 3123 Cum
1641 3081 1700 3120 diu
1711 3081 1749 3130 fi
1768 3081 1864 3118 intra
1879 3079 2057 3130 judicium
2073 3078 2344 3125 ‚aunaritatem
2360 3088 2442 3134 gra-

2355 3138 2448 3165 vna-

1654 2486 1696 2516 &
1719 2476 1874 2514 nondum
1894 2485 1967 2514 tota
1991 2486 2052 2513 me
2069 2483 2180 2513 mente
2200 2470 2328 2518 recepi.
