2616 3686
525 156 1093 224 .1.‘1BE131X.
1158 173 1731 229 EPISTOLA
1795 179 1943 236 xm.
2234 205 2334 266 659

201 272 419 320 morem
442 253 497 310 in
520 249 801 324 publicum
828 248 1188 314 consulendi,
1222 250 1480 323 susceptis
1496 255 1724 325 propriis
1744 253 2126 331 simultatibus,
2166 273 2331 330 redu-

204 334 422 394 xissemz:
455 324 609 401 quod
631 325 867 398 denique
892 326 1148 380 Senatum
1168 325 1375 381 invidia
1394 324 1691 382 liberassem
1717 367 1733 393 ,
1770 347 1879 403 qua
1900 331 2156 408 flagrabat
2183 347 2326 415 apud

191 414 217 466 Ξ
237 406 456 463 ordines
477 403 605 457 alios
629 437 648 466 ‚
688 399 842 472 quod
869 400 1080 455 severus
1107 401 1162 454 in
1186 413 1396 456 ceteros
1424 440 1440 465 ,
1479 402 1826 459 Senatoribus
1847 407 1967 462 solis
1991 420 2009 442 ¹
2032 412 2321 471 dissimula-

190 483 348 538 aione
368 477 513 554 quasi
536 488 724 532 mutua
741 489 1001 548 parceret.
1041 472 1201 530 Haec
1226 474 1338 531 asta
1357 476 1477 531 sunt
1504 476 1721 532 absente
1742 476 1932 535 Certe.
1967 490 1988 519 ‘³
2009 483 2133 541 Fuit
2154 491 2393 557 enim,22

194 557 289 614 seu
317 555 421 611 tale
447 550 651 626 aliquid
671 550 990 623 suspicatuS,
1025 548 1160 613 sive,
1197 564 1259 605 ut
1279 550 1661 615 excusabatur,
1696 553 1960 610 infirmus.
2038 565 2060 596 ⁴
2093 560 2165 616 Et
2192 568 2323 620 reia.

191 633 406 687 «tionem
429 627 654 703 quidem
677 625 748 680 de
774 642 843 680 eo
867 624 1063 680 Caesar
1086 624 1153 680 ad
1175 625 1435 681 Senatum
1458 643 1570 682 non
1592 626 1809 684 remisit.
1845 628 2079 690 Obtinui
2105 649 2283 694 tamen
2298 682 2313 703 ,

194 707 351 781 quod
371 703 724 760 intenderam.
784 700 922 756 Nam
942 700 1152 771 collega
1173 700 1331 756 Certi
1351 701 1688 756 consulatum
1709 740 1726 765 ,
1768 710 1782 739 ⁵
1803 703 2158 767 successorem
2182 712 2383 790 Cer-23

193 793 282 836 tus
309 781 543 851 accepit:
585 777 850 849 planeque
871 774 1068 831 factum
1091 773 1191 837 est,
1233 775 1386 849 quod
1409 775 1655 831 dixeram
1675 779 1729 831 in
1755 778 1896 846 fine,
1942 784 2151 840 Reddat
2170 803 2315 860 prae-

194 853 457 928 miumsuh
472 855 650 928 optinw
662 849 926 924 Princtpe,
940 850 1072 925 quod
1085 849 1325 926 aspffmo
1347 855 1544 926 accepit.
1583 850 1801 924 {Postea
1826 857 2086 916 afflonem
2109 878 2283 918 meam
2298 903 2315 928 5

2121 951 2318 994 utcun-

239 1065 279 1117 sss.
303 1076 450 1116 Ordines
469 1073 588 1126 alim]
618 1074 771 1115 Ceteros
789 1072 1010 1125 magistratus
1031 1087 1044 1118 ;
1071 1084 1118 1112 an
1139 1083 1218 1112 ma·
1280 1080 1320 1112 ut
1342 1074 1389 1115 de
1410 1086 1449 1114 re
1471 1074 1666 1125 deliberet,
1677 1079 1852 1118 statuat&
1865 1081 2015 1120 censear.
2027 1082 2137 1131 Supra
2149 1085 2313 1125 LibAV.

188 1128 242 1178 gis
277 1127 477 1178 equestrem
509 1130 547 1164 δι
572 1125 768 1175 plebejum.
803 1128 872 1165 CA
892 1137 1000 1163 ran.
1042 1124 1219 1164 Posterius
1280 1125 1388 1174 Epist.
1410 1127 1473 1166 IX.
1507 1139 1546 1167 n.
1573 1142 1606 1170 1.
1642 1131 1845 1180 Adcusatus
1877 1137 1918 1178 est
1947 1132 2015 1182 suh
2054 1136 2247 1187 Vespassano
2284 1150 2309 1174 ι

186 1189 317 1217 verum
337 1180 397 1217 est.
422 1179 519 1216 Mox
539 1178 718 1226 eleganter
737 1179 849 1217 Arnz.
867 1177 1010 1228 severus
1029 1177 1066 1214 in
1083 1176 1197 1213 ceteris
1209 1203 1220 1222 ,
1268 1178 1424 1226 privatis
1441 1178 1594 1218 duobus.-
1621 1180 1667 1219 ad
1684 1182 1846 1220 senatum
1871 1181 2050 1227 remiffus,
2070 1186 2131 1222 diu
2144 1187 2312 1235 pependit..

184 1227 247 1269 sed
267 1230 337 1268 alio
353 1230 450 1268 loco.
479 1228 551 1267 Hic
571 1230 666 1266 enim
690 1228 841 1276 praestat
861 1235 1003 1276 recepta
1020 1226 1140 1266 lectio.
1276 1227 1380 1276 Lege
1409 1228 1456 1267 de
1487 1241 1525 1268 re
1548 1231 1722 1270 Tacitum
1747 1232 1846 1271 xm.
1885 1234 1985 1271 Ann.
2024 1245 2102 1283 cap.
2125 1237 2191 1273 lV.
2219 1237 2310 1276 Sue·

236 1290 274 1317 2.
304 1279 578 1331 Diffimulatione
601 1277 699 1330 quasi
713 1279 878 1336 mutua]
926 1277 1216 1326 Tergiversando
1276 1284 1354 1335 ton.
1381 1279 1525 1319 Domit.
1547 1292 1625 1332 cap.
1647 1282 1713 1321 XI.
1740 1283 1990 1333 Capitolinum
2009 1285 2139 1324 Marco
2161 1298 2239 1337 cap.
2257 1289 2309 1329 X.

185 1328 285 1368 nolle
303 1330 503 1379 intelligere
524 1357 534 1374 ‚
572 1341 642 1367 nec
656 1329 813 1379 plectere
832 1328 981 1368 crimina
1002 1329 1147 1377 alicujus
1165 1328 1215 1366 se-
1276 1328 1375 1367 alios.

182 1381 316 1419 natoris
337 1395 348 1417 ι
382 1392 430 1419 ne
449 1380 508 1420 sua
529 1381 657 1430 pariter
672 1379 911 1429 ple&erentur
930 1407 942 1425 ,
973 1378 1097 1418 sedita
1119 1378 1217 1417 vide·
1328 1379 1637 1437 5·,55¹⁴⁶⁶ff’rem·]
1676 1383 1904 1433 Ambiguum
1933 1395 1981 1423 an
2015 1386 2054 1424 in
2082 1386 2305 1436 praefectura

181 1429 312 1469 bantur
330 1430 365 1469 sc
383 1441 508 1479 gerere
523 1458 532 1472 ,
560 1438 600 1468 ut
622 1442 716 1468 unus
734 1430 831 1468 alteri
855 1429 1064 1478 indulgeret.
1090 1427 1215 1468 Poffu-
1271 1437 1395 1468 aerarii
1414 1457 1426 1474 ,
1461 1442 1508 1470 an
1534 1434 1572 1471 in
1602 1434 1797 1473 Consulatu
1819 1432 1837 1472 ?
1867 1435 1966 1473 Nam
1994 1435 2095 1486 supra
2114 1437 2160 1474 de
2183 1449 2230 1476 eo
2248 1439 2308 1478 lo-

182 1491 268 1519 mus
287 1481 462 1530 imprimis
484 1480 656 1528 respicere
684 1480 937 1526 Veientonem
959 1487 1123 1517 tuentem
1143 1480 1214 1519 Pu·
1270 1489 1385 1528 quens
1418 1479 1555 1521 dixerat
1575 1510 1588 1528 ,
1631 1487 1671 1523 &
1691 1483 1769 1529 iam
1787 1484 1964 1536 confhlem.
2000 1488 2081 1536 Ego
2100 1487 2246 1526 mallem
2266 1491 2304 1529 in

179 1530 329 1570 blicium
352 1559 362 1576 ,
391 1532 474 1580 quia
500 1538 655 1579 uterque
680 1528 817 1567 delator
838 1529 966 1569 fuerat.
1012 1529 1045 1566 C
1059 1543 1080 1565 A
1096 1542 1120 1567 τ
1137 1543 1156 1566 A
1172 1544 1209 1568 N.
1271 1531 1454 1570 consulatu
1473 1559 1486 1577 ,
1509 1534 1547 1571 iu
1568 1544 1645 1583 quo
1663 1533 1863 1584 defignatus
1881 1535 1997 1574 fuerat
2016 1547 2036 1574 a
2059 1538 2305 1584 Domitiano,

155 1593 159 1597 ⁴
181 1581 254 1620 Ed.
275 1582 362 1619 Vet.
386 1580 644 1629 diffimulatione
662 1580 760 1630 quasi
777 1586 899 1618 mutus
912 1588 1088 1629 parceret,
1106 1581 1208 1629 quod
1269 1579 1328 1619 sed
1340 1592 1425 1620 eum
1446 1582 1630 1622 honorem
1650 1586 1818 1624 nondum
1833 1586 1995 1624 iniverat.
2021 1587 2054 1625 C
2068 1602 2089 1624 A
2105 1600 2130 1625 τ
2146 1603 2164 1624 A
2178 1602 2215 1627 zv.
2241 1590 2302 1629 Est

181 1632 351 1671 “iamin
381 1631 462 1670 MS.
488 1630 645 1669 Helmst.
670 1632 818 1679 legitun
848 1631 959 1669 Arnz.
984 1630 1084 1681 quasi
1105 1642 1206 1676 nutu;
1268 1630 1351 1670 sane
1369 1632 1485 1681 aliqua
1507 1636 1597 1672 ratio
1617 1634 1845 1674 dubitationis
1867 1662 1879 1680 ,
1916 1647 2027 1686 quam
2057 1645 2180 1676 tamen
2199 1639 2302 1679 dete·

182 1680 287 1720 Voss.
312 1679 410 1734 quasi
430 1692 564 1721 mutuo.
589 1690 777 1730 perperam
809 1692 951 1719 omnes.
977 1680 1209 1728 Dtffimulatio
1269 1681 1339 1719 rius
1357 1683 1560 1731 arripiendo
1581 1688 1674 1723 male
1693 1686 1898 1734 composuit
1916 1688 2128 1726 Catanaeus.
2155 1689 2254 1728 Nam
2275 1690 2301 1729 fi

175 1743 309 1772 mutua
331 1733 380 1771 est
392 1761 403 1777 ‚
430 1743 501 1782 qua
516 1732 657 1770 senator
676 1731 843 1770 senatoris
860 1729 986 1770 defleta
1004 1731 1209 1777 distimulat,
1268 1730 1314 1769 de
1334 1733 1512 1782 consulatu
1531 1735 1702 1783 intelligas
1715 1736 1908 1780 ,indecore
1931 1736 2054 1786 collega
2075 1737 2177 1777 Certi
2210 1741 2302 1779 Pro.

180 1783 221 1821 ὅ(
254 1782 412 1822 invicem
450 1782 512 1821 sibi
540 1783 613 1820 hoc
631 1781 868 1831 gratificantur
887 1810 898 1827 ,
934 1792 982 1819 ne
1003 1782 1207 1830 puniantur.
1266 1783 1384 1828 culus,
1413 1784 1581 1822 nondum
1605 1786 1759 1831 consul,
1796 1785 1934 1825 dicitur.
1958 1788 2042 1827 vide
2056 1788 2156 1838 supra
2184 1802 2300 1842 n.-13.

180 1832 266 1872 Lib.
284 1832 354 1871 VI.
379 1832 486 1881 Epist.
504 1833 663 1875 XXVII.
691 1844 727 1871 n.
746 1843 787 1891 3..
812 1833 902 1885 quod
918 1832 1026 1883 ipsum
1046 1831 1204 1872 diffimu-
1268 1831 1409 1871 Contra
1428 1832 1454 1871 fi
1467 1834 1680 1884 sisccefforem
1703 1836 1749 1874 de
1770 1835 1996 1885 praefectura
2017 1866 2028 1881 ,
2064 1847 2105 1878 ut
2135 1851 2299 1891 aequum

179 1882 315 1922 latione
335 1893 377 1922 ο·
389 1883 522 1930 silentio
543 1890 610 1920 non
627 1892 798 1932 praeter-u.
1268 1883 1340 1928 est,
1367 1885 1484 1933 capis,
1510 1887 1686 1934 aptiffime
1706 1893 1905 1936 utrumque
1923 1890 2136 1937 exprimitur
2158 1918 2169 1934 ‚
2208 1893 2300 1931 Cer·

1265 1941 1345 1972 tum
1366 1936 1405 1973 &
1426 1935 1485 1984 spe
1502 1936 1701 1975 consulatus
1721 1936 1906 1977 excidisse:
1933 1950 2020 1976 eum
2042 1942 2140 1979 enirn
2161 1944 2299 1991 accepit

1265 1984 1465 2029 Proculus;
1495 1986 1534 2023 δε
1567 1987 1854 2034 praefecturam,
1885 1987 2080 2028 succeflore
2110 1999 2262 2040 accepto
2281 2022 2297 2039 .,

1264 2033 1426 2074 amififfe.
1462 2037 1680 2088 Susceffitrem
1718 2038 1804 2076 dare
1824 2066 1835 2084 ,
1868 2038 2004 2078 mittere
2023 2068 2034 2085 ‚
2063 2042 2206 2083 accipere
2223 2043 2296 2081 fre-

1265 2087 1540 2134 quentiffimum
1561 2088 1608 2127 de
1623 2088 1687 2127 illis
1707 2115 1719 2132 ,
1744 2089 1809 2139 qui
1829 2099 1850 2126 a
1870 2100 2024 2128 munere
2048 2101 2298 2135 removentur.

1268 2136 1365 2176 Vide
1386 2137 1586 2176 Casaubon.
1616 2138 1662 2176 ad
1683 2138 1857 2188 Spartian.
1902 2139 2051 2179 Adrian.
2087 2153 2164 2191 cap.
2191 2143 2298 2183 vin.

1267 2188 1333 2226 Cui
1346 2199 1424 2225 cum
1445 2186 1683 2228 successorem
1708 2188 1794 2229 dare
1812 2202 1880 2227 non
1895 2190 1997 2240 posset
2017 2218 2028 2236 ‚
2056 2194 2138 2241 quia
2158 2206 2226 2230 non
2237 2203 2298 2243 pe-

1265 2236 1362 2276 tebat
1382 2266 1394 2283 ,
1429 2238 1468 2276 id
1485 2238 1550 2287 egit
1564 2267 1575 2284 ,
1601 2250 1641 2277 ut
1658 2250 1792 2288 peteret.
1825 2239 1867 2278 Id
1885 2241 1958 2288 ipse
1980 2241 2205 2289 Spartianus,
2231 2245 2293 2292 qui

1266 2298 1349 2325 mos
1370 2288 1420 2326 est
1437 2289 1583 2328 illorum
1604 2290 1814 2337 scriptorum
1836 2317 1847 2333 ,
1874 2293 2027 2337 exponit
2053 2302 2130 2340 cap.
2151 2292 2290 2333 XXIV.

1268 2337 1356 2389 Qua
1375 2351 1412 2376 re
1425 2339 1566 2387 prodita
1584 2336 1780 2378 successore
1811 2350 1962 2388 accepto
1982 2341 2152 2389 dignitate
2166 2344 2293 2392 priva-

1263 2398 1321 2424 tus
1344 2388 1399 2438 est.
1438 2387 1630 2427 Suetonius
1660 2390 1759 2438 Aug.
1792 2400 1868 2438 cap.
1898 2390 2150 2431 LXXXVIII.
2184 2393 2292 2442 legato

1261 2450 1338 2525 {ium
1359 2437 1527 2487 confidari
1544 2439 1780 2479 successorem
1807 2438 1940 2481 dediffe
1960 2468 1973 2487 ,
2007 2451 2049 2480 ut
2075 2443 2158 2482 rudi
2174 2454 2218 2483 <9-
2237 2445 2294 2483 in-

1289 2489 1369 2527 0520.

1314 2539 1349 2574 6.
1376 2537 1493 2583 Postea
1522 2538 1707 2578 aciionem
1733 2540 1883 2592 meam]
1925 2541 2022 2582 Libri
2048 2542 2195 2593 quidam
2228 2544 2293 2584 ha·

1261 2588 1346 2626 bent
1366 2588 1701 2640 acceffimem,quod
1723 2591 1772 2629 est
1796 2592 1904 2630 nihili.
1927 2592 2075 2631 Praebet
2085 2603 2207 2632 tamen
2229 2607 2295 2633 oc-

1260 2637 1443 2677 cafionem
1461 2641 1654 2688 suspicandi
1667 2640 1788 2691 ‚quafi
1808 2642 1977 2699 scriptum
1999 2644 2106 2683 fuerit
2125 2645 2168 2680 ab
2186 2646 2290 2684 initio

235 1944 271 1982 3.
295 1933 423 1971 Abfuit
438 1933 528 1970 enim
541 1934 603 1982 sea
623 1932 695 1971 tale
707 1933 843 1984 aliquid
854 1932 973 1983 susp]
1011 1932 1202 1973 Mediceus

179 1982 220 2021 &
241 1983 366 2033 reliqui
385 1983 498 2032 scripti
516 1994 601 2021 cum
622 1983 691 2022 Ed.
711 1983 799 2024 Vet.
817 1983 899 2022 Fuit
927 1982 1019 2022 enim
1037 1984 1093 2025 (eu
1119 2012 1130 2023 .
1155 2013 1166 2023 .
1194 2014 1205 2025 .

176 2033 348 2081 infirmus.
372 2033 473 2082 quod
490 2034 579 2073 mihi
598 2035 707 2082 longe
728 2034 919 2084 elegantius
938 2033 1079 2072 videtur
1090 2049 1102 2078 ;
1115 2042 1178 2073 aut
1190 2063 1202 2080 ,

177 2083 245 2122 nisi
267 2085 459 2133 elegantius
471 2083 525 2123 est
545 2084 715 2133 vulgato,
733 2096 821 2137 ‘nqn
838 2084 982 2134 adparet
1004 2113 1015 2129 ,
1042 2085 1141 2124 unde
1162 2086 1203 2124 li·

174 2133 278 2174 brarii
298 2135 342 2173 ad
363 2133 488 2173 duram
508 2135 600 2173 hanc
618 2135 820 2184 scripturam
840 2164 851 2181 ,
887 2136 998 2184 qualis
1027 2136 1120 2184 plebi
1149 2137 1201 2175 vi-

177 2183 283 2223 detur
305 2214 316 2231 ,
343 2184 491 2235 prolapsi
512 2184 592 2224 smt.
616 2185 741 2223 Sensus
761 2186 810 2224 est
833 2199 842 2222 ε
872 2187 947 2232 fuit
965 2187 1053 2223 enim
1073 2197 1138 2225 aut
1152 2186 1201 2234 fi-

178 2236 313 2274 mulate
334 2263 345 2280 ,
382 2246 444 2273 aut
473 2248 595 2277 revera
618 2234 787 2283 infirmus.
820 2236 918 2273 Prius
949 2237 1040 2275 clare
1062 2235 1138 2276 satis
1155 2249 1201 2276 ex

170 2286 291 2324 verbis
310 2285 390 2335 ipsis
410 2286 598 2335 percipitur
619 2299 631 2328 ;
658 2286 828 2334 posterius
855 2294 979 2324 autem
1017 2298 1095 2324 non
1131 2289 1198 2326 mi·

175 2346 247 2374 nus
279 2337 417 2374 clarum
454 2337 519 2374 erit
542 2363 553 2380 ,
602 2334 629 2372 si
672 2336 808 2383 cogites
831 2363 842 2380 ‚
877 2334 1083 2375 excusantes
1118 2348 1196 2376 non

171 2385 275 2425 necas
289 2414 299 2430 ,
316 2387 375 2425 sed
396 2398 494 2425 veras
517 2383 645 2423 cauffas
662 2385 861 2433 subponere
873 2386 1063 2434 praesumi.
1088 2387 1197 2427 Adde

162 2444 301 2478 :notam
314 2437 361 2475 ad
387 2437 469 2476 Lib.
489 2436 593 2476 Vm.
619 2435 724 2484 Epist.
739 2436 800 2472 Xl.
825 2447 862 2473 n.
884 2447 918 2485 3.
953 2434 1071 2474 Poffet
1087 2439 1196 2477 etiam

166 2487 276 2538 jungi
302 2500 312 2524 :
342 2488 422 2526 Fuit
443 2488 541 2525 enirn
561 2486 630 2523 tale
650 2486 780 2534 aliquid
800 2486 983 2534 suspicatus
1005 2513 1016 2530 ,
1055 2488 1094 2525 ὅ(
1113 2499 1196 2536 pro-

164 2545 295 2587 pterea
307 2538 419 2577 abfuit
433 2552 442 2580 ;
454 2537 526 2575 five
545 2535 706 2575 infirmus
726 2537 802 2574 fuit.
827 2538 1094 2585 Quaecumque
1108 2540 1196 2577 ratio

170 2589 340 2637 ‚placuerit
362 2588 491 2628 valebit
507 2587 551 2625 ad
564 2585 848 2624 conservandam
868 2594 1030 2624 veterem
1052 2590 1195 2638 scriptu·

170 2648 250 2678 ram
267 2641 348 2678 Fuit
360 2667 370 2684 ,
397 2651 465 2689 pro
485 2637 626 2680 Abfus’r.

226 2701 260 2735 4.
286 2694 332 2728 Et
352 2690 548 2728 relationem
570 2701 628 2739 qu.
643 2687 683 2725 de
694 2701 727 2725 eo
740 2687 836 2736 Caefi
843 2687 893 2724 ad
894 2689 968 2736 sen.
978 2699 1044 2724 non
1055 2688 1191 2740 remisi]

178 2736 352 2788 Corrupta
362 2741 452 2779 haec
462 2741 499 2779 in
507 2738 852 2788 scriptis-iunioribus.
869 2737 1021 2775 Helmst.
1048 2742 1094 2774 Et
1105 2738 1195 2776 rela-

173 2789 277 2826 rionis
294 2791 429 2840 quidem
453 2791 494 2828 de
507 2804 544 2828 eo
561 2790 690 2839 Caesar
704 2788 795 2839 adsit
809 2806 819 2825 .·
848 2787 978 2827 obtinui
999 2795 1068 2826 cet.
1085 2795 1194 2836 atque

177 2836 226 2875 ita
245 2836 308 2877 Ed.
323 2841 410 2879 Vet.
427 2841 547 2878 Paullo
567 2841 667 2878 aliter
691 2841 709 2865 ί·
721 2850 796 2877 rnz.
816 2850 858 2878 ω’
877 2839 1048 2877 relationis
1057 2840 1193 2888 quidem

175 2887 223 2925 de
240 2901 272 2925 eo
294 2891 421 2939 Caesar
435 2890 528 2937 adfit
544 2890 662 2940 optimi
689 2901 808 2928 tamen
830 2898 897 2928 cet.
926 2888 1025 2927 Voff.
1046 2902 1087 2928 ω’
1105 2889 1186 2925 νεία»

173 2937 280 2976 tionis
305 2939 434 2988 quidem
464 2942 517 2980 die
548 2941 674 2989 Caesar
704 2940 821 2986 adsuit
840 2968 850 2983 ,
890 2939 1029 2977 obtinui.
1096 2940 1195 2977 Nihil

179 2995 294 3026 mutat
313 2988 489 3038 Optimus.
541 2992 681 3030 Relatio
710 2991 754 3028 ad
773 2991 934 3028 senatum
956 2989 1089 3027 remitti
1108 2989 1192 3029 dici-

175 3043 238 3083 ὲυί
259 3065 272 3085 .
305 3039 450 3090 quando
477 3041 619 3084 Senatui
645 3041 833 3092 negotium
856 3041 958 3081 datur
973 3052 994 3081 a
1012 3041 1195 3092 principe.

1259 2699 1336 2726 non
1356 2690 1524 2728 astionem
1537 2718 1548 2735 ,
1575 2702 1703 2729 verum
1724 2693 1981 2741 accusationem.
2019 2695 2041 2730 S
2053 2705 2076 2731 c
2089 2705 2113 2730 n
2126 2705 2178 2731 Er
2192 2707 2210 2731 r
2221 2707 2293 2736 ΕΚ.

1262 2739 1462 2788 Typorum
1482 2741 1611 2779 vitium
1629 2739 1700 2780 effe
1725 2741 1862 2780 videtur
1880 2744 1916 2780 in
1933 2743 2122 2782 Hackiana
2145 2744 2291 2792 acceffio·

1262 2800 1339 2827 nem
1361 2817 1371 2833 ,
1407 2802 1454 2828 ex
1489 2802 1567 2840 quo
1600 2791 1828 2829 occasionem
1869 2792 2058 2840 suspicandi
2087 2793 2292 2835 Schefferus

1261 2838 1420 2886 adripere
1448 2851 1526 2878 non
1554 2840 1714 2879 debebat.
1750 2842 1845 2879 Libri
1866 2844 1964 2880 enim
1992 2844 2092 2882 Vett.
2115 2855 2194 2882 uno
2222 2857 2290 2886 ore

1261 2890 1437 2927 altionem.
1473 2889 1530 2928 Sic
1549 2902 1639 2928 mox
1657 2891 1765 2940 Epist.
1782 2893 1868 2931 XV.
1894 2905 1932 2933 n.
1951 2905 1986 2931 2.
2021 2898 2178 2933 Reti-aeto
2194 2898 2288 2936 enim

1263 2938 1480 2977 actiunculas
1521 2941 1705 2992 quasdam.
1746 2942 1824 2981 Lib.
1863 2945 1913 2981 11.
1949 2944 2058 2994 Epist.
2091 2946 2140 2983 V.
2179 2948 2295 2994 princ.

1264 2989 1464 3046 Adiionem
1483 3001 1526 3048 vj
1547 3004 1570 3027 a
1589 3002 1623 3029 re
1631 2995 1833 3045 frequenter
1842 2993 2047 3046 flagitatam
2067 3022 2080 3044 2
2099 3021 2112 3037 .
2130 3024 2142 3037 .
2157 2997 2297 3038 exhibui

1262 3040 1348 3090 abi,
1376 3042 1416 3082 δι
1434 3041 1641 3092 saepiffime.

1670 3093 1867 3135 Ooooz,
2173 3107 2205 3138 ι,
2230 3097 2297 3137 sel
