2616 3686
346 164 854 223 '‘L11‘3ER
920 164 1677 222 v11.·EP18ToLA
1744 176 1942 228 xvm.
2171 193 2261 245 51,-

123 251 400 313 nostris'in
423 252 440 276 ¹
458 250 680 321 epulum
707 246 940 303 obtulisti
967 287 984 311 ,
1022 247 1041 265 ²
1061 247 1180 320 post
1206 259 1262 301 te
1287 264 1508 319 quoque
1534 248 1664 302 salva
1694 249 1771 303 fit.
1796 251 2013 306 honesta
2040 253 2249 306 consul-

125 328 289 390 tatio,
326 340 436 379 non
473 320 726 395 expedita
759 320 1034 376 sententia.
1112 321 1378 381 Numeres
1417 319 1773 389 Reipublicae
1809 322 2070 378 summam
2103 326 2122 377 ξ
2163 340 2254 377 ve-

120 398 354 456 rendum
381 396 547 450 estne
576 393 852 449 dilabatur.
904 394 920 421 ³
946 392 1061 448 Des
1092 392 1289 465 agros?
1327 405 1387 447 ut
1423 392 1652 464 publici,
1689 393 2048 463 negligentur.
2088 397 2254 466 liqui-

119 472 254 527 dem
279 471 410 525 nihil
433 466 779 525 commodius
804 468 1056 528 invenio,
1095 482 1257 539 quam
1283 466 1431 537 quod
1460 465 1566 537 ipse
1599 464 1721 522 feci.
1761 469 1897 520 Nam
1926 484 2025 536 pro
2051 469 2069 494 ⁴
2098 469 2256 539 quin-

122 543 298 615 gentis
327 542 552 598 millibus
575 544 886 603 nummum,
921 556 1059 611 quae
1083 541 1136 595 in
1156 540 1773 610 alimentaingenuorum
1792 539 2257 610 ingenuarumque

118 615 501 692 promiseram,
537 628 723 688 agrum
746 627 828 669 'ex
861 613 992 668 meis
1027 613 1189 688 longe
1224 611 1389 684 pluris
1427 611 1440 638 ⁵
1479 611 1645 668 astori
1682 613 1899 686 publico
1924 614 2252 740 mancipavi:

231 720 233 723 .
1984 703 2088 740 eun
2134 703 2256 750 em,

177 825 203 868 ῑ
228 824 422 876 Epulum]
449 825 640 864 Publicum
662 823 798 863 cibum.
826 823 952 875 Hujus
963 826 1150 867 Plinianae
1227 822 1433 873 singulatim
1461 824 1488 864 fi
1515 825 1594 876 agri
1616 823 1859 874 intelligantur
1883 852 1894 872 ,
1946 826 2065 876 aptior
2094 823 2143 863 est
2180 825 2259 863 sen·

125 878 337 918 liberalitatis
359 879 500 916 mentio
521 884 621 916 extat
643 875 850 915 Mediolani
871 877 910 914 in
932 889 1151 918 marmoreo
1228 878 1353 914 tentia.

124 927 252 979 lapide.
277 928 429 966 Canu.
1278 939 1302 974 4
1327 927 1543 976 Qingentis
1574 925 1730 964 millibus
1761 941 1964 966 nummum.
1989 926 2005 977 ]
2036 928 2259 979 Quingentis

175 991 198 1017 2
227 978 302 1026 Post
331 979 371 1017 te
397 992 529 1030 quoque
550 980 665 1028 salva
689 978 751 1028 fit.
774 977 791 1028 ]
832 978 886 1017 Ita
907 979 1002 1019 solus
1023 981 1148 1020 Medi·
1227 976 1400 1016 sestertiis.
1428 979 1534 1017 Haec
1557 986 1634 1017 erat
1653 978 1726 1015 sors
1750 1007 1761 1024 ,
1789 992 1833 1017 ex
1857 992 1929 1029 qua
1950 982 2094 1027 triginta
2115 979 2258 1026 singulis

125 1041 232 1073 ceus;
264 1031 372 1068 ceteri
395 1032 511 1079 scripti
535 1032 573 1069 δε
594 1030 663 1068 Ed.
690 1031 774 1068 Vet.
795 1030 865 1081 post
887 1044 1019 1081 quoque
1033 1032 1146 1081 salva
1226 1030 1407 1074 annis,ut
1420 1042 1511 1067 mox
1525 1030 1807 1080 explicabit,pro
1821 1032 2259 1080 alimentisingenuorum

114 1079 195 1130 ‘fita
212 1079 284 1128 Post
296 1094 349 1120 me
370 1092 505 1130 nempe
519 1091 710 1120 mortuum
725 1109 738 1128 ,
764 1090 805 1121 ut
825 1084 997 1121 Lucanus
1007 1083 1090 1123 Lib.
1103 1083 1152 1122 11.
1234 1079 1520 1119 redimebantur.
1549 1082 1582 1118 C
1596 1094 1618 1118 A
1634 1094 1657 1119 τ
1675 1094 1696 1117 A
1710 1094 1748 1118 N.
1778 1082 1812 1118 V
1819 1080 1880 1118 off.
1901 1081 2059 1119 Helmst.
2082 1083 2194 1119 Arnz.
2219 1082 2259 1119 &

117 1142 176 1182 «ys.
198 1143 282 1184 319.
1228 1129 1295 1170 Ed.
1319 1132 1409 1171 Vet.
1438 1137 1538 1170 Nam
1559 1132 1759 1183 quingentis
1773 1160 1783 1176 ‚
1811 1130 1940 1169 omiffa
1959 1132 2235 1181 Praepositione
2249 1158 2261 1176 ,

1229 1194 1343 1232 quam
1365 1190 1493 1223 tamen
1513 1183 1631 1222 sensus
1649 1184 1779 1232 <notat
1802 1190 1929 1220 autem
1943 1181 2022 1220 ἀντὶ
2038 1212 2047 1227 ,
2077 1183 2143 1221 loco
2156 1182 2261 1232 quin-

172 1253 236 1267 —-
286 1255 356 1267 —
409 1236 489 1285 post
512 1249 574 1277 me
597 1251 744 1290 regnare
762 1236 900 1276 volenti
1125 1257 1128 1261 ⁴
1221 1245 1409 1282 gentorum
1436 1255 1442 1275 ι
1465 1235 1620 1284 postulat
1645 1264 1655 1280 ,
1682 1236 1721 1273 &
1746 1234 1923 1284 Optimus
1946 1246 2033 1272 cum
2056 1235 2156 1272 Aldo
2178 1235 2265 1272 reti-

171 1290 258 1326 Non
277 1297 356 1338 opus
378 1287 423 1335 est
441 1287 540 1327 bello.
1224 1293 1299 1322 net.
1352 1287 1471 1324 Iidem
1504 1287 1598 1326 infra
1623 1300 1632 1324 z
1667 1286 1897 1336 ingenuorum
1934 1285 2237 1335 ingenuarumque
2252 1313 2264 1329 ,

1224 1345 1312 1373 cum
1335 1337 1392 1375 alii
1413 1338 1521 1376 MSS.
1548 1340 1587 1376 ὃς
1609 1339 1729 1388 plures
1769 1336 1928 1386 impreffi
1962 1348 2265 1386 ingenuarumque

114 1383 225 1428 Plura
255 1390 302 1430 de
330 1390 392 1429 ista
420 1389 600 1437 loquendi
630 1392 772 1430 ratione
795 1390 956 1430 diximus
977 1392 1022 1430 ad
1045 1404 1151 1431 eum-
1225 1387 1437 1436 negligant3
1467 1389 1602 1433 credo,
1630 1389 1733 1438 quod
1758 1389 1839 1426 Lib.
1863 1387 1890 1424 I.
1914 1387 2020 1437 Epist.
2034 1388 2191 1424 Vlll.n.
2207 1398 2265 1424 10.

118 1439 209 1478 dem
254 1442 396 1480 Lucan,
438 1441 519 1478 Lib.
569 1442 618 1479 V.
663 1452 715 1479 vs,
757 1453 843 1492 473,
881 1443 919 1489 ὅ(
959 1442 1041 1481 Lib,
1081 1445 1149 1482 VI,
1224 1435 1302 1474 satis
1324 1440 1497 1477 habuerat
1519 1440 1648 1477 3υᾶοτ
1671 1437 1795 1477 dixiffe
1812 1439 2053 1486 ingenuorum.
2082 1438 2264 1476 Attamen

119 1500 177 1537 ys,
208 1504 286 1542 145,
1226 1487 1264 1523 in
1313 1500 1499 1528 marmore
1549 1489 1819 1528 Mediolanensi
1873 1489 1969 1538 apud
2029 1490 2174 1528 Gruter.
2228 1500 2264 1538 p.

173 1554 192 1592 3
222 1548 293 1581 Des
315 1555 427 1590 agros.
451 1541 468 1591 ]
497 1540 541 1578 In
563 1542 677 1590 prima
696 1541 859 1578 lechone
882 1542 950 1580 fuit
974 1556 983 1580 2
1012 1543 1154 1580 dilaba-
1228 1537 1460 1577 MXXVIII.
1481 1541 1543 1578 ubi
1564 1542 1715 1578 Pliniani
1738 1539 1906 1579 beneficii
1927 1538 2263 1586 fitmentio‚distin·

116 1603 183 1630 tur
215 1595 265 1630 ad
290 1596 406 1642 sacros
433 1621 442 1637 ,
479 1593 514 1630 id
537 1592 585 1630 est
610 1620 621 1636 ,
647 1590 694 1629 ad
717 1591 918 1630 sacerdotes
942 1621 953 1638 ,
980 1596 1043 1643 qui
1067 1594 1152 1633 ideo
1229 1587 1287 1626 <ste
1311 1592 1408 1637 pueri
1428 1603 1469 1631 v
1487 1591 1622 1641 puellae
1645 1599 1922 1630 memorantur:
1951 1603 2179 1641 quamquam
2194 1602 2264 1628 nec

118 1643 204 1682 sacri
238 1644 322 1682 diffi
348 1673 358 1690 ,
386 1643 488 1693 quod
521 1642 615 1680 sacra
649 1643 687 1680 ὃς
721 1653 774 1680 res
807 1642 978 1681 Deorum
1012 1655 1152 1684 curent,
1229 1639 1410 1679 tironibus
1443 1643 1613 1690 ignotum
1644 1642 1686 1680 fit
1710 1671 1721 1686 ‚
1749 1651 1951 1691 utrumque
1971 1653 2086 1691 genus
2109 1643 2268 1693 adpella7

119 1692 207 1733 Fuit
241 1697 345 1742 igitur
380 1695 529 1744 epulum
558 1692 645 1730 illud
673 1693 718 1732 ad
739 1703 793 1731 res
816 1692 953 1731 divinas
977 1695 1153 1734 constitu-
1229 1692 1332 1728 tione
1354 1691 1585 1740 ingenuorum
1609 1691 1712 1742 posse
1735 1693 1902 1742 exprimi.

121 1752 203 1784 tum
218 1774 229 1791 ,
258 1747 389 1795 quibus
413 1745 471 1783 die
494 1744 632 1782 solenni
656 1743 808 1792 populus
822 1744 1046 1793 epularetur:
1077 1757 1152 1786 erat
1281 1754 1299 1790 ς
1331 1742 1498 1792 Λὲἶονὶ·]
1527 1744 1626 1781 Publ·
1641 1745 1796 1782 curatori
1811 1773 1821 1788 ‚
1850 1742 2121 1792 quiseip·b0n³
2136 1744 2265 1790 cums}

120 1795 210 1834 ideo
231 1797 436 1835 verendum
463 1825 473 1840 ,
512 1807 558 1833 ne
577 1794 655 1845 post
677 1803 836 1837 mortem
861 1795 1007 1835 Caninii
1027 1797 1149 1835 tradu-
1224 1792 1264 1830 &
1293 1794 1453 1831 rationes
1486 1794 1671 1833 redituum
1702 1794 2026 1843 impensarumque
2051 1795 2146 1833 facit.
2174 1797 2262 1844 Ejus

124 1855 266 1884 ceretur
287 1847 332 1884 ad
355 1847 564 1885 sacerdotes.
619 1846 669 1884 Hi
693 1847 731 1883 &
752 1856 855 1894 agros
873 1845 1069 1885 secundum
1093 1848 1149 1887 Si-
1223 1841 1263 1880 fit
1295 1845 1439 1882 mentio
1464 1843 1501 1882 ff.
1524 1846 1546 1882 l.
1578 1845 1686 1883 titulo
1710 1845 1755 1883 de
1777 1845 2088 1883 administratione
2121 1848 2260 1895 reipub.

127 1896 251 1933 culum
285 1896 454 1934 Flaccum
489 1897 671 1942 habuere,
698 1907 774 1933 cum
790 1925 800 1941 ,
826 1897 968 1945 inquit,
995 1898 1148 1948 colligere
1223 1894 1380 1934 CATAN,
1409 1896 1576 1933 Exac'tori
1597 1895 1730 1946 publico
1753 1895 1852 1945 eyn]
1886 1895 2121 1934 scribendum
2145 1899 2257 1936 affori

117 1945 343 1994 sacerdotum
370 1975 380 1991 ,
417 1947 499 1984 item
533 1961 615 1996 quos
649 1946 801 1995 virgines
823 1945 956 1986 habent
978 1963 1080 1999 agros
1105 1964 1149 1991 <7
1217 1945 1352 1994 publico
1380 1975 1390 1991 ,
1416 1945 1507 1985 ficut
1523 1948 1659 1986 habent
1681 1948 1853 1986 meliores
1871 1948 1949 1985 libri
1970 1959 1978 1983 :
2010 1958 2133 1996 neque
2155 1949 2256 1986 aliter

124 1997 306 2033 territoria
330 2000 503 2047 quaedam
525 1998 634 2035 etiam
666 1998 905 2036 determinata
930 2027 940 2044 ‚
978 2012 1021 2040 ω’
1042 2015 1149 2051 quae-
1221 1995 1382 2035 eruditus
1417 1999 1635 2037 Catanaeus.
1689 2000 1747 2036 Sic
1779 1998 1877 2048 apud
1900 1997 2077 2036 Tacitum
2103 1997 2164 2035 etsi
2189 1999 2258 2038 a'ia

126 2047 212 2083 dam
237 2047 411 2097 aliquibus
423 2048 534 2096 sacris
557 2049 719 2086 dedicata
732 2048 834 2097 sunt.
861 2049 924 2086 An
941 2052 991 2088 ad
1010 2052 1147 2100 sacr-05,
1218 2047 1255 2084 in
1279 2059 1317 2086 re
1332 2076 1342 2092 ,
1373 2049 1454 2087 Lib.
1482 2049 1528 2087 Il.
1552 2049 1689 2088 Annal.
1718 2049 1873 2088 Tiberius
1893 2049 2094 2098 mancipari
2106 2048 2256 2099 fingulos

125 2097 163 2136 id
184 2099 230 2136 est
256 2109 442 2141 mortuom
473 2098 507 2135 id
531 2099 632 2148 quod
654 2112 699 2138 ex
718 2100 809 2137 Plin.
832 2099 972 2140 seniore
995 2104 1034 2140 ὃς
1057 2104 1148 2144 Plut.
1217 2100 1327 2137 affori
1358 2100 1491 2149 publico
1524 2102 1635 2150 jubet.
1665 2101 1835 2138 CASAUB·
1868 2099 2251 2152 Aerarip:1bl.³c0m.]

126 2149 315 2197 configtur.
371 2149 503 2199 Neque
541 2150 654 2188 obstat
691 2150 793 2200 quod
832 2152 976 2190 Servius
1010 2153 1146 2202 scribit,
1213 2149 1269 2187 Sic
1294 2150 1389 2188 Edit.
1413 2152 1514 2190 Vett.
1538 2154 1576 2190 &
1598 2152 1707 2190 Palat.
1739 2151 1946 2189 Novissime
1972 2151 2043 2188 culi
2070 2153 2252 2197 exactori,

122 2199 242 2246 epulas
292 2200 473 2237 hominum
522 2199 580 2249 effe
606 2229 616 2245 ,
643 2201 744 2252 quod
783 2203 823 2240 &
860 2213 927 2240 nos
965 2203 1147 2254 fatemur,
1216 2212 1294 2238 non
1316 2202 1414 2240 retfte
1437 2231 1448 2246 ‚
1477 2213 1518 2240 ut
1537 2205 1613 2252 jain
1639 2205 1677 2241 ὃς
1699 2203 1775 2240 aliis
1794 2211 1977 2240 notatum.
2006 2202 2039 2237 G
2058 2215 2079 2238 n
2097 2213 2122 2237 u
2140 2215 2197 2239 TE
2213 2215 2253 2240 n.

122 2250 243 2288 modo
267 2252 508 2293 concedatur,
532 2262 588 2289 eas
609 2255 717 2290 etiam
738 2253 831 2289 inter
851 2252 1011 2293 solennia
1034 2256 1149 2296 sacro·
1217 2253 1339 2290 Actori
1361 2253 1493 2302 publico
1517 2251 1763 2302 mancipavi.]
1796 2255 1905 2289 Arsfor
1924 2250 2080 2299 publicus
2104 2252 2153 2288 est
2182 2253 2254 2290 ser-

96 2312 206 2340 rrum
239 2301 322 2339 dari.
375 2302 422 2339 Et
451 2301 609 2350 alioquin
644 2302 819 2350 Apulejus
842 2302 908 2339 IX.
940 2305 1049 2344 refert
1082 2307 1150 2346 do·
1215 2313 1282 2340 vus
1309 2305 1471 2351 publicus
1495 2332 1506 2348 ‚
1544 2304 1606 2351 qui
1640 2314 1694 2340 res
1726 2313 1768 2339 ac
1791 2303 1947 2338 rationes
1972 2301 2076 2348 Reip.
2095 2300 2253 2340 admini-

121 2353 268 2392 minum
291 2351 436 2390 aedium
461 2350 664 2391 sacrificales
677 2353 797 2400 epulas
810 2363 894 2390 cum
908 2354 1148 2398 sacerdotibus
1214 2352 1352 2392 strabat.
1407 2355 1499 2402 Quo
1527 2354 1572 2392 de
1604 2363 1738 2400 genere
1763 2351 1904 2400 Lipsius
1927 2350 1972 2387 ad
1997 2350 2043 2387 ΙΙ.
2067 2351 2198 2389 Annal.
2221 2365 2253 2391 c.

123 2403 212 2442 deae
236 2402 440 2441 coemtass'c.
475 2409 518 2438 Ut
538 2402 670 2452 publice
689 2403 918 2451 negligantur.
942 2404 957 2454 ]
988 2406 1149 2447 Timen-
1219 2403 1338 2440 XXX·
1376 2403 1500 2442 Taciti
1524 2432 1534 2448 ‚
1563 2407 1601 2441 &
1626 2404 1788 2440 Leviuus
1808 2402 2030 2439 Torrentius
2048 2401 2091 2439 ad
2118 2403 2251 2441 Sueto-

118 2453 210 2492 dum
235 2453 307 2494 est.
336 2466 381 2491 ne
407 2452 487 2502 resp,
510 2465 585 2490 non
609 2462 709 2492 curet
732 2455 767 2491 id
790 2454 937 2501 epulum
963 2483 973 2499 ,
999 2466 1040 2494 ut
1060 2459 1150 2499 solet
1217 2455 1320 2491 nium
1347 2454 1568 2491 Domitiano
1592 2465 1668 2502 cap.
1696 2453 1757 2490 XI.
1798 2451 2003 2501 Mancipare
2028 2452 2075 2490 est
2100 2464 2251 2492 mancu-

120 2503 197 2544 fieri
220 2506 256 2543 in
281 2505 422 2553 oppidis
439 2532 447 2547 ,
475 2504 534 2540 ubi
558 2505 696 2551 publica
720 2505 973 2552 negi‘guntur,
1001 2508 1040 2544 &
1062 2509 1146 2549 hinc
1219 2506 1280 2552 pio
1304 2504 1388 2542 dare
1406 2533 1418 2550 ,
1450 2504 1618 2543 vendere.
1656 2503 1809 2541 Tacitus
1835 2503 1967 2540 Annal.
1993 2503 2060 2540 ΙΙΙ.
2101 2503 2251 2543 Falanio

110 2556 205 2594 'inde
228 2564 463 2604 occupantur.
493 2555 633 2592 Carior
655 2554 1008 2602 tamenlectioz‘des
1021 2570 1146 2606 agros,
1216 2555 1395 2603 objiciebat
1415 2558 1597 2602 accusator
1624 2583 1635 2598 ‚
1661 2555 1754 2602 quod
1777 2554 1932 2591 venditis
1957 2553 2069 2591 hortis
2087 2553 2254 2601 statuam

122 2606 161 2645 id
193 2607 243 2645 est
274 2605 300 2643 fi
332 2608 419 2653 reip.
454 2615 558 2652 agros
583 2606 836 2654 affignaveris,
863 2607 1073 2645 timentium
1095 2611 1143 2648 est
1179 2610 1185 2665 1
1215 2606 1365 2654 Augusti
1393 2605 1496 2653 fimat
1528 2604 1763 2655 mancipaffet.
1801 2605 2010 2642 Buciwzu.
2055 2605 2158 2653 Lege
2182 2607 2254 2644 Bu-

124 2667 174 2696 ne
195 2657 444 2706 negligantur,
474 2658 513 2693 ὃ(
534 2657 656 2693 inculti
677 2657 844 2703 jaceant,
874 2657 994 2694 immo
1017 2669 1036 2694 a
1063 2661 1149 2698 vici-
1214 2655 1345 2694 dacum
1373 2657 1416 2694 ad
1439 2656 1610 2693 Pandct‘t.
1634 2668 1714 2705 pag.
1742 2660 1802 2702 97¹.
1844 2657 2030 2693 Alciatum
2056 2656 2082 2692 I.
2109 2656 2252 2706 Parerg.

126 2709 180 2746 nis
211 2716 434 2756 occupentur
466 2715 644 2753 tanquam
680 2707 822 2754 publici.
878 2707 976 2743 Nam
1011 2709 1150 2755 publica
1216 2718 1295 2755 cap.
1330 2706 1509 2744 XXXVI.
1548 2707 1646 2744 Bur
1666 2719 1739 2744 TH.
1776 2705 1878 2743 Voss.
1911 2706 2066 2743 exac‘t'cri
2089 2734 2098 2750 ‚
2136 2718 2250 2755 quem

126 2759 313 2797 civitatum
333 2758 429 2795 bona
451 2757 566 2795 solent
589 2759 717 2805 negligi
744 2760 781 2795 ὃς
805 2757 967 2806 disperdi.
996 2758 1152 2800 (EA-rau,
1220 2758 1406 2805 Gryphius
1429 2757 1586 2805 sequitur
1608 2772 1620 2800 ;
1651 2759 1763 2794 Arnz.
1784 2757 1929 2793 afflari.
1985 2757 2129 2804 Reliqui
2154 2759 2252 2797 reete

130 2807 252 2847 Etiam
281 2807 385 2854 Voff.
419 2808 576 2846 Helmst.
603 2809 715 2846 Arnz.
739 2810 777 2846 ὃς
800 2808 868 2845 Ed.
892 2809 976 2845 Vet.
1001 2822 1042 2846 ne
1063 2811 1150 2848 dila-
1219 2808 1328 2843 afferi
1344 2836 1353 2850 ,
1378 2807 1423 2845 de
1448 2819 1526 2856 quo
1548 2808 1641 2846 bene
1667 2810 1778 2846 multa
1804 2808 1868 2844 viri
1890 2806 1991 2845 docti
2017 2807 2060 2845 ad
2076 2808 2254 2846 Tacitum

135 2855 241 2894 batur
262 2859 306 2895 ad
326 2860 462 2905 sacros,
490 2871 529 2896 ut
549 2859 677 2907 publici
706 2868 772 2897 cet.
813 2859 880 2897 Sed
904 2859 1156 2899 veterrimus:
1229 2860 1266 2895 &
1295 2858 1386 2895 alibi.
1442 2860 1553 2895 After
1584 2858 1740 2907 publicus
1772 2859 1902 2897 dicitur
1928 2886 1938 2904 ‚
1965 2860 2049 2908 quia
2072 2857 2254 2896 habebant

140 2919 180 2943 ne
212 2907 402 2947 dilabatur.
454 2911 530 2948 Des
562 2908 696 2958 agros?
724 2921 765 2948 ut
792 2911 955 2958 publica,
985 2912 1155 2960 negliqen-
1188 2914 1192 2937 ¹
1227 2910 1335 2946 ctiam
1370 2911 1514 2946 Afflores
1545 2910 1704 2951 privatos
1732 2939 1741 2954 ‚
1779 2911 1824 2948 de
1848 2909 1976 2959 quibus
1999 2908 2082 2946 vide
2104 2908 2148 2946 ad
2175 2909 2253 2949 Lib.

138 2966 211 2992 tur.
239 2957 346 2996 Reste
371 2965 437 2998 Des
460 2974 559 3000 arros
575 2990 585 3006 ,
611 2961 670 2999 sed
695 2960 740 2998 de
762 2962 877 2998 altero
894 2960 1034 3010 publica
1062 2964 1146 2999 Am·
1189 2940 1194 3013 l
1230 2959 1297 2996 Ill.
1322 2959 1430 3009 Epist.
1456 2960 1559 2997 XlX.
1578 2973 1614 2997 n.
1638 2972 1670 2997 2.
1725 2963 1838 3010 Supra
1864 2973 1872 2997 :
1901 2973 1982 3008 ager
2004 2959 2100 3008 longe
2118 2960 2252 3005 pluris,

31 3043 39 3058 ‚
73 3019 77 3024 ’
135 3006 225 3055 plius
246 3012 456 3053 pronuncio.
487 3005 611 3051 'Novi
631 3013 890 3061 negligentiam
916 3011 1011 3050 istius
1033 3013 1160 3052 sacculi
1193 3018 1197 3061 l
1227 3010 1355 3050 scilicet
1383 3040 1393 3055 ‚
1429 3022 1539 3061 quam
1573 3012 1863 3060 quingentorum
1898 3011 2052 3049 millium
2079 3038 2088 3050 ‚
2116 3023 2254 3058 nempe

133 3056 228 3094 circa
261 3060 415 3105 omnia,
461 3073 553 3111 quae
581 3062 721 3117 publita
756 3072 892 3108 erant3
930 3063 992 3103 liic
1029 3072 1158 3104 tamen
1190 3078 1200 3131 l
1221 3063 1352 3112 pretii,
1379 3061 1481 3114 quod
1521 3073 1606 3153 cur?
1645 3063 1720 3100 aliis
1758 3063 1856 3105 addit
1897 3061 2027 3103 Sallust.
2052 3061 2158 3150 L1]quX
2166 3073 2249 3148 {ixi}

1613 3122 1653 3152 tt
1684 3124 1705 3152 2.
2092 3138 2103 3148 Δ
2128 3139 2139 3147 .
2163 3140 2175 3147 .
2240 3139 2248 3150 .
