2616 3686
275 236 381 306 720
526 216 1040 277 c.‘P·L1N11
1109 203 2284 287 CAECILIISECUND1⁶

393 357 623 416 Ervilius
650 352 870 411 Pudens
896 343 1575 424 legatus,D0mine‚vm.
1608 343 1724 401 Cal.
1749 345 2013 406 Decemb.
2044 332 2434 410 Nicomediam

395 437 568 501 venit,
608 449 809 506 meque
823 430 1018 501 longae
1039 422 1448 501 exspeRationis
1470 421 1836 481 sollieitudine
1859 424 2123 485 liberavit.

518 596 617 655 XI.
693 590 935 651 XXVII.
1008 584 1602 645 C.‘P1,1n1us
1678 585 2192 659 TRAJANO.

978 745 980 748 ’
1027 722 1137 780 Pro
1168 719 1409 779 Rofiano
1432 722 1699 782 Gemino,

335 873 508 949 Rogat
540 865 823 945 Trajanum
852 861 985 920 velit
1015 859 1416 918 commendatum
1455 858 1636 915 habere
1671 858 1941 929 Rosz'anum
1973 860 2281 930 Geminum,
2302 864 2413 936 fibi

926 939 1076 997 arcia
1092 936 1470 1014 familiaritate
1491 935 1831 1012 conjunc‘ium.

446 1107 705 1166 Olianum
732 1103 1036 1162 Geminum
1063 1141 1081 1167 ‚
1132 1099 1375 1156 Domine
1399 1136 1417 1162 ‚
1459 1094 1751 1153 arffiffimo
1769 1098 1993 1153 vinculo
2022 1115 2241 1158 mecum
2267 1112 2356 1156 tua
2385 1103 2444 1159 in

446 1203 533 1241 me
558 1182 817 1239 beneficia
847 1180 1161 1253 junxerunt.
1237 1182 1252 1205 ¹
1290 1172 1480 1229 Habui
1515 1176 1656 1229 enim
1691 1173 1839 1228 illum
1866 1174 2196 1246 quaestorem
2225 1179 2277 1231 in
2311 1193 2444 1231 con·

303 1265 476 1319 sulatu
493 1299 511 1323 ‚
554 1261 659 1315 mei
685 1258 890 1314 summe
914 1250 1436 1311 observantissimum
1462 1262 1744 1321 expertus:
1786 1261 1988 1305 tantam
2015 1251 2146 1306 mihi
2175 1249 2294 1324 post
2319 1269 2453 1311 con--¹

307 1339 538 1395 sulatum
563 1334 923 1390 reverentiam
946 1326 1201 1405 praestat,
1240 1338 1300 1381 ut
1326 1330 1346 1355 ²
1364 1323 1612 1399 publicae
1638 1323 2039 1381 neeeffitudinis
2062 1328 2283 1398 pignera
2299 1370 2314 1394 ,
2337 1327 2451 1400 pri.

259 1433 297 1469 ⁷2
311 1415 441 1471 vatis
463 1410 703 1468 cumulet
731 1405 943 1465 officiis.
1016 1410 1034 1439 ³
1054 1403 1222 1475 Rogo
1246 1419 1410 1475 ergo,
1449 1412 1510 1456 ut
1529 1398 1647 1473 ‘ipse
1669 1399 1812 1472 apud
1836 1413 1889 1454 te
1912 1418 2014 1474 pro
2046 1401 2310 1476 dignitate
2335 1401 2454 1472 ejus.

2199 1475 2455 1555 precibus

307 1637 450 1690 plitudo
478 1634 610 1677 deinde
637 1634 752 1683 magis
784 1632 974 1681 magssque
1000 1631 1162 1680 coeperit
1184 1627 1351 1667 contrahi
1415 1625 1596 1665 Geminus
1613 1623 1730 1662 Piinio
1762 1622 1944 1674 probavit.
1998 1625 2154 1667 Ovidius
2180 1626 2262 1668 Lib.
2282 1629 2350 1672 111.
2384 1629 2452 1671 Fa-

312 1692 353 1730 &
395 1688 650 1743 ποιςωκμάζειν.
696 1683 785 1723 Vid.
831 1682 1001 1732 Lipfium
1045 1681 1092 1720 de
1137 1679 1348 1729 Magnitud.
1413 1679 1494 1718 stor.
1515 1688 1566 1715 vs.
1592 1687 1650 1724 7¹·
1677 1686 1722 1713 ex
1745 1677 1897 1725 persona
1919 1678 2092 1718 Romuli:

309 1743 429 1781 Rom.
457 1742 817 1778 ererssnsnus.

368 1804 401 1831 1.
429 1790 549 1829 Habui
558 1789 648 1827 enim
659 1787 761 1826 illum
772 1783 979 1836 quaestorem
994 1782 1034 1820 in
1046 1781 1238 1831 consulatu,
1251 1784 1347 1830 eya]
1390 1799 1392 1803 .
1466 1777 1615 1818 Arbiter
1629 1791 1830 1824 armorum,
1859 1779 1900 1817 de
1921 1780 2014 1828 cujus
2026 1779 2197 1830 sanguim
2219 1793 2326 1822 nasu,

313 1844 484 1887 Vereor,
512 1849 551 1885 ut
567 1841 626 1878 hic
644 1837 832 1885 complura
853 1834 920 1873 fint
940 1834 1116 1872 inculcata
1130 1860 1142 1877 ,
1167 1844 1261 1882 quae
1281 1832 1347 1870 Pii·
1521 1830 1678 1876 credor,
1707 1841 1750 1870 Θ·
1771 1840 1811 1869 ut
1837 1831 1957 1868 credar
1976 1831 2126 1881 pignora
2149 1835 2260 1872 multa
2281 1835 2390 1874 dabo.

314 1895 395 1933 nius
415 1905 483 1943 pro
500 1892 566 1930 suis
588 1902 667 1928 non
689 1887 912 1937 agnosceret.
963 1883 1147 1934 Equidem
1177 1883 1262 1921 nihil
1284 1882 1346 1921 de-

312 1944 507 1984 fiderarem
524 1971 535 1989 ,
561 1940 670 1979 ficubi
689 1939 857 1988 scriptum
880 1942 1020 1975 tantum
1043 1934 1260 1984 reperirem:
1286 1942 1351 1972 Ro·
1415 1930 1564 1981 Pignora
1584 1931 1700 1970 multa
1726 1933 1815 1970 dabo
1833 1961 1844 1978 ,
1872 1933 1908 1972 id
1925 1932 1974 1973 est
1993 1961 2007 1978 ‚
2034 1934 2146 1972 muita
2167 1944 2379 1984 argumenta
2402 1937 2457 1975 af.

304 1997 453 2051 ffianum
475 1994 684 2034 Geminum,
711 1990 862 2028 Domine
881 2016 892 2033 ,
918 1987 1100 2037 arbiiffimo
1123 1986 1263 2023 vinculo
1281 1999 1350 2023 me·
1416 1984 1530 2021 feram
1547 2010 1558 2027 ,
1586 1984 1713 2033 quibus
1735 1984 1923 2022 ostendam
1948 1986 1984 2022 &
2007 1985 2159 2033 probem
2182 1997 2244 2025 me
2267 1987 2312 2027 de
2333 1989 2462 2028 Marte

315 2054 395 2086 cum
418 2058 481 2085 tua
501 2046 539 2084 in
558 2057 613 2083 me
635 2042 792 2086 beneficia
806 2040 1011 2088 junxerunt.
1053 2037 1163 2074 Illum
1184 2036 1352 2086 quaesto-
1417 2036 1581 2084 genitum
1605 2032 1688 2073 effe.
1716 2034 1865 2074 Comei.
1893 2037 2048 2075 Severus
2067 2036 2105 2074 in
2125 2036 2272 2076 Aetna:
2439 2029 2442 2031 ’

317 2110 398 2138 rem
420 2099 458 2136 in
478 2096 665 2134 consulatu
682 2093 749 2130 mei
765 2095 848 2142 sum
881 2088 1212 2139 observantiffimum
1234 2097 1349 2138 exper-

319 2160 389 2190 tus.
443 2154 596 2186 Tantam
629 2143 716 2182 mihi
757 2142 823 2193 post
860 2140 1075 2192 consulatum
1123 2138 1349 2176 reverentiam
1696 2136 1793 2173 certis
1813 2136 1877 2174 tibi
1897 2139 2045 2186 pignora
2069 2137 2187 2181 rebus.

312 2198 468 2252 praestat
491 2226 502 2243 ,
536 2209 576 2236 ut
592 2194 750 2246 publicae
786 2191 1030 2243 neceffltudinis
1046 2190 1185 2241 pignora
1200 2191 1353 2238 privatis
1473 2191 1595 2238 Atque
1614 2185 1713 2225 oculis
1735 2185 1882 2239 haesura
1900 2192 1969 2228 tuis
1987 2188 2081 2229 dabit
2104 2189 2221 2230 ordine
2239 2192 2352 2232 tellus.

321 2251 474 2289 cumulet
489 2248 613 2297 officiis.
637 2247 673 2283 G
687 2246 751 2284 a‘o
767 2257 789 2281 Ν
803 2258 827 2281 o
842 2257 877 2281 v.
916 2244 966 2281 At
985 2252 1055 2290 ego
1081 2269 1092 2286 ,
1128 2240 1151 2278 fi
1174 2239 1352 2279 diffentire
2226 2262 2228 2265 .

320 2303 376 2341 fas
396 2303 444 2341 est
464 2329 477 2347 ,
512 2299 607 2338 nihii
628 2297 685 2335 hic
713 2295 932 2334 inculcatum
967 2292 1039 2331 effe
1055 2293 1187 2330 censeo
1211 2319 1222 2337 ‚
1249 2292 1351 2341 quod
1423 2287 1634 2326 Translatus
1660 2298 1680 2325 a
1706 2286 1953 2336 sponsionibus
1979 2290 2099 2329 sermo
2121 2318 2132 2337 ,
2170 2304 2264 2342 quae
2289 2289 2462 2338 deposita

317 2353 452 2393 Plinius
472 2362 550 2390 non
571 2360 638 2398 pro
652 2348 718 2385 suo
737 2347 916 2395 agnoscat.
967 2345 1066 2392 Quia
1086 2342 1221 2381 dixerat
1245 2356 1253 2379 :
1290 2354 1354 2382 tua
1422 2340 1574 2389 pignore
1606 2337 1851 2379 firmabantur.
1888 2342 1947 2379 130
1962 2353 1982 2379 c
1996 2354 2019 2378 H
2035 2355 2059 2380 N
2074 2354 2095 2379 ε
2109 2356 2146 2382 R.
2194 2337 2310 2382 Rediev
2330 2341 2455 2380 Buch-

320 2405 360 2444 in
381 2419 435 2443 me
456 2401 611 2450 beneficia
635 2398 833 2446 junxerunt
854 2425 866 2442 ,
904 2396 1163 2444 supervacuum
1193 2391 1264 2432 effe
1289 2407 1355 2433 ne·
1424 2402 1543 2429 uerus.
1569 2389 1625 2428 Sic
1647 2390 1684 2428 &
1704 2391 1876 2431 Lucanus
1905 2393 1987 2431 Lib.
2009 2393 2080 2433 1V.
2103 2404 2152 2432 vs.
2172 2406 2260 2443 501.

322 2457 431 2505 quit,
459 2452 563 2504 quod
597 2451 776 2500 sequitur:
824 2447 941 2486 Habui
973 2448 1074 2487 illum
1113 2445 1354 2495 quaestorem.
2123 2452 2128 2457 ¹

320 2506 389 2545 Est·
406 2515 587 2554 praeterea
611 2502 763 2541 verbum
787 2500 910 2538 habere
935 2500 1002 2537 hac
1027 2501 1063 2537 in
1092 2508 1129 2535 re
1155 2496 1268 2535 veluti
1289 2497 1355 2535 sol·
1476 2516 1589 2525 ——--
1748 2494 1814 2544 sed
1837 2507 1903 2533 nm
1924 2494 2062 2542 majas„
2075 2495 2255 2544 βψω-[ΜΔ

322 2559 448 2597 lemne
471 2586 481 2602 ‚
519 2554 620 2606 quod
636 2566 681 2591 ex
704 2553 831 2591 Tullio
846 2579 856 2595 ‚
885 2552 996 2589 Livio
1022 2550 1168 2598 aliisque
1194 2548 1355 2586 constat:
1479 2543 1639 2595 Obseffi's‚
1668 2547 1764 2584 tanei
1786 2560 1872 2599 quae
1894 2548 2039 2596 pignera
2058 2547 2176 2584 demus
2195 2543 2336 2582 amoris.

323 2610 370 2647 ad
405 2620 515 2658 quam
553 2608 712 2644 formam
754 2604 825 2651 ipse
854 2601 1038 2640 Secundus
1067 2600 1112 2638 de
1151 2599 1354 2646 Quaestore

326 2660 409 2699 Lib.
434 2660 538 2697 VIII.
566 2656 676 2706 Epist.
697 2655 836 2693 XXIII.
863 2665 885 2690 n
921 2668 952 2704 ς.
980 2649 1208 2699 dixit,quod
1228 2650 1358 2688 habeat
1424 2647 1512 2686 item
1545 2647 1626 2686 Lib.
1645 2648 1754 2687 VIII.
1791 2659 1842 2686 vs.
1872 2659 1956 2698 130.
1983 2648 2021 2685 &
2046 2645 2182 2695 paffim.
2207 2643 2298 2682 adde
2323 2642 2454 2685 Heins.

325 2711 481 2757 consules.
534 2710 631 2746 Nam
656 2705 846 2744 offendere
867 2715 1090 2754 quemquam
1114 2699 1236 2751 poffe,
1256 2701 1358 2751 quod
1423 2698 1468 2738 ad
1488 2699 1614 2738 Ovidii
1640 2700 1661 2737 1.
1692 2711 1727 2738 c.

325 2763 494 2811 scripserit
505 2759 642 2810 summe
668 2756 1002 2807 observantiffimum
1023 2784 1032 2800 ‚
1067 2755 1220 2793 minime
1241 2752 1356 2791 existi·
1482 2761 1516 2800 3.
1545 2756 1630 2800 Rogo
1649 2764 1748 2799 ergo,
1784 2747 1900 2796 utipfi
1924 2746 2018 2796 apud>
2035 2744 2107 2794 te.]
2145 2745 2232 2783 Non
2260 2745 2335 2783 satis
2361 2746 2451 2785 haec

328 2814 506 2852 maverim
523 2841 532 2857 ‚
561 2824 643 2849 cum
664 2811 700 2847 &
719 2818 884 2858 perquam
901 2809 1068 2856 optimas,
1096 2806 1249 2842 maxime
1264 2806 1358 2854 peffi·
1431 2801 1599 2846 videntur
1618 2802 1768 2848 integra.
1787 2810 1862 2848 quo
1893 2797 2007 2834 modo
2029 2796 2125 2833 enim
2148 2797 2343 2835 cohaerent
2361 2825 2372 2841 ‚
2410 2808 2455 2835 ut·

332 2877 408 2900 mus
426 2865 462 2900 ὅ(
484 2863 605 2901 similia
624 2862 722 2911 plura
740 2860 835 2907 apud
855 2860 1015 2907 optimos
1036 2857 1265 2906 reperiantur.
1275 2855 1358 2894 vide
1428 2852 1488 2898 ipsi
1501 2851 1653 2903 precibus
1674 2851 1779 2888 meis?
1812 2852 1868 2884 An
1886 2845 2012 2895 scripsit
2034 2873 2044 2889 ,
2072 2856 2112 2883 ut
2133 2845 2192 2896 ipsi
2203 2875 2213 2891 ,
2242 2861 2281 2884 ac
2303 2849 2395 2896 apud
2420 2860 2452 2886 te

329 2914 376 2951 ad
401 2913 531 2951 Sallust.
558 2915 637 2952 Cat.
658 2907 731 2960 cab.
751 2911 924 2950 XXXVI.
950 2923 985 2947 n.
1005 2927 1039 2955 4.
1427 2912 1486 2951 pro
1522 2903 1691 2951 dignitate
1726 2902 1797 2948 ejus
1828 2896 1977 2947 precibus
2012 2897 2092 2934 meis
2115 2907 2130 2934 ,θ
2166 2899 2224 2936 Sc
2241 2912 2261 2935 Η
2278 2911 2296 2936 E
2312 2911 2329 2935 F
2344 2913 2360 2935 ε
2377 2911 2397 2936 ε
2414 2913 2454 2939 Β.

385 2975 422 3001 2.
451 2964 610 3002 Publicae
631 2962 869 3011 necessitudinis
888 2959 1070 3011 pigriora.]'
1097 2957 1281 2995 Publicam
1302 2970 1360 2995 ne-
1432 2953 1619 2991 Festinavit
1636 2949 1834 2989 Schefferus
1857 2975 1866 2990 ‚
1904 2956 1943 2984 ut
1962 2947 2165 2995 saepissime.
2193 2950 2347 2998 Optime
2364 2951 2454 2989 hacc

329 3013 555 3060 eaeffitudinem
579 3024 684 3052 vocat
702 3042 711 3057 ‚
747 3025 840 3063 quae
865 3014 957 3050 inter
976 3013 1009 3051 fe
1042 3009 1238 3047 Consulem
1265 3009 1301 3045 ὃ(
1319 3008 1358 3046 il·
1432 3004 1652 3046 cohaerent,
1679 3000 1703 3038 fi
1724 2998 1839 3036 modo
1859 2997 2008 3044 precibus
2028 2999 2109 3036 meis
2130 2999 2231 3039 sexto
2250 3001 2341 3038 Casu
2355 3030 2364 3045 ,
2387 3013 2460 3050 pro*

328 3065 405 3103 lum
428 3064 666 3111 Quaestorem
691 3065 767 3102 fuit.
825 3066 993 3111 Pignora,
1021 3062 1057 3100 id
1079 3061 1151 3104 est,
1178 3059 1356 3097 indicia&
1428 3064 1486 3100 per
1503 3063 1631 3102 preces,
1654 3059 1783 3098 propter
1804 3059 1910 3092 preces
1933 3051 2215 3100 meas,accipjas,
2240 3052 2332 3090 adde
2351 3048 2457 3101 supr'a.

325 3115 573 3163 documenta,
609 3116 735 3167 quibus
773 3115 932 3170 studium
968 3121 1211 3161 amoremque
1249 3109 1355 3150 suum
1431 3104 1509 3144 Lib.
1533 3103 1637 3155 VIII.
1663 3101 1769 3152 Epist.
1789 3099 1855 3139 111.
1882 3111 1917 3140 n.
1940 3112 1974 3141 2.
2003 3100 2247 3153 Nihilominus
2277 3103 2453 3192 cumdAl.

441 3182 446 3186 ῃ
2392 3165 2461 3193 Μ’Φι
