2616 3686
588 204 932 257 LIBER
998 205 1785 264 V111.EP18TOL-A
1851 218 2024 269 XXII.
2219 233 2318 293 617

194 288 307 364 jam
332 293 405 343 ex¹
424 283 495 342 eo
513 281 668 339 nosti.
743 288 759 313 ¹
788 281 949 338 Haec
981 285 1068 338 vel
1091 286 1378 341 emendata
1411 286 1594 358 postea
1621 327 1638 353 ,
1695 294 1777 348 vel
1820 294 2018 366 (quod
2047 300 2317 356 interdum

195 364 440 433 longiore
463 375 616 414 mora
637 357 805 427 solet)
847 357 1116 414 deteriora
1141 357 1275 416 fasta
1297 400 1314 425 ,
1367 360 1510 434 quasi
1548 378 1689 419 nova
1722 368 1899 422 rursus
1927 411 1941 430 ,
1985 371 2037 422 de
2066 373 2319 443 rescripta

191 434 533 566 cognosces>
545 432 684 562 {lam
707 433 978 507 plerisque
1002 436 1248 501 mutatiS,
1276 441 1295 505 ξ
1321 452 1381 492 ea
1404 452 1628 511 quoque
1656 448 1863 499 mutata
1889 442 2142 500 videntur
2159 463 2322 520 ‚quae

191 523 427 566 manent.
518 527 549 563 a
572 526 610 563 e.

375 655 555 715 XXII.
632 655 699 713 C.
774 656 1225 725 PL1N1us
1299 659 1780 721 GEM1N10
1855 665 2034 724 Suo
2084 665 2139 722 S.

196 809 378 866 Monet
394 823 488 870 non
520 806 613 878 esse
629 805 932 860 imitandam
959 805 1161 861 illorum
1184 808 1581 884 consuetudinem
1601 850 1617 876 ,
1668 818 1756 887 qui
1788 815 1908 869 alios
1920 814 2223 889 graviffime
2245 818 2323 869 in-

252 881 521 954 sec‘iantur
536 923 560 946 ,
575 885 628 934 in
654 899 750 955 quo
773 879 864 955 ipſs
880 886 1099 937 maxime
1117 896 1350 955 peccant.-
1391 892 1515 962 quin
1536 907 1568 942 a
1591 891 1742 943 vitiis
1743 890 1802 961 se
1823 892 1978 966 ipsum
2003 894 2324 966 comprimen-

264 958 418 1021 dum,
464 957 529 1016 όν
555 957 730 1011 alienis
756 955 1012 1011 erroribus
1027 959 1352 1031 parcendum.

355 1101 543 1160 Ossine
567 1103 666 1161 hos
685 1147 698 1169 ,
739 1107 833 1179 qui
859 1107 1105 1161 omnium
1143 1112 1159 1140 ³
1187 1107 1472 1165 libidinum
1496 1110 1632 1166 servi
1656 1150 1672 1175 ,
1712 1110 1781 1166 fic
1807 1112 2035 1168 aliorum
2067 1116 2206 1170 vitiis
2231 1117 2328 1169 ira-

354 1181 602 1243 scuntur,
642 1180 784 1254 quafi
812 1181 1090 1236 invideant
1110 1220 1127 1245 ‚
1166 1183 1222 1236 &
1244 1191 1263 1219 ⁴
1285 1185 1587 1256 graviffime
1612 1188 1843 1258 puniunt
1871 1230 1887 1255 ‚
1928 1205 2064 1260 quos
2091 1191 2327 1245 maxime

194 1257 475 1310 imitantur
508 1255 527 1307 ?
581 1272 706 1310 cum
736 1273 828 1311 eos
856 1257 1019 1310 etiam
1045 1298 1057 1318 ‚
1107 1263 1121 1291 ⁵
1146 1259 1240 1328 qui
1261 1276 1372 1314 non
1399 1260 1646 1333 indigent
1667 1262 1948 1317 clementia
1971 1264 2153 1326 ullius,
2195 1263 2326 1319 nihil

194 1330 359 1403 magis
384 1346 548 1404 quam
569 1331 589 1358 ⁶
612 1331 801 1386 lenitas
829 1330 1036 1386 deceat.
1087 1337 1105 1368 ⁷
1126 1335 1309 1405 Atque
1333 1351 1436 1406 ego
1460 1337 1735 1408 optimum
1758 1337 1812 1391 &
1839 1338 2325 1395 emendatiffimum
2341 1365 2370 1397 2

2060 1414 2327 1477 existimO,

249 1520 283 1548 1.
307 1514 400 1546 Haec
432 1507 492 1546 vel
525 1507 707 1546 emendata
730 1506 838 1556 postea
861 1534 872 1551 ‚
910 1509 968 1546 vel
1005 1507 1105 1557 cet]
1146 1508 1229 1548 MS.
1297 1510 1435 1550 Durior
1463 1522 1552 1561 ergo
1573 1511 1668 1550 Cato
1689 1511 1893 1558 Uticensis,
1913 1514 1974 1563 qui
1993 1513 2087 1564 apud
2106 1515 2237 1554 Sallust.
2248 1516 2330 1554 Cat.

197 1565 292 1598 Haec
312 1558 495 1596 emendata
509 1559 642 1608 polim,
669 1566 708 1595 ut
736 1557 851 1607 (quod
869 1557 1045 1595 interdurn
1064 1559 1227 1608 longiora
1299 1573 1376 1611 cap.
1397 1562 1480 1599 Ln.
1509 1576 1544 1601 n,
1568 1562 1591 1600 8
1631 1565 1678 1601 ita
1700 1561 1830 1601 differit
1849 1577 1859 1601 ε
1895 1566 1954 1614 qui
1981 1565 2069 1603 mihi
2088 1576 2194 1616 atque
2212 1566 2330 1604 animo

196 1623 295 1649 mora
315 1609 428 1660 fhlet)
464 1610 630 1647 deteriora
661 1616 730 1645 cet.
757 1614 939 1655 corrupte,
967 1609 1028 1646 De
1048 1618 1230 1656 permuta·
1299 1626 1370 1650 meo
1391 1613 1520 1651 nullius
1537 1626 1706 1663 umquam
1728 1614 1839 1651 delicii
1851 1616 2007 1663 gratiam
2019 1616 2173 1666 seciffem
2192 1644 2203 1662 ‚
2229 1615 2330 1653 haud

199 1662 301 1699 tione
319 1663 382 1697 τῶν
403 1658 460 1697 vel
483 1661 521 1697 δε
540 1670 578 1697 ut
596 1657 713 1696 modo
733 1656 869 1695 ditstum
883 1657 926 1695 ad
939 1658 1183 1708 Epist.XX.n.
1198 1674 1232 1710 ς.
1290 1663 1398 1709 facile
1417 1663 1560 1701 alterius
1582 1663 1732 1702 lubidini
1752 1664 1844 1700 male
1862 1665 1969 1711 sabla
1996 1667 2243 1705 condonabam.
2271 1667 2331 1706 ubi

198 1712 281 1750 Nec
306 1710 431 1748 melius
450 1709 549 1749 idem
572 1709 691 1748 codex
714 1709 844 1758 supra:
872 1720 960 1759 quae
980 1709 1097 1759 cauffa
1124 1718 1229 1748 retra·
1295 1713 1428 1762 aliquid
1446 1713 1616 1761 adscripsi.

202 1761 324 1800 <tandi
335 1761 425 1807 fuit.
1348 1764 1383 1801 6.
1395 1764 1587 1815 amitae]
1629 1761 1786 1804 Facilitas
1815 1764 2034 1814 ignoscendi.
2079 1766 2180 1807 Hinc
2208 1767 2330 1817 Hora-

250 1824 287 1850 2.
316 1815 370 1847 Ea
392 1824 520 1862 quoque
539 1817 676 1849 mutata
695 1808 903 1856 videntum]
933 1807 1061 1857 Lego:
1088 1821 1230 1849 mutan-
1297 1813 1388 1852 tius:

200 1862 260 1899 aa.
288 1862 478 1899 Bima.
514 1861 704 1910 perperam
740 1859 777 1899 id
823 1857 985 1908 quidem.
1029 1860 1227 1900 Rationem

201 1913 300 1950 enim
329 1910 470 1955 reddit,
509 1923 573 1949 cur
597 1910 789 1950 emendata
818 1912 857 1948 &
887 1909 1069 1949 retractata
1103 1912 1229 1962 scripta
1349 1919 1406 1953 At
1424 1922 1523 1964 pater
1539 1925 1580 1953 ut
1595 1914 1721 1965 gnati,
1743 1916 1794 1967 fic
1815 1928 1874 1953 nos
1899 1916 2057 1956 debemus
2075 1919 2196 1966 amici,

200 1964 307 2012 plane
325 1972 423 2000 nova
447 1960 646 2000 videantur.
671 1962 764 2001 adde
791 1961 872 2000 Lib.
882 1960 1231 2011 VlI.Epist.XVll.
1351 1966 1385 2003 Si
1412 1968 1503 2016 quod
1523 1966 1573 2018 fit
1600 1966 1729 2005 vitium
1757 1979 1824 2004 non
1841 1966 2026 2015 fastidire,
2050 1980 2123 2009 cuc.

205 2024 247 2051 n.
295 2041 304 2052 .

255 2026 289 2113 35.
318 2061 558 2113 Libidinum.]
586 2062 796 2104 vinorum:
824 2061 925 2101 libido
944 2062 1052 2100 etiam
1076 2074 1142 2112 pro
1163 2064 1230 2104 de·
1298 2066 1332 2105 C
1346 2078 1437 2105 ATA
1452 2078 1491 2104 N.

202 2112 331 2152 fiderio
350 2113 514 2152 Veneris.
549 2114 774 2163 Lampridius
801 2114 900 2153 enim
929 2113 1039 2153 refert
1055 2115 1231 2164 Helioga·
1354 2128 1388 2164 7.
1415 2121 1536 2168 Atque
1556 2132 1609 2168 ego
1631 2119 1833 2170 optimum]
1861 2118 1996 2159 Melius
2018 2119 2137 2166 forte,
2164 2124 2264 2172 atqui
2280 2135 2334 2171 ego

203 2163 323 2202 baluin
345 2165 457 2203 multa
476 2163 659 2204 libidinum
680 2176 809 2214 genera
831 2162 1068 2212 excogitasse,
1081 2167 1119 2204 ὃς
1131 2167 1232 2204 Mar·
1299 2178 1372 2208 σε.
1398 2169 1434 2207 G
1447 2181 1505 2207 Ru
1519 2182 1540 2206 r
1552 2182 1575 2207 E
1587 2182 1624 2208 R.
1651 2176 1772 2220 Atque
1792 2184 1845 2220 ego
1869 2172 2034 2221 optimum
2054 2183 2098 2212 <9¹
2112 2173 2335 2221 emendatiffl-

203 2214 293 2253 tialis
314 2216 351 2253 in
371 2213 530 2253 eundern
548 2216 686 2253 sensum
707 2215 853 2262 protulit
882 2215 1074 2254 libidinari.
1122 2217 1235 2256 Vale—
1301 2232 1399 2257 mum
1425 2220 1586 2266 existimo.
1612 2222 1631 2268 ]
1671 2221 1870 2269 Egregium
1899 2223 2082 2259 monitum
2106 2249 2118 2266 ,
2154 2224 2192 2259 ὅ(
2215 2225 2330 2271 probe

200 2266 272 2303 rius
292 2266 429 2313 insuper
448 2265 609 2303 luxuriae
628 2265 806 2302 libidinem
819 2265 961 2314 jungit,
986 2268 1163 2314 quoniam
1188 2281 1234 2306 ex
1298 2269 1502 2309 notandum
1524 2284 1532 2308 :
1574 2280 1623 2307 ne
1647 2270 1824 2309 faciliores
1845 2269 1954 2309 fimus
1972 2274 2010 2310 in
2029 2271 2328 2321 reprehendendis

203 2315 329 2354 iisdem
355 2316 526 2354 vitiorum
548 2315 723 2364 principiis
745 2316 888 2352 oriatur.
939 2316 1002 2354 Ad
1020 2316 1110 2355 haec
1130 2326 1233 2357 vete·
1266 2345 1269 2364 ,
1300 2321 1453 2358 aliorum
1482 2320 1658 2359 erroribus
1684 2321 1850 2369 vitiisque
1869 2348 1882 2365 ,
1930 2333 2044 2369 quam
2074 2324 2295 2370 ignoscendis
2316 2336 2327 2361 ε

204 2376 260 2404 res
276 2377 342 2415 pro
361 2367 520 2415 appetitu
539 2366 688 2404 aliarum
707 2376 827 2403 rerum
846 2365 927 2404 usos
946 2365 1054 2404 docet
1075 2368 1170 2407 Cato
1189 2369 1234 2407 de
1265 2368 1269 2399 l
1300 2370 1402 2419 quod
1422 2371 1582 2407 maxime
1605 2369 1732 2415 decet,
1758 2372 1821 2420 qui
1840 2371 1875 2408 se
1895 2373 2102 2411 meminerit
2117 2372 2333 2418 hominemt,

202 2427 242 2456 re
260 2416 394 2455 rustica.
423 2416 456 2453 C
471 2429 491 2452 A
505 2427 528 2453 τ
545 2429 565 2452 Α
579 2429 618 2454 Ν.
1265 2400 1271 2495 ι
1300 2421 1549 2470 erroribusque
1566 2420 1768 2458 obnoxium
1789 2435 1800 2465 ;
1838 2428 1879 2459 ut
1907 2422 1973 2460 suis
2004 2434 2155 2473 quoque
2185 2427 2331 2462 veniam

256 2480 292 2513 4.
318 2466 525 2514 Graviffime
542 2467 694 2514 puniunt
707 2495 718 2512 ‚
744 2479 823 2516 quos
841 2466 993 2505 maxime
1008 2466 1233 2521 imitantur.]
1298 2472 1467 2521 impetret
1480 2499 1491 2516 ‚
1518 2481 1601 2508 curn
1619 2470 1739 2510 alienis
1755 2471 1864 2510 dedit.
1890 2472 1954 2508 Ab
1973 2473 2041 2511 alio
2053 2476 2197 2523 expelles
2208 2475 2333 2523 ,alteri

205 2518 371 2557 Valerius
404 2518 589 2556 Maximus
635 2518 715 2555 Lib.
742 2518 846 2555 VIII.
882 2528 958 2565 cap.
990 2517 1059 2555 VI.
1097 2519 1236 2569 aliquot
1267 2510 1271 2568 Ι
1302 2524 1392 2572 quod
1403 2522 1548 2568 feceris,
1578 2520 1720 2560 Mimus
1738 2523 1799 2561 ait.
1822 2522 1940 2561 Vetus
1959 2522 2126 2574 Sapiens:

208 2570 374 2618 exempla
393 2579 523 2605 eorum
541 2568 742 2615 refert,qui
762 2567 1022 2605 commiserunt
1043 2567 1105 2617 ipfi
1119 2596 1129 2612 ,
1141 2581 1233 2619 quae

207 2620 433 2658 vindicarunt
468 2619 505 2657 in
533 2619 615 2656 aliis.
665 2618 763 2656 Vide
793 2619 831 2655 ὃ(
862 2617 962 2666 supra
984 2617 1029 2655 ad
1071 2620 1148 2657 Lib.
1168 2620 1237 2658 lV.

206 2669 314 2720 Epist.
332 2670 397 2709 XI.
435 2668 527 2707 Not.
550 2667 650 2706 CIII.
676 2667 740 2705 Bu
756 2678 939 2706 cursen,
990 2668 1080 2706 Aur.
1106 2668 1237 2708 Victor

208 2719 372 2770 Epitom.
400 2731 475 2768 cap,
502 2718 529 2757 Ι.
579 2725 735 2768 Cumque
762 2718 840 2768 effet
872 2717 1029 2755 luxuriae
1057 2719 1205 2767 fierviens
1227 2748 1236 2765 ‚
1999 2742 2003 2745 -

210 2781 285 2809 erat
305 2782 420 2810 tamen
438 2769 592 2817 ejusdem
623 2770 704 2807 vitii
728 2767 952 2817 severissimus
985 2770 1075 2805 ultor
1094 2797 1106 2813 ,
1144 2784 1235 2808 more
1304 2771 1401 2810 Vide
1423 2775 1461 2811 &
1482 2773 1591 2822 Epist.
1607 2773 1731 2812 XVII.
1767 2774 1848 2811 Lib.
1869 2773 1933 2813 ΙΧ,
1973 2786 2067 2824 quae
2097 2775 2141 2813 ad
2158 2776 2255 2815 hunc
2277 2779 2332 2816 lo-

214 2820 390 2858 hominum
413 2850 424 2866 ,
448 2821 507 2871 qui
524 2821 560 2856 in
581 2819 772 2866 ulciscendis
791 2819 888 2858 vitiis
909 2846 920 2864 ,
960 2819 1078 2868 quibus
1098 2820 1158 2869 ipfi
1177 2834 1237 2857 ve-
1305 2832 1389 2859 curn
1412 2823 1520 2860 etiam
1543 2826 1707 2872 pertinet.
1733 2822 1762 2861 B
1775 2838 1798 2860 u
1812 2835 1835 2861 c
1849 2836 1872 2860 n
1886 2837 1992 2862 nna.
2030 2826 2204 2865 Gruterus
2221 2830 2336 2867 male·

217 2870 386 2908 hementer
420 2870 599 2920 indulgent
620 2898 631 2916 ,
667 2883 759 2907 acres
785 2869 887 2918 fient.
921 2868 1020 2907 Bm<
1037 2882 1114 2909 τΗ.
1145 2871 1236 2910 adde
1304 2871 1362 2909 bat
1390 2874 1504 2923 Atqui
1511 2886 1522 2916 ;
1551 2886 1629 2911 non
1649 2874 1884 2912 membranae
1903 2902 1914 2920 ,
1944 2875 2081 2921 Aldus,
2109 2877 2334 2925 Caranaeus,

219 2918 414 2959 Gruterum
432 2921 478 2959 ad
494 2922 618 2958 locum
638 2921 808 2959 Victoris.
1305 2922 1432 2969 quibus
1448 2927 1568 2974 Atque
1585 2924 1660 2962 satis
1679 2924 1833 2974 placuit,
1861 2926 1899 2962 δε
1920 2926 2053 2964 eodem
2076 2926 2185 2966 sensu.
2213 2929 2333 2975 Vide,

271 2982 305 3017 ς.
333 2970 493 3023 Quinem
511 2972 662 3021 indigent
682 2999 692 3016 ,
731 2970 829 3022 tyn]
870 2970 1012 3017 Quibus
1047 2983 1137 3019 opus
1157 2983 1235 3010 non
1306 2972 1332 3010 fi
1362 2972 1496 3011 dubitas
1516 3002 1527 3018 ,
1572 2975 1690 3013 nostra
1713 2974 1759 3013 ad
1791 2975 1902 3024 Crispi
1929 2977 2010 3026 Jug.
2031 2989 2107 3027 cap.
2126 2978 2194 3017 IV.
2232 2992 2268 3019 n.
2298 2992 2334 3027 3.

220 3017 290 3062 est,
316 3028 355 3056 ut
366 3021 590 3059 condonetur
603 3023 639 3059 ὅ(
659 3021 858 3071 ignoscatur
867 3022 997 3072 aliquid
1010 3049 1020 3066 ,
1048 3034 1133 3060 cum
1154 3033 1238 3071 pec·
1306 3025 1431 3074 Atque
1447 3037 1500 3074 ego
1519 3026 1615 3064 credo
1625 3026 1725 3074 fhre,
1753 3026 1813 3075 qui
1827 3034 1897 3065 cet.
1923 3027 2053 3066 Similia
2076 3031 2272 3068 tentamina
2293 3031 2329 3067 in

222 3076 308 3107 cent
341 3069 427 3109 nihil
462 3071 501 3110 ὃ(
535 3072 762 3123 integerrime
796 3073 934 3123 vivant.
975 3072 1239 3113 Bucam-211.
1305 3074 1372 3114 hac
1400 3075 1572 3117 k‘arricula
1598 3076 1701 3129 supra
1731 3077 2030 3126 observavimus,
2066 3091 2136 3120 nec
2162 3079 2224 3122 fibi
2252 3079 2328 3116 satis

1740 3127 1755 3167 1
1768 3128 1822 3166 iii
2235 3128 2331 3170 cavit

1356 2623 1391 2661 si
1410 2623 1526 2661 vitam
1546 2623 1720 2674 inspicias,
1748 2621 1923 2661 hominum
1933 2623 1971 2674 si
1988 2625 2131 2673 denique
2152 2638 2279 2672 mores,

1356 2679 1448 2712 Cum
1469 2673 1584 2724 culpas
1605 2674 1690 2713 alios
1704 2702 1715 2720 ‚
1743 2687 1838 2712 nemo
1851 2674 1923 2722 fine
1939 2675 2080 2712 crimine
2098 2676 2205 2714 vivit.
