2616 3686
496 203 605 258 2²1.
631 204 743 258 *1'13
775 202 905 255 E‘R
971 201 1068 254 11.¹
1104 199 1148 249 E
1181 200 1219 249 P
1253 199 1283 248 1‘
1315 200 1345 249 s
1381 202 1431 251 T
1466 201 1515 250 o
1552 199 1596 248 L
1631 200 1677 247 A
1743 171 1889 252 xiv..

178 310 239 357 ut
259 287 581 364 ”auditores>⁸
626 297 997 360 corrogarets'-
1032 283 1109 339 Ita
1144 295 1295 339 certe
1335 300 1403 338 ex

2188 215 2209 251 1

1499 271 1835 354 Quintiliano
1861 321 1878 348 ,
1915 219 2282 366 ‘praeceptoife

1442 285 1460 302 2

177 384 299 429 meo
320 395 349 434 ,·
385 363 584 422 audisse
620 362 864 419 memini.
893 356 1135 415 narrabat
1170 357 1257 410 ille
1283 395 1299 420 ‚
1342 354 1650 411 Asseclabar
1677 353 1690 377 ³
1717 354 2022 411 Domitium
2049 357 2248 413 Afrum
2266 397 2283 424 ‚

173 444 193 470 ⁴
214 447 380 515 qu'um
409 439 551 512 apud
576 432 936 493 centumviros
959 430 1193 500 graviter
1220 429 1273 481 &
1302 428 1476 483 lente:
1517 427 1622 481 hoc
1649 427 1796 480 enim
1824 427 1895 479 illi
1931 426 2151 483 achonis
2189 447 2285 500 ge·
2318 465 2324 469 κ

177 531 273 572 nus
310 526 440 568 erat.
487 510 634 567 audit
667 508 689 535 ⁵*
718 523 788 562 ex
820 505 1072 578 proximo
1107 500 1466 570 immodicum
1520 498 1900 569 insolitumque
1956 498 2278 558 clamorem:

179 722 308 771 legitur
329 719 472 765 Lartius
492 716 662 756 Licinius.-
692 715 824 766 pariter
847 713 930 752 Lib.
952 711 1070 751 XXX.
1086 714 1188 751 Lati-

181 786 270 811 num
287 776 437 820 Largum
464 768 591 807 Paulus
620 768 686 814 JC.
719 772 1004 804 commemorat.
1033 764 1187 803 CATAN.

183 822 257 861 Alii
275 821 392 859 D'tum
412 818 583 857 Licinium
604 825 740 856 vocant
764 843 776 862 ‚
801 814 861 853 sed
882 816 921 853 in
942 813 1118 853 Mediceo
1140 816 1190 854 est

181 872 328 921 Largius
357 869 492 907 Licinus
518 896 529 913 ,
553 870 591 906 &
621 867 667 906 fic
699 881 735 906 n.
770 878 826 905 11.
878 865 1017 902 Licinus
1048 881 1058 901 .·
1099 866 1189 904 item

183 921 262 961 Lib.
293 918 359 958 111.
389 918 497 968 Epist.
528 918 577 955 V.
609 930 644 956 n.
668 930 723 966 17.
774 915 900 964 Largio
924 916 1068 953 Licino.-
1097 928 1191 966 quo-

180 969 296 1017 modo
316 972 354 1009 in
373 968 452 1008 Basr
472 969 684 1009 Marmorea
706 975 746 1006 L.
769 971 944 1004 LICJNJ.
965 971 1000 1003 T.
1023 972 1057 1002 F.
1089 978 1192 1016 repe-

177 1023 222 1062 rit
249 1019 391 1059 Gudius
411 1049 422 1065 ‚
459 1020 521 1058 ubi
553 1019 729 1058 Gruterus
760 1028 840 1068 pag.
873 1028 955 1065 455.
977 1026 1012 1053 n.
1033 1023 1066 1063 4
1095 1016 1194 1057 dedit

177 1071 320 1116 Latini,
348 1073 386 1110 &
407 1070 510 1121 quod
530 1071 643 1118 magis
663 1071 736 1110 huc
756 1070 864 1113 facit,
890 1077 970 1117 pag.
996 1079 1078 1118 392.
1101 1079 1137 1105 n.
1161 1081 1192 1107 2.

177 1127 396 1161 LICINJUS
427 1122 556 1171 legitur
577 1149 589 1166 ‚
628 1130 714 1160 cum
747 1120 805 1159 alii
836 1119 1016 1168 sculptum
1035 1118 1194 1158 viderint

125 1168 129 1170 “
179 1177 386 1211 zrcmtss.
412 1170 574 1211 Riccard.
597 1173 636 1210 &
656 1171 855 1211 Lindenbr.
883 1169 1028 1207 Larcius
1041 1170 1193 1208 Licinius

176 1223 334 1269 habent3
365 1224 493 1261 oxon.
516 1222 657 1261 Tarcius
680 1223 838 1262 Licinius.

226 1287 244 1315 1
275 1273 523 1324 Corrogaret.]
549 1274 747 1323 ‘Rogando
769 1279 1003 1311 convocaret.
1040 1271 1196 1312 CATAN.

223 1337 247 1364 2
275 1323 540 1376 Quintiliana]
575 1330 632 1362 M.
661 1325 768 1363 Fabia
790 1323 1019 1374 Quintiliano
1045 1322 1195 1362 summo

177 1383 346 1422 oratore,
373 1372 628 1426 operibus‘suis
652 1378 691 1415 &
712 1376 910 1426 praeconio
933 1374 1116 1420 Iuvenalis
1136 1387 1196 1413 ce-

175 1426 381 1466 leberrimo.
433 1426 507 1465 Hic
542 1439 587 1465 ex
619 1427 794 1475 Calagum
825 1424 1021 1474 Hispaniae
1055 1424 1194 1473 oppido

179 1477 352 1516 oriundus
374 1478 467 1515 inter
487 1477 661 1514 Patricios
682 1478 876 1514 Romanos
898 1474 1046 1512 insertus
1072 1503 1082 1519 ,
1119 1474 1193 1512 sive

174 1529 257 1577 jure
290 1529 422 1572 Latii,
469 1528 529 1565 seu
558 1527 768 1576 Principum
802 1525 1011 1562 liberalitate
1036 1552 1047 1570 ‚
1094 1525 1196 1573 quod

179 1579 300 1615 multis
327 1577 531 1616 factitatum
558 1576 725 1613 videmus
749 1603 760 1619 ‚
801 1575 839 1611 &
867 1573 1036 1611 Secundo
1061 1574 1195 1613 nostro.

182 1628 282 1665 Nam
314 1628 371 1665 ille
398 1654 409 1671 ,
444 1626 594 1663 auctore
627 1625 795 1663 Ausonio
821 1652 831 1668 ‚
861 1623 1070 1662 consularia
1091 1636 1198 1663 orna-

182 1685 308 1715 menta
338 1688 402 1726 per
435 1677 669 1714 Clementem
701 1674 850 1723 adeptus
882 1673 961 1711 cst:
1000 1674 1098 1713 unde
1118 1687 1196 1714 non

183 1730 318 1766 mirum
342 1727 367 1764 si
388 1725 570 1774 Juvenahs
592 1737 679 1763 eum
701 1725 861 1763 nobilem
884 1735 948 1772 per
968 1724 1089 1762 lunata
1124 1728 1192 1764 cal·

183 1786 374 1816 ceamenta
396 1775 601 1825 designavit.
654 1775 779 1813 Immo
809 1781 850 1812 ut
882 1776 994 1822 magis
1036 1775 1191 1824 probem

185 1827 287 1867 fuisse
311 1830 528 1867 Romanum
552 1829 671 1866 civem
686 1855 697 1871 ,
717 1824 848 1864 addam
871 1824 1192 1865 TrebelliiPollio-

186 1878 238 1914 nis
260 1878 398 1916 dierum
421 1892 429 1916 :
468 1879 529 1916 ubi
547 1877 747 1916 Posthumii
760 1876 911 1926 junioris
942 1875 1192 1926 eloquentiam

186 1926 329 1972 laudat,
354 1929 450 1966 adeo
507 1929 668 1967 robatam
696 1924 845 1965 afferens
875 1932 917 1963 ut
948 1927 1024 1976 ejus
1045 1936 1194 1967 contro-

189 1977 322 2015 versiae
342 1978 472 2027 Quinti
487 1978 566 2016 iano
586 1979 747 2017 dicantur
767 1977 915 2016 insertae
938 2006 949 2023 ,
986 1989 1099 2029 quem
1131 1979 1193 2019 de-

188 2027 421 2067 clamatorem
442 2029 605 2067 Romani
624 2029 762 2078 generis
782 2028 1025 2067 acutiffimum
1049 2057 1060 2073 ‚
1086 2031 1192 2070 unius

188 2079 308 2126 capitis
326 2078 434 2118 lefflo
457 2079 570 2129 prima
591 2078 712 2117 fronte
745 2078 976 2118 demonstrat.
1031 2080 1194 2121 Romani

188 2130 326 2174 generis
347 2129 557 2179 appellavit,
585 2130 643 2167 vel
665 2130 714 2168 ob
728 2130 978 2180 eloquentiam
994 2159 1005 2177 ‚
1027 2131 1086 2169 vel
1098 2145 1192 2182 quo-

191 2188 271 2215 rum
295 2179 448 2228 majores
469 2181 556 2219 urbe
569 2179 693 2219 donati
715 2179 870 2219 fuerant.
896 2181 1052 2220 CATAN.

237 2241 253 2277 3
295 2230 489 2269 Domitium
520 2230 697 2280 Afrum]
746 2232 821 2270 Hie
862 2243 986 2271 recens
1026 2233 1196 2272 Praetura

187 2280 354 2318 modicus
384 2280 597 2330 dignationis
621 2309 632 2324 ,
669 2283 707 2321 &
739 2294 894 2332 quoquo
916 2283 1078 2321 facinore
1103 2283 1196 2323 festi·

187 2340 274 2366 nans
289 2330 474 2370 clarescere
487 2358 498 2376 ,
511 2332 570 2370 sub
580 2331 848 2382 Tiberiojuxta
860 2331 1035 2371 Tacitum
1051 2361 1062 2378 ‚
1090 2335 1198 2372 Clau-

187 2379 283 2417 diam
317 2382 502 2430 pulchram
536 2383 574 2420 &
603 2380 780 2420 Furnium
805 2394 884 2420 reos
906 2384 1054 2431 peregit.
1107 2383 1198 2422 Inde

186 2431 402 2478 primoribus
433 2439 620 2469 oratorum
649 2431 812 2476 additus,
840 2432 1026 2480 divulgato
1049 2433 1200 2481 ingenio

187 2482 225 2518 &
250 2479 402 2519 assecuta
428 2482 583 2520 Caesaris
606 2480 864 2520 asseveratione
889 2510 899 2526 ‚
937 2493 1009 2531 qua
1032 2482 1096 2520 suo
1117 2483 1201 2532 jure

185 2530 354 2570 disertum
378 2543 464 2569 eum
489 2533 678 2581 appellavit
702 2561 712 2577 ,
749 2544 840 2571 mox
861 2530 1075 2582 capeffendis
1096 2545 1201 2572 accu-

185 2579 374 2619 sationibus
389 2610 399 2626 ,
425 2590 485 2618 aut
498 2593 578 2619 reos
601 2583 753 2620 tutando
776 2583 999 2632 prosperiore
1023 2583 1201 2634 eloquen-

186 2632 255 2670 tiae
276 2643 387 2682 quam
411 2644 560 2669 morum
583 2634 679 2670 fama
703 2634 769 2672 fuit
783 2663 793 2679 ,
821 2632 884 2671 nisi
907 2632 1008 2682 quod
1030 2641 1125 2672 aetas
1139 2648 1202 2673 ex-

187 2687 287 2721 terna
307 2682 465 2719 multum
490 2684 598 2720 etiam
623 2685 853 2733 eloquentiae
884 2682 1038 2732 dempsit
1062 2713 1073 2729 ,
1111 2685 1199 2723 dum

190 2729 274 2786 fcfl'a
295 2741 420 2771 mente
442 2735 573 2772 retinet
594 2734 720 2773 silentii
742 2735 1019 2784 impatientiam.
1073 2733 1202 2774 Fabius
1240 2776 1243 2786 ,

193 2783 381 2824 confitetur
403 2783 482 2822 Lib.
501 2785 550 2823 V.
582 2787 784 2825 Domitium
817 2787 954 2834 Afrum
978 2814 988 2829 ‚
1014 2785 1138 2824 senem
1166 2788 1200 2825 se
1241 2791 1243 2808 ¹

196 2830 493 2874 adolescenmlum
517 2835 663 2876 coluisse
685 2866 695 2882 ,
737 2849 820 2875 cum
845 2836 962 2874 adhuc
980 2835 1095 2874 causas
1115 2847 1199 2885 age-

200 2886 370 2973 :etz-3:10
389 2893 556 2936 tempore
578 2888 735 2928 multum
759 2888 804 2926 de
826 2887 968 2937 pristina
981 2887 1197 2926 auctoritate
1242 2915 1245 2931 2

203 2929 347 2990 dest
365 2962 377 2979 ,
409 2937 502 2984 prius
531 2938 602 2978 fori
633 2940 796 2988 princeps
829 2938 1006 2983 creditus,
1025 2936 1116 2976 inde
1138 2951 1196 2977 ac-
1242 2938 1245 2985 *i

205 2979 396 3040 msshtlt-›ne
424 2987 579 3035 quadam
608 2990 669 3028 sub
702 2990 795 3039 Cajo
827 3001 929 3035 reus,
958 2990 1196 3037 (Conabatur
1244 3005 1245 3041 ;

206 3040 308 3086 ςεῃιῐη.
331 3042 360 3089 ¹⁵.
385 3032 583 3092 Imperator
613 3052 742 3078 omnes
773 3048 930 3078 oratores
953 3069 964 3085 ,
992 3041 1193 3078 Domitium
1243 3046 1246 3085 <J

205 3090 378 3128 lmanrs
395 3092 604 3128 acerrimum
626 3092 664 3131 ἃ
685 3091 870 3131 suminum
904 3089 1060 3130 dicendo
1091 3090 1194 3141 supe-
1240 3099 1245 3130 i

2054 570 2285 630 admira-

1262 710 1364 759 rare)
1388 716 1530 760 praeter
1551 710 1652 759 spem
1674 708 1854 747 absolutus
1878 705 1949 745 est:
1977 706 2081 757 quod
2105 707 2191 746 nihil
2215 708 2288 748 Ca-

1257 762 1301 809 jo
1332 761 1511 798 accusanti
1543 760 1765 809 responderit
1786 789 1796 804 ‚
1834 770 1958 809 neque
1991 757 2026 795 se
2059 755 2289 798 defenderit:

1261 810 1449 849 simulabat
1479 816 1604 848 autern
1637 813 1755 849 vereri
1789 812 1827 848 &
1860 808 2094 858 Imperatoris
2126 810 2202 847 vim
2225 809 2291 849 ad-

1266 863 1398 902 mirari.
1432 872 1545 911 quare
1577 860 1623 898 ad
1654 872 1777 909 preces
1810 859 2004 898 conversus
2026 859 2290 900 tremebundus

1265 913 1405 951 dicebat
1415 911 1457 960 se
1480 913 1592 961 magis
1605 911 1738 958 Cajum
1751 922 1924 949 oratorem
1940 940 1950 956 ‚
1977 923 2086 961 quam
2100 912 2293 960 Caesarem

1260 964 1496 1014 expavescere.
1519 962 1649 1012 quibus
1671 963 1838 1011 princeps
1861 971 1984 1010 captus
2008 960 2222 1009 persuadens
2235 963 2290 1001 di·-

1262 1013 1368 1053 cendi
1399 1013 1599 1052 acrimonia
1631 1010 1754 1050 vicifl‘e
1790 1014 1805 1061 (.
1818 1011 1965 1050 Callisto
1997 1012 2126 1049 liberto
2149 1011 2290 1061 insuper

1261 1065 1483 1114 adjuvante)
1509 1063 1705 1102 Domitium
1724 1062 1866 1113 judicio
1886 1063 2052 1101 liberavit
2075 1090 2085 1106 ,
2124 1064 2163 1100 &
2186 1063 2295 1111 Con--

1260 1115 1373 1155 sulem
1398 1116 1624 1155 renunciavit
1649 1142 1660 1160 ,
1685 1114 1864 1162 abrogatis
1885 1115 1950 1164 qui
1970 1121 2060 1152 tunc
2080 1115 2120 1150 in
2139 1123 2187 1150 eo
2211 1113 2296 1152 fue-‘

1266 1175 1345 1206 rant
1377 1167 1534 1207 honore.
1587 1165 1695 1204 Haec
1725 1165 1831 1204 Dion.
1863 1166 1997 1204 Mortis
2022 1165 2098 1213 ejus
2121 1164 2295 1203 meminit

1268 1217 1422 1257 Tacitus
1437 1246 1447 1263 ‚
1474 1217 1536 1257 sed
1555 1216 1650 1254 adeo
1673 1214 1882 1255 circumcise
1896 1245 1907 1261 ,
1933 1224 1975 1254 ut
1987 1215 2128 1253 nemini
2140 1212 2295 1253 dubium

1265 1267 1336 1307 effe
1368 1269 1476 1319 poffit
1500 1297 1511 1313 ‚
1551 1268 1639 1317 quin
1664 1278 1742 1315 pars
1764 1267 1883 1317 aliqua
1906 1266 2076 1305 historiae
2100 1264 2296 1303 intercide-

1267 1321 1332 1359 rit:
1361 1332 1448 1359 nam
1470 1330 1539 1358 nec
1561 1318 1678 1356 causas
1700 1329 1770 1355 nec
1791 1317 1950 1356 modum
1965 1346 1976 1362 ,
2004 1315 2108 1366 quod
2135 1315 2216 1354 alibi
2243 1315 2295 1354 as-

1266 1371 1354 1409 solet
1379 1399 1391 1417 ,
1427 1370 1475 1409 ibi
1508 1369 1672 1423 explicat.
1723 1367 1896 1407 Eusebius
1933 1369 1972 1406 in
2012 1368 2149 1405 Chron.
2187 1366 2296 1404 tradit

1267 1429 1458 1459 mortuum
1484 1419 1584 1457 fuisse
1608 1418 1744 1456 Afrum
1767 1418 1805 1455 in
1829 1429 1946 1457 coena
1980 1429 2026 1455 ex
2060 1417 2129 1455 cibi
2161 1416 2299 1466 redunff

1269 1471 1398 1509 dantia.
1430 1470 1462 1507 C
1478 1482 1499 1506 A
1515 1483 1537 1507 ϊ
1554 1481 1575 1505 Α
1589 1479 1627 1505 Ν.

1319 1534 1342 1567 4
1367 1522 1491 1569 {chm
1515 1518 1609 1566 apud
1631 1518 1871 1555 centumviros
1894 1517 2029 1556 diceret
2056 1515 2222 1567 graviter
2251 1517 2298 1558 &⁴

1268 1570 1396 1620 lenta]
1427 1569 1468 1607 In
1493 1570 1638 1618 optimo
1662 1567 1838 1606 Mediceo
1861 1568 2032 1606 Verbum
2055 1569 2182 1606 diceret
2215 1579 2295 1606 non

1266 1620 1412 1665 visitur,
1439 1631 1562 1670 neque
1595 1620 1633 1656 in
1661 1618 1850 1667 Excerptis
1883 1618 2085 1657 Lindenbr.
2105 1618 2297 1666 reperitur.

1267 1671 1342 1708 Alii
1363 1682 1515 1720 quoque
1535 1670 1574 1707 in
1594 1668 1688 1722 libris
1710 1667 1776 1705 suis
1798 1679 1877 1705 non
1898 1667 2064 1718 reperiffe
2097 1667 2297 1715 videntur,

1268 1721 1331 1770 qui
1350 1721 1507 1757 habent:
1537 1717 1738 1755 Domttium
1763 1719 1903 1765 Afrum
1931 1719 2026 1767 apud
2056 1718 2299 1758 centumviros

1269 1779 1440 1819 agentem
1458 1769 1624 1820 graviter
1646 1778 1690 1807 ω·
1711 1767 1812 1806 lente.
1851 1768 1900 1806 Et
1924 1768 2117 1808 Mediceus
2141 1768 2298 1819 quidem

1267 1822 1342 1860 hoc
1362 1821 1502 1860 modo:
1532 1820 1671 1867 Afrum
1686 1847 1696 1863 ‚
1725 1831 1803 1856 cum
1823 1828 1890 1856 aut
1913 1830 2055 1857 centum
2074 1821 2299 1870 graviter&

1269 1873 1360 1910 lente
1380 1901 1391 1919 ‚
1427 1873 1491 1911 ubi
1524 1870 1634 1908 facilis
1665 1868 1779 1919 lapsus
1811 1868 1880 1908 fuit
1909 1869 2073 1916 librarii,
2113 1869 2296 1920 siquidem

1271 1924 1511 1962 centumviros
1528 1921 1598 1959 hac
1620 1927 1709 1958 nota
1731 1925 1803 1957 CV.
1826 1919 1966 1969 fignare
1986 1920 2148 1959 solebant
2160 1936 2172 1966 ;
2202 1920 2294 1959 Lin-

1271 1973 1396 2012 denbr.
1416 1982 1565 2012 autem:
1595 1984 1675 2009 cum
1695 1972 1790 2021 apud
1810 1971 2048 2010 centumviros
2065 1972 2231 2020 graviter
2253 1982 2298 2013 ο·

1271 2024 1383 2070 lente,
1411 2025 1543 2063 exaudi
1566 2034 1611 2061 ex
1633 2022 1796 2073 sequenti
1816 2022 1960 2061 afflionis
1984 2022 2139 2060 verbum
2160 2034 2300 2072 ageret,

1274 2077 1380 2125 quale
1414 2077 1750 2124 Synezeugmenon
1791 2071 2042 2112 illustravimus
2079 2072 2125 2110 ad
2163 2073 2298 2112 Sallust.

1272 2127 1352 2164 Cat.
1386 2139 1462 2176 cap.
1495 2125 1611 2163 XXX.
1644 2136 1680 2161 n.
1712 2125 1747 2161 6.
1782 2126 1820 2163 δε
1842 2123 1921 2172 Iug.
1944 2135 2020 2173 cap.
2043 2124 2237 2162 LXXXV.
2260 2136 2297 2162 n.

1275 2189 1330 2214 12.
1385 2178 1466 2215 Nec
1489 2176 1630 2215 difficile
1654 2175 1720 2212 erit
1740 2185 1856 2224 ageret
1873 2175 1933 2212 hic
1963 2173 2134 2213 exaudire
2157 2203 2168 2219 ‚
2208 2185 2296 2210 cum

1273 2229 1354 2266 alibi
1377 2229 1484 2266 dicere
1507 2229 1545 2266 ὃς
1567 2225 1692 2263 similia
1715 2225 1839 2262 Verba
1862 2224 2071 2273 frequenter
2091 2224 2212 2262 omitti
2240 2223 2297 2262 so-

1271 2276 1380 2316 leant.
1433 2277 1531 2315 Vide
1553 2276 1599 2313 ad
1621 2275 1761 2312 Lucan.
1786 2275 1867 2312 Lib.
1893 2274 1940 2310 II.
1963 2285 2012 2310 vs.
2035 2286 2120 2323 493.
2169 2276 2295 2322 Quare

1274 2327 1435 2376 spurium
1457 2327 1542 2365 illud
1564 2325 1684 2362 diceret
1708 2324 1930 2362 induximus.
1959 2323 2115 2361 CORTE.

1325 2392 1341 2425 ς
1374 2383 1430 2413 Ex
1456 2376 1623 2425 proximo.
1639 2374 1655 2422 ]
1670 2373 1825 2411 Dicebat
1850 2373 1950 2410 enim
1974 2373 2136 2413 Licinius
2150 2375 2188 2411 in
2200 2373 2297 2412 Bafi-

1271 2426 1339 2463 lica
1361 2428 1451 2473 Julia
1474 2425 1572 2476 apud
1592 2423 1689 2462 aliud
1710 2422 1874 2461 tribunal.
1922 2423 2036 2461 Erant
2058 2431 2183 2463 autem
2205 2437 2296 2474 qua·

1272 2485 1380 2521 tuor,
1408 2477 1492 2516 ideo
1514 2472 1796 2513 Centumviralis
1818 2472 1919 2520 hasta
1942 2474 2140 2523 appellatur
2163 2503 2174 2520 ,
2216 2475 2297 2514 alibi

1272 2527 1490 2578 quadruplex
1514 2525 1688 2575 judicium
1720 2537 1740 2562 a
1774 2523 1954 2563 Secundo.
1984 2525 2182 2563 Cin-AN.
2211 2521 2298 2564 Me-

1279 2578 1399 2616 diceus
1434 2577 1617 2626 cererique
1654 2586 1784 2613 omnes
1821 2576 1978 2613 omnino
2016 2575 2123 2614 MSS.
2162 2575 2296 2615 nostri:

1277 2630 1377 2666 audit
1399 2642 1439 2666 ex
1456 2628 1612 2677 proximo
1627 2655 1637 2671 ,
1666 2637 1732 2675 pro
1755 2624 1907 2674 vulgato
1919 2626 2036 2665 audiit
2051 2656 2062 2672 ,
2088 2634 2197 2675 atque
2210 2625 2297 2665 illud

1277 2682 1349 2718 iaxn
1372 2680 1560 2727 adoptavit
1582 2677 1767 2726 Gryphius
1782 2705 1793 2722 ‚
1820 2685 1861 2715 ut
1883 2676 1986 2727 quod
2008 2677 2204 2715 narrationi
2217 2687 2296 2714 ma·

1276 2733 1326 2779 gis
1351 2729 1553 2779 respondet.
1580 2729 1654 2766 Alii
1675 2736 1865 2766 mutarunt
1879 2756 1888 2773 ,
1916 2736 2065 2777 propter
2086 2727 2292 2777 sequentia:

1275 2783 1479 2818 admiratus
1511 2779 1649 2818 reticuit
1675 2807 1686 2824 ,
1730 2790 1824 2829 quos
1855 2778 2006 2816 meliora
2038 2778 2231 2817 docuimus
2253 2777 2298 2815 ad

1241 2810 1246 2896 ι
1279 2833 1418 2871 Lucan.
1442 2830 1520 2870 Lib.
1543 2831 1593 2867 V.
1616 2841 1665 2869 vs.
1690 2830 1770 2880 369.

1330 2953 1391 2962 —
1443 2953 1513 2964 --
1564 2934 1677 2972 vincit
1694 2927 1879 2984 patientia
1882 2932 1987 2982 saevi

1328 2986 1541 3085 Spemsducis
1561 3012 1574 3032 ‚
1611 2995 1655 3024 ω’
1673 2983 1801 3035 iugulos
1819 3011 1831 3031 ‚
1863 2996 1934 3021 non
1962 2992 2109 3022 tantum
2131 2979 2299 3031 praestitit

1379 3048 1421 3074 en
1438 3050 1482 3073 es.

1737 3135 1774 3174 T
1803 3147 1823 3173 2
2234 3128 2303 3166 ilic

2339 379 2397 415 10
