2616 3686
282 205 375 251 206
501 180 2180 246 C.PL1NIICAECILIISECU'NDI

284 279 569 334 videantur
593 275 711 328 inae
739 271 919 342 regiae
942 269 1225 338 lacrymae.
1302 279 1314 300 ¹
1337 262 1476 319 Nam
1500 260 1680 316 ferunt
1705 260 1976 328 Xerxem,
2019 280 2144 328 cum
2171 266 2411 323 immen2÷

287 353 400 407 sum
429 347 728 402 exercitum
753 342 921 397 oeulis
963 338 1206 402 obiisset,
1244 332 1586 406 illacrymasse
1610 371 1625 394 ,
1671 331 1823 402 quod
1862 333 2002 390 ²-tot
2040 337 2266 392 millibus
2297 351 2408 393 tam

220 422 466 487 14b1-evis
493 418 798 472 immineret
825 412 1056 469 occasus
1133 409 1243 463 Sed
1273 408 1287 435 ³
1313 422 1466 461 tanto
1493 405 1655 474 magis
1691 406 1797 457 hoe
1815 441 1831 466 ,
1870 406 2129 477 quicquid
2166 408 2241 464 est
2268 423 2408 465 tem-

291 495 436 566 poris
469 489 634 545 futilis
663 489 718 544 &
745 486 966 548 caduci,
1005 483 1038 537 s1
1065 497 1177 536 non
1220 480 1377 534 datur
1409 476 1586 540 faecis,
1624 483 1774 547 (nam
1819 475 2013 531 horum
2049 484 2266 536 materia
2300 485 2319 509 ⁴
2352 485 2408 538 in

292 568 461 621 aliena
488 567 667 624 manu)
695 559 707 584 ⁵
739 575 834 613 nos
859 569 1010 611 certe
1037 553 1219 608 studiis
1258 550 1617 622 proferamus:
1659 547 1714 602 &
1754 561 2012 618 quatenus
2052 549 2207 606 nobis
2243 553 2410 609 dene-

299 654 452 709 gatur
491 635 586 689 diu
621 635 808 686 vivere
833 667 849 693 ,
903 628 1265 694 relinquamus
1305 622 1504 692 aliquid
1529 657 1546 682 ,
1596 636 1708 691 quo
1760 635 1856 672 nos
1900 620 2080 675 vixiffe
2138 621 2411 680 testemur.

229 725 286 777 ¹5
301 711 423 764 Scio
451 721 504 760 te
532 706 748 760 stimulis
779 717 888 755 non
916 713 1108 769 egere;
1150 706 1168 730 ⁶
1198 694 1297 749 Me
1323 708 1505 748 tamen
1532 694 1610 745 tui
1637 690 1825 753 caritas
1848 706 2069 755 evocat,
2110 708 2164 747 ut
2192 711 2414 750 curren-

303 799 413 836 tem
441 794 659 849 quoque
687 774 959 843 instigem,
1002 769 1130 823 ficut
1152 782 1210 819 tu
1235 765 1368 819 soles
1391 781 1496 818 me·
1575 765 1591 793 ⁷
1614 762 1792 830 A'yaffi)
1817 760 1856 814 δ’
1878 764 1990 840 33‘52
2029 782 2154 819 cum
2180 767 2415 821 inVioem

303 855 356 907 se
401 850 604 905 mutuis
630 841 1093 903 exhortationibus
1118 839 1276 893 amici
1309 836 1376 890 ad
1401 851 1639 890 amorem
1677 835 2088 892 immortalitatis
2128 853 2418 895 exacuunt.

301 924 454 979 Vale.

381 1018 554 1115 {71st
627 1055 694 1112 C.
770 1052 1196 1108 PL1N1us
1270 1043 2219 1114 ΤΚΛΝᾳυῙιιο-ξυο
2293 1046 2348 1101 S.

306 1196 583 1251 Suetonius
601 1206 700 1265 per
723 1187 1011 1244 Secundum
1047 1180 1559 1256 impetraveratstbi
1607 1198 1640 1258 «Ξ
1669 1177 1901 1232 Neratio
1944 1179 2206 1233 Marcello
2243 1180 2427 1236 Tribu-

381 1281 564 1322 natum
615 1265 843 1317 militum
884 1278 896 1313 ε
949 1258 1132 1312 deinde
1182 1265 1469 1326 rogaverat
1521 1266 1581 1305 ut
1633 1253 1688 1304 in
1741 1251 2076 1318 Caefi’nnium
2144 1251 2426 1306 Silvanum

387 1340 813 1408 transfhrretur:
852 1330 990 1403 qaod
1022 1327 1283 1397 confilium
1310 1326 1509 1395 stamme
1533 1323 1732 1396 probat
1776 1322 2038 1376 Secundus
2061 1360 2076 1385 ‚
2120 1323 2173 1380 65
2200 1324 2426 1396 pollice-

384 1426 484 1466 tur
508 1414 569 1478 se
593 1408 894 1478 fabiurum.

440 1537 549 1590 scis
574 1547 714 1604 apro
740 1542 917 1585 cetera
943 1527 1278 1591 reverentia,
1302 1539 1478 1596 ‚quam
1505 1519 1635 1574 mihi
1662 1518 1881 1588 praestas
1905 1559 1922 1585 ,
1971 1520 2118 1589 quod
2157 1533 2265 1575 tam
2305 1522 2427 1578 soli-

455 1611 561 1663 cite
584 1606 744 1679 petiS,
788 1617 845 1658 ut
873 1615 890 1640 ⁹
918 1599 1278 1664 tribunatum,
1315 1610 1481 1671 quem
1506 1611 1534 1647 a
1559 1592 1783 1648 Neratio
1809 1590 2101 1675 Marcell0‚
2140 1593 2425 1648 clariffimo

2350 1668 2429 1721 vi-

371 1826 388 1852 x
420 1817 519 1850 Nam
529 1802 696 1856 semna]
724 1802 824 1842 Vide
847 1801 892 1839 de
911 1800 980 1838 hac
990 1797 1137 1838 historia
1149 1799 1336 1837 Herodot.
1404 1789 1611 1848 laudantur.
1638 1790 1795 1829 clx—rm.
1824 1790 2010 1836 Materia,
2037 1801 2108 1840 pro
2147 1791 2366 1839 occafione‚
2387 1800 2430 1832 ut

318 1865 402 1903 Lib.
434 1861 523 1900 Vll.
545 1868 692 1906 cap 45.
720 1853 962 1891 Historiarum
977 1879 987 1894 ‚
1015 1852 1054 1888 ὅ(
1077 1851 1126 1887 D.
1151 1850 1340 1898 Hierony·
1406 1844 1508 1890 supra
1529 1841 1638 1892 Epist.
1662 1842 1707 1879 11.
1732 1855 1767 1879 n.
1790 1855 1820 1880 1.

319 1925 428 1953 mum
459 1910 506 1948 ad
538 1907 802 1945 Heliodorum.
855 1903 991 1940 Seneca
1023 1901 1097 1938 hoc
1130 1899 1259 1938 Xerxis
1288 1902 1340 1939 di-
1459 1905 1482 1950 ς,
1508 1893 1588 1930 Nos
1611 1903 1698 1948 certe
1722 1892 1890 1943 studiis.]
1930 1893 2124 1930 Omittunt
2155 1893 2212 1931 alii
2235 1907 2316 1936 nou
2347 1905 2426 1932 non

318 1965 423 2002 etum
447 1961 580 2011 carpit,
609 1966 650 1995 ut
669 1957 733 2006 qui
754 1954 950 1992 hominum
974 1951 1218 1989 calamitatem
1240 1952 1341 1999 luge-
1406 1945 1544 1999 0m1ttit
1567 1943 1759 1982 Mediceus
1774 1972 1785 1988 ‚
1812 1943 1982 1993 Bongars.
2004 1943 2206 1982 Lindenbr,
2229 1955 2299 1980 nec
2327 1944 2426 1992 Gry-

321 2023 400 2059 ret,
427 2024 520 2063 quos
542 2009 693 2058 ipsemet
725 2005 770 2042 ad
802 2003 996 2042 macellum
1032 2000 1190 2039 duceret.
1244 2002 1343 2040 Vide
1409 1994 1523 2042 Phlus.

322 2069 363 2104 &
385 2065 504 2102 Valer.
540 2060 643 2097 Max.
672 2057 826 2094 Cum.
854 2053 1071 2096 Mediceus‚
1109 2058 1276 2096 Xerxen,
1302 2061 1344 2091 ut
1457 2045 1481 2080 6
1510 2045 1578 2083 Me
1599 2043 1763 2093 tamem]
1793 2042 1899 2082 Voff.
1921 2046 1958 2082 &
1981 2044 2109 2081 Oxon.
2133 2045 2305 2092 ignorant
2333 2043 2426 2082 Pro-

321 2116 426 2165 supra
456 2110 630 2154 Periclen,
658 2103 911 2153 Demosthenen
935 2131 945 2147 ,
985 2100 1192 2150 Aeschinen.
1245 2103 1344 2141 Vide
1406 2096 1629 2133 vocabulum
1652 2108 1717 2133 me.
1745 2094 1898 2132 Helmst.
1919 2106 1938 2130 a
1961 2105 2075 2131 manu
2098 2094 2277 2132 secunda:
2297 2095 2429 2141 stimu-

323 2166 408 2204 Lib.
432 2164 459 2201 Ι.
481 2163 513 2199 E
540 2160 590 2200 ist.
611 2160 658 2197 ΙΙ.
681 2170 715 2195 n.
744 2168 776 2194 2.
803 2154 910 2204 Epist.
938 2150 1021 2188 XX.
1049 2164 1084 2188 n.
1111 2164 1214 2199 417,
1240 2152 1342 2190 Vofl',
1403 2143 1447 2180 lis
1467 2157 1535 2182 non
1560 2159 1650 2195 egere
1685 2148 1776 2183 meis
1799 2160 1809 2189 ;
1850 2158 1973 2183 tamen
2005 2153 2075 2181 cet.
2129 2146 2191 2183 De
2225 2146 2428 2184 proverbio

323 2219 364 2255 ὃ(
391 2214 519 2252 Helml
537 2242 545 2248 .
569 2210 707 2260 Xersem
723 2237 734 2253 ‚
761 2214 800 2244 ut
834 2205 975 2242 variant
995 2203 1126 2241 librarii
1148 2202 1246 2252 apud
1267 2203 1345 2240 Lu·
1402 2207 1600 2234 currentem
1628 2195 1792 2246 instigare
1822 2195 1906 2234 vide
1928 2194 1973 2233 ad
2005 2195 2087 2233 Lib.
2122 2193 2149 2232 Ι.
2183 2196 2291 2246 Epist.
2319 2196 2429 2235 vlu.

324 2277 404 2304 can.
428 2263 477 2301 ΙΙ.
498 2274 550 2300 vs.
567 2262 651 2307 672.
675 2261 714 2297 ὃς
739 2257 834 2294 alibi.
1407 2256 1441 2283 n.
1470 2258 1501 2284 1.

378 2329 399 2353 2
429 2320 491 2351 Tot
514 2308 708 2358 millibus]
741 2308 973 2356 Septingenta
993 2303 1105 2341 millia
1138 2303 1183 2341 de
1205 2314 1320 2352 regno
1334 2332 1345 2349 ,

326 2368 366 2406 8<
388 2371 550 2404 trecenta
570 2362 683 2400 millia
696 2359 740 2396 de
762 2356 900 2394 auxiliis
921 2353 1073 2392 armaffe
1095 2354 1269 2392 traditur:
1301 2361 1342 2392 ut

326 2429 407 2454 non
428 2414 616 2454 immerito
639 2409 826 2461 proditum
848 2405 914 2450 fit,
941 2403 1093 2442 flumina
1115 2404 1162 2441 ab
1184 2405 1347 2443 exercitu

331 2469 408 2517 ejus
441 2465 576 2502 siccata.
651 2460 816 2500 Navium
849 2466 1000 2506 quoque
1039 2455 1158 2492 decies
1195 2463 1349 2493 centena

332 2518 443 2555 milia
472 2525 630 2552 numero
650 2507 812 2549 habuisse
834 2508 961 2546 dicitur
985 2533 995 2550 ,
1031 2505 1128 2555 apud
1158 2504 1352 2551 Justinum.

331 2568 464 2607 Plinius
487 2564 597 2601 refert
626 2563 788 2600 Xerxem
825 2560 860 2596 in
915 2555 1073 2594 Dorisco
1115 2564 1265 2594 centum
1299 2557 1354 2593 vi-

334 2619 425 2666 ginti
458 2614 565 2652 millia
590 2613 790 2650 hominum
818 2616 962 2646 tantum
1000 2605 1249 2645 dinumerasse.
1280 2607 1356 2644 CA-

337 2680 431 2706 nu.

388 2730 406 2768 3
437 2717 567 2754 Tanto
588 2712 699 2762 magis
719 2709 819 2760 hoc.]
848 2709 1059 2747 Mediceus:
1089 2719 1136 2746 eo
1156 2708 1269 2758 magis
1289 2707 1352 2745 hoc

340 2768 379 2804 ὅ(
400 2779 511 2804 mox:
539 2777 582 2804 <5⁶
605 2762 742 2800 caducis
765 2775 834 2799 non
858 2760 884 2804 fi
905 2760 1016 2796 datur
1030 2759 1152 2808 fabiis.

395 2830 418 2860 4
446 2824 486 2853 ln
508 2816 623 2852 aliena
644 2810 796 2861 mama]
827 2812 869 2848 In
889 2810 1056 2848 facultate
1068 2810 1224 2847 aliorum
1238 2837 1249 2854 ,
1278 2820 1355 2847 non

342 2866 482 2900 nostra:
513 2864 611 2911 quasi
632 2862 890 2900 dicasmateria
913 2861 1007 2899 bene
1028 2860 1270 2909 gerendarum
1301 2871 1357 2897 re—

346 2924 428 2949 rum
452 2913 498 2949 cll
519 2914 555 2948 in
576 2925 688 2948 mauu
720 2913 951 2959 Imperatoris
977 2939 987 2955 ‚
1023 2924 1064 2950 ac
1096 2922 1252 2955 eorum,
1320 2912 1357 2948 ui

346 2962 510 3011 praesunt
532 2961 750 2998 exercitibus.
805 2962 908 3004 Nos,
946 2962 1049 3008 quod
1084 2973 1201 2998 unum
1236 2923 1357 3010 poffu-

349 3024 455 3054 mus,
484 3012 732 3048 aeternitatem
764 3009 882 3045 studiis
907 3021 1174 3057 comparemus.
1198 3013 1295 3048 Nam
1319 3013 1358 3048 ὅς

348 3064 414 3114 qui
435 3062 573 3105 fecere,
601 3063 639 3097 ὃ(
662 3059 725 3108 qui
748 3056 842 3096 faeta
861 3058 1017 3098 aliorum
1041 3060 1224 3109 scripsere,
1252 3061 1358 3100 multi

1459 2307 1476 2343 7
1507 2294 1647 2339 A’yaen*
1667 2295 1701 2332 δ’
1722 2295 1831 2346 ἐ’ςις,]
1863 2296 2061 2347 Sumptum
2072 2296 2117 2334 ab
2140 2295 2296 2337 Hesiodi
2309 2298 2426 2336 Geora

1405 2347 1492 2395 gicis
1506 2375 1518 2393 ‚
1544 2349 1675 2397 quibus
1698 2347 1843 2392 scribit,

1510 2448 1650 2493 Α’γοιθῆ
1675 2447 1710 2484 δ’
1737 2445 1805 2499 ’ἔρις
1833 2446 1893 2490 ἥδε
1923 2446 2103 2498 βροτοῖο-ι,

1411 2550 1447 2588 ld
1480 2549 1529 2588 est
1551 2577 1562 2594 9
1598 2549 1690 2588 bona
1721 2561 1842 2589 autem
1887 2550 2059 2588 contentio
2091 2549 2172 2585 haec
2203 2539 2422 2597 mortalibus.

1414 2601 1488 2638 Hic
1520 2602 1621 2639 enim
1645 2605 1758 2650 poeta
1791 2601 1877 2639 duas
1915 2599 2002 2638 facit
2043 2594 2293 2636 contentiones
2330 2598 2422 2646 inter

1412 2652 1584 2689 mortales
1609 2680 1619 2696 ‚
1648 2663 1804 2702 quarum
1827 2651 1935 2688 altera
1959 2649 2006 2686 est
2025 2642 2224 2699 laudanda,
2249 2645 2343 2687 ,v'cum
2368 2653 2422 2677 m-

1412 2703 1533 2740 vicem
1557 2711 1738 2740 certamus
1755 2703 1929 2742 honoris,
1958 2700 1995 2735 &
2018 2697 2154 2732 virtuus
2176 2693 2295 2729 causa:
2319 2693 2423 2747 'alte-

1411 2763 1450 2790 ra
1472 2753 1694 2802 perniciosa,
1723 2757 1808 2789 cum
1831 2749 2010 2787 malorum
2021 2744 2131 2790 grati-a
2154 2740 2424 2780 contendimus.

1416 2804 1572 2841 CA‘rAN.
1602 2805 1641 2841 &
1669 2804 1873 2840 sewum..
2020 2843 2025 2846 Ι

1467 2854 1488 2891 8
1519 2860 1585 2890 Pro
1607 2860 1724 2890 cetera
1742 2842 1978 2891 reverentia]
2007 2839 2109 2878 Voss.
2127 2849 2187 2890 pro
2209 2850 2303 2878 certa
2328 2856 2426 2880 reve-

1415 2905 1532 2942 remia
1548 2931 1559 2948 ,
1613 2901 1687 2938 uod
1709 2897 1891 2945 Gryphius
1914 2894 1949 2929 in
1973 2901 2075 2929 textu
2098 2890 2267 2935 exhibet,
2296 2902 2333 2929 ut
2373 2894 2430 2931 fe-

1417 2956 1464 2993 cit
1488 2955 1567 2991 Lib.
1614 2952 1636 2987 Ι.
1661 2947 1765 2996 Epist.
1789 2943 1890 2982 XVI.
1913 2943 2023 2991 princ.
2063 2947 2113 2980 Tu
2125 2942 2264 2993 quidem
2280 2951 2344 2991 pro
2367 2955 2426 2982 ce-

1415 3013 1491 3042 tera
1514 3012 1577 3038 tua
1600 2996 1781 3044 diligentia
1802 2993 1976 3029 admones.

1465 3062 1490 3098 9
1521 3047 1770 3089 Tribunatum.
1793 3042 1810 3094 ]
1862 3042 2070 3083 Militari-em.
2134 3040 2312 3080 Asconius
2355 3042 2430 3080 duo

2370 3103 2431 3141 80*
