2616 3686
284 186 361 242 δᾶ
514 188 575 239 C.
643 181 2198 247 1³.L,1N11CAECIL11·sEcUND1

284 266 623 323 Commendat
647 265 924 344 Titianum
950 262 1279 335 Capitonem,
1319 259 1456 342 quad
1476 260 2091 344 consta-fiolraperatoris
2117 265 2186 324 L.
2209 269 2386 346 Sylla-4

364 356 425 392 no
436 338 672 410 statuam
682 346 956 412 posuertt,
1000 338 1054 396 65
1078 341 1339 393 clarorum
1363 352 1607 391 vtrorum
1633 353 1889 410 ernagmes
1913 336 2048 393 domi
2071 339 2276 401 habeat.

417 475 478 533 St
504 478 680 534 adhuc
706 496 865 533 curae
902 474 1208 532 hominibus
1233 474 1366 530 fides
1394 474 1450 528 &
1475 474 1488 495 ¹
1527 470 1794 529 officium.
1844 473 1977 529 Sunt
2003 513 2018 537 ,
2056 480 2153 548 qui.
2197 480 2396 542 desum·

413 550 626 614 &torum
652 569 873 624 quoque
900 567 917 584 ²
943 552 1144 604 amieos
1175 563 1348 616 agant.
1425 549 1438 573 ³
1462 545 1705 600 Titinius
1743 547 1942 619 Capito
1969 547 2033 602 ab
2059 550 2397 622 Imperatore

292 623 476 680 nostro
535 626 874 694 impetravit,
912 634 972 677 ut
1036 621 1128 676 sibi
1193 620 1383 676 liceret
1444 617 1667 674 statuam
1727 621 1746 647 ⁴
1798 619 1868 675 L.
1919 621 2118 692 Syllani
2165 623 2220 678 in
2265 627 2390 685 foro

211 711 242 753 ²
296 714 517 769 ponere.
594 697 930 760 Pulchrum,
981 693 1036 749 δε
1105 709 1298 764 magna
1364 693 1524 748 laude
1584 690 1810 764 dignum
1869 696 2100 750 amicitia
2140 698 2395 772 principis

295 783 309 809 ⁵
371 773 427 825 in
489 771 595 824 hoc
667 771 745 824 uti
783 809 799 834 ,
850 781 1224 842 quantumque
1289 768 1455 837 gratia
1521 765 1692 820 valeas
1726 804 1742 828 ‚
1809 766 2037 822 aliorum
2095 768 2395 830 honoribus

214 855 239 908 3
297 845 548 913 experiri.
636 841 727 897 Est
778 842 1005 898 omnino
1056 839 1315 912 Capitoni
1387 843 1442 893 in
1513 837 1608 891 usu
1642 875 1659 900 ‚
1741 840 1910 894 claros
1975 842 2117 896 viros
2191 846 2392 903 colere.

297 917 493 973 mirum
509 913 584 972 est
599 955 614 982 ,
629 932 733 989 qua
749 916 1013 988 religione
1030 953 1045 980 ,
1068 930 1180 985 quo
1195 912 1642 984 studio-imagines
1656 910 1674 934 ⁶
1689 909 1987 969 Brutorum
2005 950 2022 978 ‚
2035 912 2050 938 ⁷
2066 913 2368 974 Cafliorum
2381 959 2397 983 ,

295 1130 511 1169 meminere.
564 1129 627 1166 Ad
660 1129 824 1166 eundem
862 1139 1016 1179 quoque
1055 1127 1170 1166 Libro
1208 1125 1318 1164 VIH.

293 1180 410 1218 scribit
432 1179 620 1218 Caecilius.
659 1180 814 1218 Cri-m.
842 1180 900 1217 Ex
912 1178 1152 1217 nostrisVoss'.
1169 1178 1318 1222 locian03

294 1230 450 1270 Helmst.
475 1230 663 1276 Cithiano;
693 1231 806 1268 Arnz.
830 1231 991 1280 Lyciano.
1020 1229 1185 1266 Riccard.
1232 1234 1319 1266 Cor-

295 1280 383 1319 nelio
420 1282 556 1319 Titiano
580 1310 590 1326 ,
630 1283 693 1332 qui
725 1288 853 1320 tamen
873 1283 911 1320 in
934 1279 1059 1318 Indice
1082 1280 1294 1318 Nominum
1310 1309 1321 1326 ‚

294 1332 342 1370 ad
364 1345 458 1383 quos
480 1331 662 1381 Epistolae
684 1333 832 1382 scriptae
847 1362 857 1380 ‚
883 1333 974 1372 libro
989 1331 1018 1368 Ι.
1042 1329 1207 1380 praefixo
1232 1335 1319 1369 Cor-

296 1383 383 1422 nelio
406 1383 645 1422 solummodo
666 1383 838 1433 agnoscit.

353 1447 367 1472 1
399 1434 600 1483 Officium]
630 1435 812 1480 Dictum,
839 1434 991 1473 auctore
1013 1432 1193 1479 Donato,
1222 1433 1323 1484 quasi

296 1483 440 1532 efficium
466 1514 476 1530 ‚
503 1486 548 1523 ab
572 1485 767 1523 efficiendo
791 1515 802 1531 ‚
829 1497 876 1524 eo
899 1484 1002 1536 quod
1024 1486 1209 1533 quaeritur
1232 1485 1321 1534 quid

298 1535 443 1576 efficere
466 1537 505 1575 in
528 1547 574 1574 eo
597 1548 910 1587 unumquemque
932 1536 1132 1574 conveniat
1150 1547 1219 1586 pro
1232 1547 1323 1574 con—

296 1585 438 1626 ditione
460 1588 706 1637 personarum.
759 1588 820 1626 De
844 1588 1054 1627 officiorum
1077 1586 1208 1625 ordine
1241 1587 1322 1626 Lib.

295 1637 347 1675 V.
371 1650 450 1688 cap.
476 1651 532 1688 13.
556 1639 648 1677 Goll.
672 1640 788 1677 multa
821 1638 953 1678 differit
977 1668 988 1685 ‚
1026 1639 1064 1676 &
1098 1637 1235 1677 Seneca
1261 1639 1324 1678 De

294 1686 450 1727 benefic.
473 1701 552 1726 non
571 1689 650 1728 satis
673 1690 802 1740 probat
824 1690 971 1728 illorum
991 1689 1209 1728 sententiam
1224 1716 1235 1734 ,
1262 1691 1326 1739 qui

294 1739 345 1778 ita
367 1739 588 1789 distinguunt
602 1769 613 1786 ,
639 1741 818 1791 quaedam
839 1740 997 1788 beneficia
1018 1737 1076 1788 effi:
1097 1768 1108 1784 ,
1148 1740 1325 1790 quaedam

296 1789 426 1838 officia,
455 1793 631 1841 quaedam
655 1790 853 1838 ministeria.
907 1791 1087 1829 Asconius
1110 1818 1121 1836 ,
1160 1789 1325 1830 officium

295 1840 344 1879 ad
367 1842 542 1881 virtutem
565 1845 746 1891 pertinere
768 1842 855 1881 dicit
879 1856 887 1880 :
917 1842 1022 1892 quod
1043 1840 1124 1879 sane
1147 1845 1327 1882 convenit

295 1890 384 1932 huic
405 1893 501 1931 loco.
557 1895 694 1934 Sensca
717 1893 916 1943 aliquando
939 1892 1086 1931 videtur
1111 1890 1236 1930 officio
1258 1905 1326 1942 pro

298 1943 507 1992 magistratu
529 1943 634 1991 usus,
661 1943 918 1995 Sexagefimus‚
945 1944 1063 1994 inquit
1088 1971 1099 1988 ,
1137 1945 1325 1984 annus.ab

297 1993 399 2042 officio
421 2009 475 2033 me
497 1997 664 2037 dimittet.
717 1995 819 2034 Hinc
842 1995 1021 2046 Apulejus
1053 1992 1233 2041 officialem
1264 1994 1329 2034 de-

301 2044 428 2092 duxit,
455 2059 524 2097 pro
548 2061 594 2086 eo
618 2049 682 2100 qui
704 2046 952 2095 magistratum
975 2053 1117 2095 gereret
1140 2074 1152 2091 ‚
1178 2045 1238 2083 vel
1260 2058 1330 2096 po-

301 2097 372 2134 tius
406 2109 473 2146 pro
504 2098 645 2138 lictore.
697 2099 747 2136 Et
780 2099 898 2138 Pollio
925 2097 1092 2148 palatina
1123 2095 1258 2144 officia:
1289 2109 1331 2136 ac

303 2146 537 2198 Lampridius
552 2177 562 2193 ,
589 2151 628 2188 in
649 2150 776 2187 animo
797 2150 924 2188 habuit
945 2148 1116 2186 omnibus
1129 2147 1258 2186 officiis
1270 2159 1333 2195 ge-

301 2208 370 2236 nus
393 2199 546 2238 vestium
570 2200 761 2250 proprium
786 2199 881 2238 dire.
912 2200 945 2237 C
959 2211 980 2235 A
996 2212 1019 2237 τ
1035 2211 1058 2235 Α
1073 2210 1109 2234 N.
1138 2197 1198 2243 Est
1217 2198 1336 2236 adhuc

301 2258 373 2306 cet.
394 2251 443 2339 itBa
466 2250 607 2289 dictum
623 2280 633 2298 ‚
660 2257 701 2289 ut
723 2250 822 2301 apud
840 2251 1034 2300 Papinium
1060 2263 1068 2287 :
1098 2253 1126 2286 E
1121 2246 1184 2295 stis
1215 2249 1246 2287 io
1271 2250 1337 2299 su-

297 2309 380 2349 pert.
443 2315 563 2340 ARTE.

2242 1001 2259 1022 ⁸
2291 992 2398 1047 Ca-

1423 1139 1449 1174 4
1474 1131 1515 1163 Ε,
1545 1121 1720 1173 Syllani]
1758 1124 1868 1163 Duos
1902 1127 1938 1161 L.
1971 1123 2134 1173 syllanos
2165 1129 2266 1170 viros
2286 1132 2400 1175 claros

1373 1177 1522 1215 tradunt
1542 1176 1709 1214 historici.
1765 1176 1937 1215 Alterum
1960 1174 2140 1224 insignem
2172 1181 2403 1233 triumphali-

1373 1228 1438 1267 bus
1462 1229 1712 1272 ornamentis,
1742 1227 1781 1264 ὃς
1803 1226 2007 1275 gladiatorii
2039 1230 2199 1268 muneris
2233 1235 2398 1283 magnifi-

1373 1280 1517 1324 centia,
1544 1279 1704 1317 alterurn*
1722 1278 1858 1316 eximia
1880 1277 2069 1317 nobilitate
2094 1308 2105 1324 ,
2144 1279 2401 1337 disciplinaque

1374 1330 1416 1368 C.
1442 1329 1549 1369 Cassii
1564 1359 1574 1375 ‚
1601 1328 1699 1379 apud
1721 1340 1835 1379 quem
1860 1328 2056 1374 educatus,
2083 1329 2130 1369 ad
2152 1342 2308 1374 omnem
2333 1337 2410 1376 cla--

1377 1380 1576 1420 titudinem
1598 1381 1776 1419 sublatum
1799 1380 1905 1418 Nero
1926 1379 2050 1418 senatu
2072 1383 2194 1420 movit
2217 1412 2227 1428 ,
2254 1397 2298 1425 ac
2319 1399 2405 1427 mu..

1377 1433 1515 1482 nicipio
1539 1432 1697 1481 Apuliae
1721 1459 1732 1476 ‚
1770 1432 1829 1469 cui
1849 1442 1993 1468 nomen
2017 1430 2066 1469 est
2087 1431 2233 1472 Barium
2258 1465 2269 1481 ‚
2308 1437 2405 1479 clau..

1376 1481 1456 1521 sum
1471 1512 1481 1529 ,
1510 1483 1691 1522 Centurio
1708 1481 1806 1532 juffu
1826 1483 2056 1532 imperatoris
2076 1490 2252 1534 tanquam
2274 1488 2313 1526 in
2335 1501 2406 1539 pu-

1377 1544 1448 1582 gna
1462 1562 1473 1579 ,
1501 1545 1728 1585 quamquam
1751 1535 1932 1572 inermem
1946 1533 2177 1572 obnitentem
2192 1564 2203 1580 ‚
2231 1539 2404 1579 confecit.

1376 1585 1494 1623 Hunc
1526 1586 1648 1634 potius
1680 1583 1844 1631 intelligo
1869 1611 1881 1627 ‚
1919 1585 1976 1621 cui
2008 1586 2131 1632 potuit
2163 1596 2251 1625 cum
2275 1590 2402 1630 Titinio

1378 1634 1481 1674 fuiffe
1504 1636 1672 1674 amicitia.
1700 1633 1816 1672 IDEM.
1845 1633 1969 1682 scripti
1993 1633 2104 1672 nostri
2125 1638 2258 1684 partim
2280 1650 2301 1676 a
2333 1643 2406 1690 pri.

1379 1698 1440 1724 ma
1455 1716 1465 1732 ,
1493 1689 1626 1737 partim
1649 1700 1669 1724 a
1692 1684 1848 1725 secunda
1869 1695 1985 1722 manu
2006 1683 2124 1723 silani.
2153 1686 2266 1737 Supra
2289 1690 2405 1731 Arnz,

1380 1738 1426 1774 ab
1449 1739 1654 1788 imperatore
1675 1735 1883 1787 impetravit
1898 1764 1909 1780 ‚
1936 1734 2012 1774 fine
2031 1737 2298 1778 Provocabulo.
2327 1742 2406 1782 Sta-

1381 1796 1461 1827 tuas
1484 1790 1574 1827 olim
1595 1788 1801 1839 promiscue
1820 1798 1963 1838 ponere
1981 1787 2111 1826 licebat
2134 1817 2145 1834 ,
2172 1790 2294 1837 postea
2325 1804 2406 1833 non

1381 1839 1448 1877 nifi
1470 1840 1621 1878 auctore
1641 1841 1814 1891 principe.
1867 1838 1968 1877 Vide
2002 1839 2135 1890 Interp.
2171 1841 2336 1882 Suetonii
2358 1846 2406 1884 ad

1381 1891 1532 1941 Caligul.
1555 1903 1630 1942 cap.
1654 1891 1832 1930 XXXIV.
1855 1892 1894 1929 &
1914 1890 2008 1929 infra
2031 1891 2112 1930 Lib.
2136 1891 2183 1929 II.
2196 1892 2303 1942 Epist.
2317 1894 2407 1934 vn.

1379 1944 1491 1991 princ.
1514 1954 1608 1993 quae
1628 1943 1712 1982 loca
1735 1945 1844 1982 ctiam
1869 1942 2043 1981 Cellarius
2063 1941 2254 1993 adscripfit.

1431 2007 1458 2043 ς,
1480 2000 1524 2031 In
1561 1992 1662 2043 hoc.]
1703 1993 1746 2031 In
1784 1992 1908 2032 amicis
1945 1991 2127 2031 deiunffis
2175 1998 2414 2038 exornandis&

1381 2044 1414 2081 C
1429 2059 1452 2083 A
1468 2059 1490 2083 τ
1506 2059 1529 2083 Α
1543 2056 1580 2082 N.
1616 2046 1769 2094 Proprie
1801 2045 1840 2084 in
1872 2044 1931 2081 hoe
1954 2053 2058 2082 notat
2080 2045 2118 2083 in
2139 2045 2241 2083 hunc
2263 2046 2376 2087 finem
2393 2079 2406 2096 ,

1379 2106 1448 2143 pro
1471 2108 1549 2146 quo
1572 2107 1649 2134 non
1671 2095 1720 2134 ita
1742 2096 1857 2146 probe
1881 2094 2079 2134 Lindenbr.
2100 2095 2138 2134 in
2161 2095 2255 2136 haec.
2293 2100 2406 2140 Sene-

1380 2156 1421 2183 ca
1456 2147 1668 2197 Hippolyto
1700 2159 1751 2186 vs.
1789 2158 1890 2197 1213.
1945 2146 1989 2183 In
2018 2146 2092 2184 hoc
2121 2149 2276 2186 redimus
2300 2160 2316 2188 ἓ
2343 2152 2412 2192 ubi·

1378 2198 1463 2236 vide
1487 2198 1512 2235 I.
1537 2198 1592 2236 Fr.
1615 2198 1856 2236 Gronovium
1871 2226 1881 2243 ‚
1910 2199 1948 2236 δε
1970 2198 2081 2246 iunge
2105 2199 2161 2236 Cl.
2183 2199 2346 2240 Ducker.
2358 2199 2406 2242 ad

1378 2246 1477 2288 Flori
1500 2249 1580 2288 Lib.
1604 2248 1673 2286 IV.
1695 2260 1770 2300 cap.
1794 2249 1881 2287 VII.
1908 2261 1940 2286 n.
1968 2259 2022 2297 13.
2062 2249 2259 2299 speculator
2271 2265 2411 2304 quoque

1378 2299 1474 2339 inid
1496 2299 1619 2350 miffus.
1671 2300 1870 2351 Perperam
1893 2298 2063 2349 Bongars.
2094 2302 2252 2340 amicitia
2279 2303 2403 2354 princi-

361 2364 381 2389 2
412 2355 554 2392 Amicos
576 2351 730 2403 agant]
761 2353 915 2392 Servent
937 2353 1138 2390 amicitiam
1159 2351 1271 2389 etiam
1295 2353 1333 2390 in
1372 2351 1427 2398 pis
1448 2351 1484 2389 in
1509 2351 1592 2397 hoc,
1619 2351 1667 2389 ita
1690 2360 1871 2402 quantum
1889 2355 2015 2402 gratia
2036 2352 2159 2389 valeas
2191 2361 2260 2391 cet.
2308 2353 2408 2392 Infra-

306 2410 486 2442 mortuos.
517 2405 559 2442 In
583 2415 620 2442 re
644 2416 722 2441 non
746 2403 873 2454 dispari
892 2403 1058 2442 laudatur
1081 2401 1219 2439 Melior
1239 2403 1338 2451 apud
1380 2401 1582 2441 Helmstad.
1603 2401 1714 2440 claros
1735 2404 1838 2442 colere
1854 2433 1863 2449 ‚
1891 2402 2026 2441 omisso
2049 2403 2217 2442 Nomine
2239 2404 2343 2442 viros.

306 2451 527 2494 Martialem.
559 2455 712 2493 Caua.
741 2455 870 2493 Dieuo
891 2455 1045 2492 amicum
1068 2467 1168 2502 agere
1188 2452 1339 2492 habetur

1429 2453 1452 2489 6
1480 2451 1713 2502 Brutorum]
1745 2455 1828 2493 Scio
1850 2456 1986 2493 multos
2007 2455 2140 2493 Brutos
2153 2453 2246 2500 effe,
2272 2453 2329 2493 sed
2339 2454 2405 2492 hicv

310 2505 407 2550 apud
439 2505 615 2545 Tacitum
641 2533 651 2550 ,
691 2507 729 2544 &
753 2506 965 2545 Secundum
987 2504 1148 2555 sequitui·
1171 2503 1340 2544 Sidonius
1380 2506 1575 2554 praecipue
1599 2505 1749 2554 intelligi
1773 2512 1810 2543 L.
1835 2511 2011 2551 Brutum,
2039 2507 2102 2556 qui
2114 2505 2322 2554 Tarquiniis
2333 2514 2396 2541 ex-

311 2553 393 2592 Lib.
419 2556 488 2593 VI.
510 2556 618 2606 Epist.
641 2557 678 2593 V
686 2556 750 2594 ΙΙΙ.
775 2557 872 2606 Qia
897 2570 968 2594 non
985 2566 1116 2606 parum
1140 2554 1228 2593 mihi
1256 2556 1340 2595 inti·
1379 2555 1484 2602 pulsis
1514 2557 1718 2596 libertatem
1740 2559 1921 2596 Romanis
1943 2555 2106 2596 asseruit:
2133 2557 2222 2593 item
2246 2559 2283 2590 L.
2308 2557 2395 2589 Bru-

309 2616 392 2643 mos
424 2617 536 2655 agunt
559 2636 569 2652 ,
607 2607 727 2657 quibus
762 2619 807 2648 (9⁶
827 2606 890 2657 ipse
906 2608 998 2658 satis
1018 2607 1176 2646 intimus.
1199 2607 1261 2646 ubi
1283 2607 1338 2646 Io.
1375 2616 1460 2643 tum
1493 2608 1678 2658 plebejum
1703 2636 1713 2653 ‚
1752 2611 1853 2659 cujus
1888 2608 2040 2647 consih'o
2060 2606 2214 2656 populus
2235 2603 2396 2641 tribun08

313 2656 448 2694 Savaro
471 2658 720 2698 consulendus.

362 2718 381 2757 3
413 2709 598 2759 Titinius.]
630 2709 778 2747 Titinnii
806 2709 987 2760 Capitonis
1018 2709 1070 2747 bis
1102 2707 1236 2747 fatiam
1260 2721 1340 2749 me-

312 2761 470 2797 moriam
503 2761 602 2810 apud
632 2762 722 2799 Plin.
756 2762 922 2799 invenies
947 2774 955 2799 :
997 2762 1035 2800 &
1060 2760 1272 2798 Lactantius
1299 2763 1336 2799 in

314 2809 401 2846 Div.
425 2811 528 2850 instit.
551 2811 657 2850 tradit
681 2840 691 2856 ,
721 2811 917 2850 Titinnium
949 2813 1153 2862 Capitonem
1179 2811 1336 2861 scripfiffi

309 2859 583 2908 spectaculorum
617 2863 728 2900 libros.
784 2864 832 2901 Et
866 2864 948 2902 alibi
979 2864 1114 2902 Plinius
1147 2862 1334 2902 Titinium

321 2909 544 2963 Capitonem
567 2913 831 2959 commendat,
857 2917 949 2964 quod
973 2914 1141 2963 studiosos
1168 2926 1335 2961 amaret,

311 2958 433 3006 studia
451 2961 594 3004 coleret,
624 2965 694 3000 &c.
722 2964 822 3000 Nam
845 2967 961 3004 exitus
974 2967 1138 3003 virorum
1150 2964 1338 3003 illustrium

318 3010 489 3048 scribebat
513 3013 656 3061 Capito.
711 3014 853 3050 Lucium
886 3017 1091 3065 Capitonem
1124 3015 1335 3054 historicum

320 3060 446 3099 suidas
483 3062 600 3100 refert.
653 3062 856 3111 Capitonem
895 3070 1046 3111 poetam
1095 3068 1179 3104 citat
1216 3066 1335 3104 Athe-

318 3123 430 3150 naeus
445 3139 457 3160 ,
482 3112 544 3154 sed
564 3112 856 3168 Alexandrinum
879 3113 981 3156 fuisse
1014 3117 1194 3158 meminit.
1245 3117 1334 3170 §A-

308 3175 417 3213 3³⁴⁸·

1381 2657 1492 2706 plebis
1514 2671 1534 2696 a
1556 2660 1713 2710 patribus
1737 2661 1956 2710 impetravit.
1982 2661 2069 2697 item
2094 2660 2140 2691 D.
2164 2656 2202 2692 &
2226 2657 2280 2690 M.
2303 2658 2397 2689 Bru-

1381 2718 1432 2746 tos
1446 2737 1457 2754 ,
1484 2710 1578 2748 inter
1601 2711 1780 2760 principes
1803 2713 2077 2760 conjuratorum
2099 2707 2136 2744 in
2158 2714 2289 2742 necem
2304 2704 2398 2742 Cae-

1382 2758 1462 2798 saris
1485 2760 1678 2800 dictatoris.
1708 2762 1861 2800 Car-AN.

1432 2823 1451 2858 7
1483 2811 1715 2862 Cassiorum]
1745 2812 1914 2850 Occurrit
1925 2818 2057 2857 agmen
2070 2804 2262 2853 Gaffiot-um
2278 2833 2287 2849 ,
2314 2812 2396 2844 tum

1382 2862 1486 2900 rebus
1506 2864 1661 2908 bellicis,
1688 2870 1769 2900 tum
1792 2861 1956 2899 doctrina
1979 2859 2017 2895 ὅ(
2034 2858 2122 2906 juris
2136 2856 2280 2896 scientia
2293 2867 2396 2904 prae-

1381 2911 1560 2952 stantium.
1615 2911 1685 2950 Sed
1716 2913 1774 2950 hic
1796 2918 2038 2958 tyrannorum
2062 2907 2312 2947 interfeclores
2334 2917 2398 2943 au-

1382 2963 1533 3001 diendos
1554 2963 1731 3011 imprimis
1754 2961 1885 3009 opinor
1900 2988 1910 3005 ,
1937 2959 2050 3009 qualis
2073 2965 2112 2997 C.
2146 2959 2278 3006 Caffius
2312 2956 2397 3003 Julii

1383 3013 1539 3050 Caesaris
1563 3040 1573 3056 ,
1610 3013 1650 3049 «Sc
1671 3010 1803 3058 Caffius
1835 3009 1994 3048 Chaerea
2017 3010 2224 3060 Caligulae,
2250 3007 2402 3048 interfe-

1383 3062 1500 3099 <stores
1524 3089 1534 3105 ‚
1571 3062 1617 3101 de
1653 3062 1780 3111 quibus
1811 3061 1942 3108 Juven.
1977 3062 2090 3110 Satyr.
2123 3062 2170 3098 V.
2224 3061 2402 3111 Legimus

1383 3111 1481 3162 apud
1512 3111 1652 3165 Tranq.
1686 3112 1873 3168 quendam
1906 3112 2127 3168 historicum·
2151 3111 2298 3167 ultimos
2322 3110 2401 3146 Ro-

2323 3170 2410 3200 mat*
