2616 3686
605 191 1750 247 LmssERvLei’IsToLA
1830 200 1912 249 11.
2202 225 2293 276 399

154 276 432 335 audituros
467 267 802 342 corrogabat.
879 263 893 285 ¹
919 264 1242 350 Quid‘enim
1272 266 1591 352 jucundiuS,
1629 290 1790 347 quam
1815 274 1908 329 sub
1935 282 1950 300 ²
1973 276 2184 334 alterius
2213 291 2291 341 in.

156 351 292 410 vidia
316 387 333 413 ‚
390 344 646 419 quamdiu
682 342 807 398 velis
831 376 847 401 ,
896 338 952 393 δε
986 355 1041 392 111
1077 339 1254 392 alieno
1292 340 1562 396 auditorio
1587 384 1601 407 ,
1642 365 1656 391 ³
1693 347 1835 417 quafi
1865 349 2285 420 deprehensum,

153 420 449 479 commode
485 417 712 473 dicere?
751 411 858 468 Sed
898 424 1176 483 utcunque
1210 411 1263 466 se
1290 411 1489 470 habent
1515 416 1603 472 ista
1636 456 1650 481 ‚
1689 418 1824 473 bene
1852 418 1980 473 fecit
2005 421 2281 493 Regulus,
2324 446 2355 493 4

149 495 303 570 quod
328 494 402 550 est
428 502 701 554 mortuus,
735 485 919 541 melius
937 523 951 548 ,
971 500 989 526 ⁴
1025 484 1063 539 fi
1084 498 1224 539 ante.
1266 485 1425 541 Nunc
1453 491 1741 546 enim'sane
1768 504 1981 562 poterat
2007 492 2112 549 fine
2140 500 2280 552 malo

148 568 366 641 publico
399 568 579 622 vivere
616 561 710 619 sub
741 577 810 615 eo
842 558 1092 630 Principe
1117 597 1133 621 ,
1180 556 1275 613 sub
1311 576 1423 630 quo
1457 579 1659 618 nocere
1712 581 1821 618 non
1849 579 2078 634 poterat.
2151 568 2281 625 ldeo
2320 593 2352 641 5

149 642 225 698 fas
250 642 350 704 est,
379 650 764 709 nonnunquam
788 649 912 688 eum
940 648 1216 704 quaerere.
1289 633 1428 689 Nam
1454 635 1731 708 postquam
1759 637 1893 692 obiit
1916 638 2003 692 ille
2031 677 2047 703 ,
2101 639 2280 697 incre-

150 715 266 770 buit
298 711 478 786 paslim
501 749 519 776 ,
544 711 617 763 .&
652 707 872 763 invaluit
909 705 1283 769 consuetudO,
1341 707 1489 762 binas
1524 711 1608 764 vel
1641 709 1863 782 singulas
1903 730 1916 755 ⁵
1946 712 2278 783 clepsydras,

155 785 173 808 ⁶
205 783 472 842 interdum
509 783 668 837 etiam
708 778 988 843 dimidias,
1024 779 1077 832 &
1104 778 1349 833 dandi&
1375 782 1612 849 petendi.
1688 786 1825 839 Nam
1851 784 1905 838 δε
1932 786 2025 856 qui
2051 785 2274 852 dicunt,

152 858 173 888 ⁷
194 856 360 926 'egisse
383 857 584 910 malunt
605 893 621 919 ‚
661 870 820 926 quam
843 869 1002 924 agere
1027 870 1038 906 ε
1082 851 1137 906 &
1159 852 1256 923 qui
1279 852 1528 915 audiunt,
1573 856 1758 920 finire,
1798 867 1814 892 ³
1839 875 1995 929 quam
2019 857 2273 926 judicare.

144 928 326 985 Tanta
359 927 679 1000 negligentia
707 965 724 989 ‚
779 939 921 980 tanta
957 923 1154 979 desidia
1178 964 1200 998 Ἰ,
1246 937 1391 979 tanta
1429 926 1666 999 denique
1694 930 2042 984 irreverentia
2066 933 2084 957 ⁹
2108 930 2273 988 studi-

143 996 336 1064 orum',
394 1001 867 1072 periculorumque
903 996 994 1054 est.
1071 999 1305 1051 Annos
1349 999 1691 1071 sapientiores
1723 1000 2008 1070 majoribus
2051 1003 2271 1062 nostris?
2313 1016 2345 1056 6

143 1090 239 1130 nos
262 1073 466 1145 legibus
492 1071 902 1145 ipfisjustioreS,
939 1086 1074 1143 quae
1099 1068 1448 1136 '‘tot-horas,
1486 1087 1568 1127 tot
1593 1073 1706 1128 dies
1735 1113 1750 1137 ‚
1787 1086 1869 1128 tot
1896 1078 2269 1144 comperendi.

144 1147 383 1205 nationes
405 1145 730 1217 largiuntur?
774 1143 1017 1198 Hebetes
1042 1142 1112 1200 illi
1132 1164 1149 1206 ,'
1186 1142 1241 1197 &
1264 1143 1418 1215 supra
1446 1146 1672 1201 modum
1697 1145 1866 1201 tardi?
1901 1147 2014 1202 Nos
2042 1150 2280 1218 apertius

142 1219 394 1284 dicimus,
445 1220 668 1273 celerius
696 1216 1038 1287 intelligimus
1058 1255 1073 1279 ,
1103 1216 1402 1288 *religiofius
1422 1217 1753 1290 judicamu3‚
1795 1218 1827 1238 ¹²
1856 1221 1983 1292 quia
2008 1221 2274 1292 pauciori-

139 1290 235 1347 bus
269 1290 554 1363 clepsydris
587 1292 994 1364 praecipitamus
1029 1289 1208 1366 causas
1243 1327 1261 1352 ,
1310 1308 1471 1362 quam
1510 1293 1702 1350 diebus
1742 1291 1995 1365 explicari
2022 1292 2276 1349 solebant.

138 1363 193 1419 Ο
230 1365 476 1437 Regule,
508 1367 604 1436 qui
642 1363 937 1420 ambitione
976 1362 1041 1418 ab
1081 1361 1329 1419 omnibus
1365 1364 1678 1432 obtinebas,
1717 1375 1751 1399 ¹²
1787 1366 1939 1438 quod
1978 1365 2272 1492 fidei-&³¹¹3
2311 1403 2346 1451 7

2082 1456 2130 1493 ci
2181 1457 2276 1497 imi

133 1563 194 1604 sed
225 1573 360 1616 quanta
391 1562 465 1614 ipse
493 1560 669 1611 cupiebat.
723 1558 838 1608 Quasi
860 1560 1054 1609 ind³gnum
1081 1562 1167 1602 esset
1287 1564 1308 1601 8
1334 1566 1457 1614 Quam
1482 1564 1692 1616 judicare]
1724 1570 1852 1618 Quam
1889 1565 2028 1605 rectam
2051 1565 2270 1607 sententiam

138 1615 273 1654 dicenti
295 1615 384 1653 fines
406 1624 571 1663 ponere,
607 1622 677 1650 nec
699 1609 783 1648 dare
804 1611 947 1658 copiam
959 1611 1169 1661 indulgendi
1235 1616 1488 1662 pronunciare.
1514 1616 1670 1655 Perinde
1701 1630 1744 1656 ac
1775 1618 1800 1656 fi
1835 1619 1993 1662 diceret,
2022 1616 2192 1655 advocati
2217 1618 2271 1656 fa·

133 1667 284 1714 ingenio
306 1669 344 1705 &
367 1663 569 1714 explicandi
582 1669 778 1700 contentae
803 1663 979 1700 orationis
1010 1664 1164 1702 cursum.
1232 1664 1377 1702 stidium
1410 1668 1558 1714 capiunt
1589 1668 1734 1714 agendo
1760 1682 1768 1705 :
1797 1669 1937 1717 judices
1971 1678 2048 1705 non
2081 1667 2268 1708 audiendo

139 1716 351 1756 Bucinna.
1233 1716 1511 1764 malejudicant.
1538 1718 1666 1765 Quare
1678 1730 1835 1764 omnes,
1857 1717 2138 1767 quamprimum
2150 1717 2267 1759 finem
2305 1741 2307 1743 ·

193 1781 207 1806 1
238 1769 339 1817 Qid
378 1768 478 1806 enim
514 1761 750 1813 iucundius]
797 1763 887 1801 Hoc
923 1763 1077 1802 adsumfi
1116 1777 1162 1804 ex
1231 1767 1376 1815 imponi
1397 1775 1579 1816 quaerunt
1601 1767 1727 1806 officio
1749 1769 1826 1808 suo.
1853 1770 2035 1808 Cum.-

136 1817 313 1857 Mediceo
352 1821 390 1857 δε
430 1817 522 1857 Edd.
560 1815 700 1855 Aldinis
736 1825 778 1852 ac
814 1814 978 1864 Gryphii.
1019 1817 1162 1855 Recen-
1277 1830 1302 1867 9
1329 1818 1538 1857 studiorum
1563 1818 1862 1871 periculorumque
1889 1818 1985 1869 esp]
2027 1821 2264 1869 Studiorum,

138 1868 247 1906 tiores
276 1870 384 1908 MSS.
411 1871 450 1908 &
477 1870 639 1918 plerique
665 1865 846 1916 impreffi:
872 1865 973 1915 Qid
1001 1865 1160 1917 denique
1228 1867 1264 1906 id
1316 1868 1344 1906 st
1369 1896 1379 1913 ,
1416 1868 1562 1907 dicendi
1594 1871 1677 1909 artis
1702 1885 1710 1908 :
1739 1884 1834 1922 quae
1858 1873 2035 1909 excitatur
2054 1871 2267 1911 auditorum

141 1916 342 1956 iucundius.
1229 1918 1280 1956 stu
1309 1921 1358 1958 io.
1386 1920 1622 1959 periculorum
1648 1950 1659 1967 ,
1685 1934 1780 1973 quae
1804 1921 2023 1972 impendent
2050 1924 2118 1961 reis
2143 1951 2153 1967 ,
2181 1935 2268 1962 cum
2290 1956 2299 1959 -

184 1979 205 2004 2
237 1968 398 2006 Alterius
419 1968 602 2019 invidias]
632 1969 761 2016 Reguli
785 1967 1068 2014 malevolentia,
1097 1972 1159 2020 qui
1230 1970 1331 2009 causa
1365 1983 1497 2010 eorum
1521 2001 1532 2017 ,
1570 1984 1640 2012 nec
1672 1983 1794 2012 oratur
1826 1975 1934 2022 plene
1956 2002 1966 2019 ,
1994 1984 2063 2010 nec
2085 1972 2164 2013 satis
2189 1975 2269 2013 dili·
2302 1990 2306 1991 ⁷

136 2026 212 2055 tam
247 2020 479 2068 impudenter
508 2027 646 2069 peteret
666 2019 711 2057 ad
733 2019 929 2058 dicendum
952 2020 1158 2069 longissima
1227 2029 1356 2068 genter
1387 2024 1629 2072 cognoscitur.
1671 2025 1880 2063 Rucuma.
1921 2023 2076 2062 Helmst.
2104 2035 2123 2061 a
2153 2036 2265 2062 manu

100 2113 106 2121 Ι
135 2075 314 2116 tempora.
339 2071 491 2109 Cum.
514 2072 549 2109 Si
572 2071 747 2110 Catanaei
767 2070 1065 2109 malevolentiam
1080 2083 1156 2110 non
1226 2071 1404 2111 secunda:
1424 2073 1626 2121 studiorum
1648 2077 1917 2126 periculumque
1939 2074 1993 2121 est.
2022 2075 2136 2123 Supra
2161 2075 2267 2114 Voss.

133 2117 210 2155 satis
235 2121 402 2169 intelligis„
418 2133 562 2171 expone
582 2121 788 2167 invidiam,
817 2122 948 2160 odium.
989 2122 1087 2162 Vide
1111 2123 1155 2163 ad
1227 2122 1383 2162 Helmst.
1417 2127 1456 2163 &
1490 2125 1558 2164 Ed.
1592 2127 1677 2165 Ver.
1708 2132 1829 2164 Tanta
1849 2125 2083 2176 negligentia,
2111 2124 2266 2172 desidia.

132 2167 266 2207 Sallust.
295 2172 372 2210 Cat.
395 2184 471 2222 cap.
491 2172 612 2210 XXII.
635 2185 669 2210 n.
693 2185 727 2220 3.
1225 2184 1334 2212 tanta
1359 2176 1506 2226 denique
1530 2184 1600 2214 cet.
1652 2177 1723 2216 Sed
1746 2179 1946 2227 Optimus:
1974 2188 2083 2214 tanta
2106 2176 2236 2224 desidia
2251 2205 2265 2222 ‚
2302 2198 2305 2200 -

183 2232 201 2267 3
234 2221 348 2271 Quafi
390 2222 645 2273 deprehensum.
667 2222 684 2272 ]
731 2224 835 2272 Lege
882 2223 1073 2264 Budaeum
1111 2226 1157 2263 ad
1226 2233 1268 2262 ut
1294 2225 1426 2264 editur.
1816 2245 1822 2251 ,

131 2269 301 2310 Pande-ct.
337 2284 414 2322 pag.
452 2286 534 2323 393.
574 2275 725 2311 Brut-ru.
772 2275 852 2312 Nos
886 2276 995 2314 etiam
1031 2275 1075 2314 de
1111 2288 1157 2314 eo
1278 2288 1324 2315 10
1352 2283 1415 2315 Tot
1439 2276 1556 2314 horas.
1581 2277 1596 2325 ]
1625 2277 1737 2316 idem.
1754 2278 1884 2316 austo'r
1908 2277 1956 2314 est
1979 2276 2177 2312 accusatori
2200 2275 2261 2313 sex

133 2323 248 2360 verbo
272 2325 412 2371 egimus
434 2325 478 2363 ad
502 2327 640 2362 Lucan.
665 2325 748 2362 Lib.
769 2325 838 2361 VI.
861 2336 912 2363 vs.
937 2339 1019 2375 505.
1224 2327 1356 2371 horas,
1384 2339 1449 2365 reo
1472 2338 1613 2364 novem
1639 2340 1683 2365 ex
1705 2329 1786 2376 lege
1808 2328 2018 2365 constitutas
2033 2354 2043 2370 ,
2071 2326 2262 2374 superqua
2299 2349 2303 2351 -

183 2385 206 2418 4
233 2375 266 2409 δι’
287 2375 410 2425 ante]
442 2376 515 2414 Sub
538 2377 714 2421 Nerone,
741 2376 779 2412 &
799 2375 1019 2415 Domitiano
1042 2380 1159 2417 maxi·
1226 2388 1264 2413 re
1289 2378 1367 2425 jam
1391 2378 1505 2414 multa
1524 2381 1793 2416 annotavimus.
1825 2379 1978 2414 Cum.

134 2431 209 2467 me,
234 2434 318 2461 cum
344 2426 541 2474 plurimum
564 2428 715 2470 nocuit,
740 2427 1158 2472 probos&innoccntes
1281 2440 1320 2465 11
1351 2426 1614 2475 Pauciorihuffl
1647 2428 1851 2466 Minoribus
1876 2428 1957 2465 XX.
1987 2428 2087 2465 Nam
2113 2425 2140 2463 fi
2162 2428 2258 2478 clep·
2299 2442 2301 2444 ·

132 2473 343 2512 accusando.
380 2478 481 2523 Lege
517 2477 691 2515 Nostrum
727 2477 827 2524 supra
863 2477 943 2514 Lib.
968 2477 995 2515 I.
1018 2479 1085 2528 Ep.
1109 2481 1156 2518 V.
1226 2477 1328 2526 sydra
1347 2490 1414 2527 pro
1438 2477 1587 2515 dimidia
1609 2479 1700 2515 hora
1723 2479 1894 2523 sumitur,
1924 2481 1962 2517 ’ἐς
1986 2489 2049 2515 reo
2074 2476 2258 2517 decem&

133 2525 173 2563 &
198 2524 373 2563 Tacitum
402 2528 468 2564 IV.
493 2528 582 2566 Hist.
608 2539 684 2577 cap.
704 2527 824 2564 XLII.
852 2527 1057 2566 Bucnuzn.
1227 2528 1315 2566 ono
1339 2558 1349 2574 ‚
1389 2528 1539 2578 quando
1575 2531 1692 2578 plures
1727 2530 2021 2568 concedebantur
2043 2542 2052 2565 ·.
2093 2528 2256 2575 respectu

181 2589 202 2624 ς
231 2575 484 2627 clepsydras]
517 2580 659 2628 Repete
681 2586 855 2616 annotata
879 2579 915 2616 in
937 2579 1157 2628 praeceden-
1227 2580 1316 2618 illius
1365 2581 1461 2618 recte
1500 2579 1588 2617 dixit
1620 2581 1840 2629 paucioribus
1874 2579 2068 2629 clepsydris.
2112 2578 2256 2617 IDEM.

103 2672 106 2675 Δ
132 2624 247 2672 tibus,
275 2640 412 2677 nempe
436 2630 480 2666 ad
503 2629 571 2677 Ep.
593 2630 657 2667 XI.
682 2630 764 2668 Lib.
789 2629 837 2666 11.
1228 2630 1376 2679 Scripsi:
1407 2633 1490 2679 qvia
1534 2632 1755 2691 pfzucjorispus
1803 2633 1984 2680 clepsydris
2010 2660 2019 2675 ‚
2060 2641 2128 2676 pro
2178 2631 2259 2678 qui,

182 2678 205 2714 6
234 2676 418 2717 Interdum
441 2682 479 2718 ὃς
502 2679 710 2730 dimidia5.]
742 2680 959 2730 Reposuiex
974 2681 1156 2730 Optimo:
1228 2680 1317 2719 iuffii
1345 2682 1493 2719 Codicis
1516 2693 1683 2731 principis
1698 2711 1708 2726 ‚
1737 2695 1858 2730 neque
1881 2684 1980 2720 aliter
2003 2681 2129 2717 Aldus.
2158 2680 2260 2719 Infra

135 2726 312 2767 interdum
345 2732 454 2769 etiam
492 2732 661 2769 dimidias
686 2761 695 2777 ,
734 2731 930 2781 quomodo
970 2734 1007 2769 &
1048 2734 1158 2771 Arnz.
1231 2732 1383 2769 Helmst.
1418 2735 1455 2770 ὃς
1489 2733 1601 2770 Arnz.
1636 2745 1730 2782 <inae
1754 2733 1896 2776 diebus,
1925 2744 1991 2781 pro
2015 2744 2149 2779 quam,
2176 2743 2258 2786 corf

134 2778 280 2818 scribit:
319 2793 366 2818 ne
399 2783 508 2820 toties
542 2783 577 2818 in
612 2782 753 2820 duobus
788 2781 943 2820 versibus
975 2794 1092 2820 unum
1115 2796 1159 2823 cy
1231 2792 1345 2831 rupte.
1376 2783 1520 2821 Deinde
1547 2784 1700 2820 Helmst.
1725 2787 1763 2821 ὀ(
1787 2784 1898 2820 Arm..
1926 2781 2256 2830 ORegulm3Vofl,

138 2829 322 2877 legeretur.
350 2832 450 2870 Infra
474 2832 628 2870 Helmst.
644 2833 798 2871 &Voffi
829 2841 924 2871 Nam
938 2834 997 2883 qui
1011 2835 1133 2873 dicunt
1148 2866 1157 2881 ‚
1230 2840 1259 2869 O
1283 2835 1450 2881 regulam.
1480 2834 1594 2872 Aldus
1616 2835 1758 2884 postca:
1788 2836 1849 2883 qui
1869 2834 1942 2871 iam
1966 2832 2155 2869 ambitione
2178 2845 2211 2868 a.
2227 2847 2254 2870 ο,

143 2877 234 2918 dista
254 2885 422 2929 ,particula
441 2885 538 2922 male
562 2883 700 2921 omissa.
1227 2885 1413 2923 obtinebas.
1442 2884 1546 2922 Voll.
1577 2886 1766 2923 obtinebat.

194 2941 213 2973 7
244 2935 267 2967 Ε
292 2933 343 2980 isse
363 2936 517 2973 malunt.
541 2933 557 2984 ]
585 2935 721 2973 Breves
745 2936 814 2974 csse
838 2966 847 2981 ‚
878 2938 916 2974 &
942 2938 1016 2985 jam
1038 2939 1157 2986 impo-
1286 2949 1325 2974 12
1356 2939 1460 2985 {Laod
1477 2936 1601 2986 fidei.]
1645 2938 1736 2974 Fidei
1756 2937 1881 2974 tertius
1903 2935 2000 2972 casus
2025 2934 2083 2972 est.
2113 2934 2256 2981 Signifi-

146 2977 245 3017 suiffe
265 2945 396 3029 finem,
421 2998 532 3036 quam
559 2998 606 3024 eo
629 2986 773 3025 dicendi
794 2988 956 3026 tendere.
996 2989 1042 3024 Et
1061 2990 1159 3035 judi·
1232 2997 1284 3026 cat
1307 2990 1489 3037 Regulum
1512 2988 1619 3025 libera
1644 2986 1771 3025 orandi
1794 2984 1982 3035 &petiisse
1997 3015 2006 3029 ,
2035 2986 2255 3023 &obtinuis-

148 3041 204 3068 ccs
219 3056 229 3073 ‚
256 3037 509 3082 pronunciare,
524 3049 635 3086 quam
647 3038 834 3076 attendere
849 3067 859 3081 ‚
889 3037 1159 3088 deliberareque
1230 3040 1263 3078 se
1286 3040 1411 3088 spatia,
1438 3051 1515 3077 non
1537 3047 1576 3076 ut
1597 3040 1785 3077 clientibus
1800 3038 2019 3079 consuleret,
2051 3038 2088 3074 8:
2104 3064 2113 3080 ‚
2142 3047 2253 3091 quam

147 3090 190 3135 ²?
209 3081 421 3140 cognoscere
439 3088 578 3126 malunt
593 3118 603 3133 ,
630 3088 806 3127 subeunte
830 3091 992 3140 utrisque
1013 3090 1135 3131 taedio
1150 3120 1160 3137 ,
1193 3129 1195 3136 Α
1233 3092 1386 3131 debebat
1415 3092 1455 3133 iis
1479 3119 1491 3138 ‚
1533 3089 1618 3132 fidei
1651 3090 1785 3130 faceret
1817 3089 1920 3135 satis,
1948 3086 2050 3142 quod
2073 3098 2177 3138 pauci
2200 3097 2254 3139 re<

151 3129 206 3170 1²1⁵
223 3130 412 3181 auchessdh
436 3135 576 3192 dicendi
595 3139 669 3180 illis.
699 3139 907 3192 Bucam..
1191 3142 1197 3178 l
2190 3139 2258 3182 1}‘¹-.
