2616 3686
548 151 1883 245 munimnsvroei‘xxne
2079 216 2082 221 -
2202 146 2349 247 89-

194 284 273 340 fas
325 264 456 333 'esset
486 292 520 338 ¹,
584 275 729 330 hunc
783 269 944 324 etiam
993 262 1228 322 convitia
1277 261 1506 326 audire,v
1569 262 1714 317 &ssi
1760 262 1926 317 inulta
1973 275 2273 335 pateretur,

199 355 213 377 ¹
236 350 486 407 inertem:
534 344 571 400 fi
594 343 968 402 ulcisceretur,
1002 337 1313 392 insolentem
1338 334 1528 390 videri.
1604 335 1734 389 Erat
1762 334 1850 388 hic
1877 350 2095 404 quoque
2130 342 2151 384 ².
2183 357 2269 395 ae..

199 423 302 480 ssus
337 433 459 473 ante
482 418 694 479 oculos,
731 413 766 468 fi
801 410 942 466 forte
971 427 1058 464 me
1090 405 1104 434 ³
1132 405 1430 479 appellasset
1456 445 1472 472 ,
1514 406 1599 460 vel
1634 407 1721 460 ille
1759 405 1847 458 cui
1884 405 2144 469 adeffem,
2183 414 2268 468 v‘el

192 494 276 549 ille
311 507 474 564 quem
508 503 691 544 contra
715 523 734 550 ‚
779 485 798 511 ⁴
834 481 1228 538 intercederem
1282 479 1337 533 &
1381 478 1636 535 auxilium
1678 476 1904 541 ferrem,
1942 494 2007 532 an
2031 482 2271 551 quiesce-

2151 571 2270 611 rem

195 701 351 745 bantur,
376 699 433 737 vel
454 697 562 736 etiam
594 703 761 744 quaeque
791 693 967 741 temporis
1000 697 1204 730 momenta.
1292 699 1309 727 1
1341 686 1534 737 lumem]
1575 687 1744 725 Nimium
1779 689 1978 738 patientem
2005 716 2016 735 ‚
2054 699 2130 727 non
2165 702 2269 730 exer·

201 751 374 799 Apulejus
397 749 475 786 Lib.
499 746 564 783 111.
615 746 778 792 §Quidam
805 745 918 790 senior
944 742 1099 791 exsurgit
1123 771 1134 787 ‚
1160 754 1203 781 (φ
1242 746 1389 777 centem
1410 738 1510 776 suam
1532 737 1760 788 potestatem.
1801 740 1869 777 CA
1885 751 1944 777 TA
1961 750 1996 776 Ν.
2046 740 2201 779 Helmst.
2230 745 2269 781 &

201 802 250 837 ad
269 799 400 837 dicendi
412 797 564 846 spatium
588 793 726 842 vasculo
748 794 900 843 quodam
929 794 964 830 in
993 793 1101 829 vicem
1133 793 1209 832 colli
1243 789 1356 827 Arnz.
1378 799 1422 827 ω’
1438 788 1471 838 fi
1493 790 1605 827 multa
1621 797 1804 837 pateretur
1829 817 1840 833 ‚
1880 790 1990 828 facilis
2014 792 2052 828 &
2075 791 2179 840 saepe
2203 794 2271 830 ob-

199 848 370 905 graciliter
393 846 548 894 fistulato
573 873 583 889 ‚
619 856 658 879 ac
686 852 746 894 per
780 843 839 880 hoc
866 843 1039 893 guttatim
1072 843 1207 893 defluo,
1245 841 1325 878 vius
1366 838 1593 878 librariorum
1634 839 1758 887 lapsus.
1812 840 1881 879 Sed
1913 839 2126 879 Mediceus:
2148 841 2185 889 fi
2214 843 2269 880 in-

202 898 314 947 insusa
333 910 425 947 aqua
439 925 450 941 ‚
472 896 633 947 populum
646 893 695 944 fic
716 894 854 931 adorat.
907 895 955 931 Et
978 894 1044 930 ΙΙΙ.
1068 894 1210 943 Episto-
1243 890 1323 927 ulta
1338 918 1348 934 ,
1375 888 1451 927 fine
1474 891 1618 939 Copula
1640 902 1706 934 ω’,
1734 901 1846 938 quam
1869 899 1995 928 tamen
2018 892 2076 929 hic
2108 903 2186 931 non
2214 894 2270 932 su-

201 950 311 987 latum
335 948 415 985 Seu.
442 946 633 996 clepsydra
666 957 735 981 non
767 955 964 982 extremum
987 943 1210 989 stillicidium
1247 951 1511 990 pervacaneam
1536 939 1605 978 effe
1629 941 1808 979 iudicabis.

202 996 387 1042 exhaurit,
406 997 469 1047 fied
491 995 650 1047 quicquid
672 1005 756 1032 ante
779 993 936 1044 defluxit.
977 994 1099 1033 Suidas
1131 996 1211 1036 scri·
1300 1002 1321 1028 2
1350 990 1513 1040 Aestun]
1544 991 1767 1030 Sollicitudo.
1796 992 1949 1029 CATAN.
1978 990 2145 1029 Riccarcl.
2168 992 2285 1031 Voss..

200 1048 249 1086 bit
281 1047 514 1096 Clepsydram
547 1046 616 1085 else
647 1056 709 1083 vas
739 1045 982 1093 angustissimo
1015 1056 1080 1084 ore
1122 1048 1213 1086 circa
1253 1040 1365 1079 Arnz.
1394 1046 1482 1079 Erat
1505 1041 1558 1079 hic
1580 1055 1709 1092 quoque
1731 1041 1840 1089 aestus
1864 1070 1875 1086 ‚
1894 1039 1927 1090 fi
1949 1052 2034 1077 ante
2056 1041 2164 1079 oculos
2177 1045 2287 1089 forte.

199 1096 353 1136 fundum
379 1125 388 1142 ‚
426 1098 469 1136 ad
503 1097 604 1147 quod
625 1098 663 1134 in
679 1096 821 1144 judiciis
842 1108 935 1146 aqua
958 1097 1107 1145 plenum
1132 1109 1215 1146 pro-
1253 1104 1308 1128 me
1328 1093 1408 1142 adp.
1459 1093 1572 1131 Unde
1595 1092 1798 1131 Helmstad.
1819 1092 1952 1140 aestus,
1979 1090 2041 1129 sed
2063 1103 2148 1131 ante
2171 1093 2281 1131 oculos

197 1145 353 1197 positum
378 1147 542 1187 dicebant
564 1155 725 1185 oratores
749 1175 759 1191 ,
796 1154 837 1184 ut
868 1148 985 1186 innuit
1020 1146 1216 1188 Aeschines
1248 1143 1346 1188 forte
1370 1157 1417 1180 m·
1435 1156 1470 1181 a·

197 1199 235 1236 in
257 1196 414 1247 ctesiph.
439 1210 550 1249 quarn
572 1197 872 1236 consuetudinem
895 1198 1025 1237 imitati
1046 1198 1125 1246 post
1138 1200 1215 1237 Ro-
1307 1204 1326 1241 3
1357 1192 1606 1243 Appellaffet.]
1642 1191 1888 1231 Provocaffet.
1937 1190 2156 1250 Appellandi
2199 1196 2283 1244 jus,'

196 1248 304 1286 mani.
358 1249 456 1287 Nam
491 1251 529 1287 ὅ(
562 1249 619 1286 Μ.
650 1248 701 1285 T.
738 1249 878 1286 Aulum
912 1248 957 1286 ad
991 1248 1214 1296 clepsydram
1257 1253 1370 1290 quam
1391 1244 1433 1282 fit
1456 1245 1650 1293 frequens,
1679 1245 1718 1282 &
1740 1242 1976 1282 neceffarium
2002 1271 2013 1288 ‚
2041 1255 2104 1293 qui
2126 1244 2284 1292 nesciat,

199 1306 316 1336 vocat.
368 1300 556 1349 Accipitur
578 1298 761 1337 interdum
774 1310 840 1347 pro
853 1299 1093 1337 instrumento
1105 1299 1214 1337 astro-
1255 1303 1371 1348 nemo
1405 1295 1464 1333 est.
1518 1296 1669 1344 Quippe
1695 1322 1706 1338 ,
1743 1294 1846 1343 quod
1868 1294 2099 1342 iniquitatem
2117 1295 2285 1343 judican-

197 1350 350 1387 nomico
380 1350 487 1388 horas
520 1350 696 1387 metiente
720 1378 730 1394 ,
780 1350 818 1387 ὃς
851 1361 918 1398 pro
947 1349 1088 1397 judicio
1119 1352 1216 1398 apud
1254 1350 1348 1380 tium
1369 1347 1428 1384 vel
1460 1347 1681 1399 imperitiam
1715 1345 1860 1391 corrigit
1885 1372 1896 1388 ,
1931 1345 2012 1399 lege
2043 1345 2286 1397 Jurisconsul-

199 1398 359 1437 Graecos
381 1400 575 1450 scriptores.
624 1400 810 1437 Pausanias
832 1401 869 1437 in
891 1400 1026 1437 vertice
1049 1400 1216 1438 Ithoniae
1255 1403 1346 1430 tum.
1373 1395 1415 1443 ff·
1447 1407 1505 1441 49-
1538 1405 1592 1431 tit.
1627 1395 1674 1432 de·
1707 1394 2021 1449 Appellafionfbus·
2076 1395 2136 1432 Est
2158 1405 2284 1434 autem

198 1450 285 1487 arcis
309 1449 593 1488 Nlssffenenfium
618 1449 761 1487 fonteln
784 1448 1005 1497 clepsydram
1030 1451 1115 1488 oriri
1148 1459 1218 1487 tra-
1255 1444 1407 1483 autstol‘e
1431 1444 1595 1482 Asconio
1615 1443 1798 1493 appellatlo
1817 1457 1958 1480 mmorls
1978 1444 2029 1479 ad
2050 1446 2285 1495 potiorespro-

198 1495 261 1537 dit.
312 1499 475 1538 Inditum
500 1502 537 1538 &
560 1501 738 1537 meretrici
771 1507 1065 1545 cognomentum
1098 1501 1220 1538 norni-
1259 1495 1406 1532 υθῑαΐὶθ·
1445 1492 1626 1541 Significat
1649 1495 1687 1531 &
1709 1494 1838 1532 blanda
1859 1495 2024 1533 oratione
2048 1494 2192 1534 alterius
2216 1508 2285 1545 PU-

199 1560 248 1585 ne
269 1551 363 1596 prius
386 1550 573 1588 Metichae
588 1577 598 1592 ‚
626 1548 817 1596 postquam
837 1548 883 1584 ad
895 1547 1116 1596 clepsydram
1131 1560 1221 1585 con·
1260 1541 1420 1587 dicitiam
1442 1551 1642 1588 attentare,
1669 1543 1845 1593 Ulpianm·
1874 1544 1906 1581 C
1921 1557 1943 1580 Α
1957 1557 1980 1580 Τ
1996 1556 2018 1579 Α
2033 1556 2070 1581 N-

200 1599 323 1635 cubu't
345 1607 422 1635 tota
443 1609 535 1647 aqua
568 1597 760 1634 defluente.
799 1597 888 1635 Inde
920 1597 1052 1635 Euboli
1083 1602 1220 1647 poema
1310 1605 1334 1640 4
1362 1593 1651 1643 Intercederem.]
1712 1594 1915 1633 Obstarem.
1963 1593 2194 1634 Intercedere
2235 1597 2286 1636 est

203 1648 398 1698 Clcpsydra
421 1648 648 1697 appellatum.
701 1646 918 1684 Athenaeus.
947 1648 1003 1685 Sic
1024 1648 1120 1696 apud
1144 1650 1222 1687 Sui-
1261 1643 1453 1689 Prohibere
1477 1673 1488 1689 2
1527 1645 1628 1693 CUjUS
1661 1652 1869 1682 extremum
1898 1645 1956 1692 jus
1980 1651 2054 1682 erat
2075 1646 2174 1694 aPUd
2198 1647 2287 1685 *Tsi-

206 1697 290 1736 dam
325 1699 376 1735 tit.
409 1696 583 1746 clepsydra
617 1697 795 1747 quaedam
829 1698 1017 1745 proverbia
1042 1698 1224 1746 explican-
1260 1692 1376 1733 bunos
1397 1694 1518 1743 plebis.
1547 1694 1662 1732 lom.
1691 1695 1938 1734 Intercederem
1965 1696 2003 1732 &
2020 1695 2195 1734 auxilium
2209 1699 2289 1744 fer-

206 1757 276 1785 tur.
328 1747 443 1786 Fuiil'e
465 1749 560 1786 illam
584 1760 650 1797 pro
671 1748 890 1795 horologio,
917 1748 955 1784 &
978 1748 1022 1785 ad
1043 1747 1130 1786 alios
1142 1749 1221 1788 usus
1264 1755 1350 1780 rem.
1386 1744 1482 1784 Dele
1497 1773 1507 1789 ,
1534 1745 1614 1784 dele
1637 1747 1679 1781 τὸ
1700 1756 1744 1784 ω’
1759 1774 1769 1790 ,
1796 1752 1974 1794 quantum
1991 1752 2108 1793 potes.
2134 1747 2290 1788 BAR‘rr-i.

207 1797 388 1842 indicant,
418 1800 563 1846 Vegetius
598 1798 669 1835 Lib.
703 1803 765 1835 111.
801 1798 1009 1846 censorinus
1029 1827 1039 1843 ,
1077 1809 1120 1837 v·
1152 1799 1224 1838 alii.
1262 1791 1489 1834 Coniunffio
1511 1796 1692 1834 hocloco
1715 1795 1764 1834 est
1797 1794 1981 1833 delenda:
2021 1795 2086 1833 nifi
2120 1806 2291 1846 putamus

210 1853 249 1883 P.
283 1848 463 1885 Cornelius
498 1846 623 1896 Nasica
655 1854 782 1898 Censor
814 1860 858 1886 ex
893 1859 985 1897 aqua
1011 1848 1095 1887 fecit
1115 1835 1451 1898 hora-lsc1·ip1'1ffe,
1479 1846 1812 1886 numwauxilium
1823 1848 1970 1892 serrem.
2000 1846 2058 1883 Sc
2075 1858 2166 1885 HEF
2182 1860 2200 1885 r
2217 1861 2292 1888 ER.

212 1898 307 1933 rium
326 1924 335 1939 ,
362 1897 463 1945 quod
487 1900 524 1936 ὅ(
547 1910 590 1936 ex
613 1898 870 1936 consuetudine
900 1898 1070 1937 noscendi
1101 1910 1121 1936 a
1153 1900 1240 1946 sole
1262 1892 1436 1935 Obsecuti
1449 1897 1527 1934 sunt
1540 1898 1623 1936 viris
1637 1897 1751 1936 doetis
1774 1896 1947 1934 Cellarius
1971 1898 2009 1935 δεῖ
2032 1898 2091 1934 alii
2113 1898 2266 1947 quidam
2280 1929 2292 1946 ,

213 1947 343 1989 horas,
371 1948 533 1986 solarium
557 1957 728 1997 coeptum
753 1949 885 1986 vocari.
915 1949 1100 1986 Vitruvius
1120 1950 1240 1988 testa-'
1259 1945 1321 1992 qui
1355 1947 1539 1996 Copulam
1571 1948 1751 1986 eiecerant
1774 1975 1785 1992 ,
1822 1955 1863 1984 ut
1895 1948 1986 1984 Olim
2020 1946 2156 1986 fecerat
2177 1949 2294 1989 Aldus

213 2003 271 2032 tur
292 1998 566 2045 horologiorum
592 2010 635 2036 ex
657 2010 675 2035 a
704 2011 748 2036 ua
771 2001 1085 2046 comparationem
1110 1994 1239 2038 Ctefi-'
1259 2003 1369 2044 atque
1402 1997 1626 2036 Bafileenfes·
1680 1997 1727 2035 Et
1759 2009 1890 2036 Verum
1925 1998 1974 2035 est
1998 2025 2008 2042 ,
2047 2008 2157 2046 prout
2180 2000 2296 2049 vulgo

214 2047 317 2084 bium
341 2049 497 2095 primum
520 2011 732 2098 explicuisl‘e.
786 2049 833 2086 Et
857 2049 937 2086 Lib.
960 2050 1067 2087 VIII.
1105 2050 1224 2089 Athe·
1262 2041 1505 2094 distinguunt,
1535 2049 1576 2084 τῦ
1596 2058 1640 2087 ω’
1662 2047 1926 2097 supervacuum
1950 2048 2009 2086 est.
2064 2048 2156 2088 Illud
2170 2058 2296 2089 tamen

214 2108 320 2133 naeus
338 2099 476 2147 inquit,
503 2099 768 2147 Hydraulicum
791 2099 1070 2138 instrumentum
1083 2100 1226 2140 videtur
1265 2095 1481 2144 Mediceus,
1510 2098 1673 2136 Riccasd-
1699 2101 1737 2137 &
1761 2100 1871 2136 ceteri
1891 2099 1997 2136 MSS·
2020 2098 2132 2137 nostri
2164 2111 2296 2138 omnes·

218 2145 287 2183 effe
323 2148 523 2197 clepsydra.
562 2150 648 2187 Satis
680 2150 814 2188 constat
849 2149 1071 2199 clepsydram
1097 2150 1227 2191 deduci
1264 2153 1423 2185 tuentur.
1475 2151 1602 2197 Quare
1641 2149 1869 2187 distinetione
1906 2149 1978 2186 sola
2025 2156 2142 2186 totam
2191 2150 2295 2188 litem

215 2195 292 2231 α’πὶ)
315 2202 358 2234 τὲ
379 2197 523 2239 undifluo
548 2200 609 2236 uu>
631 2201 682 2237 τέ
705 2198 830 2242 ὕδατος
854 2229 865 2245 ,
890 2213 912 2236 a
940 2199 1163 2248 subducendo
1196 2217 1234 2239 a-
1267 2199 1551 2246 composuimus.
1575 2201 1623 2237 ita
1646 2211 1782 2247 nempe
1804 2199 2046 2246 interpungo:
2067 2197 2101 2246 fi
2118 2199 2215 2244 sorte
2241 2213 2297 2238 me

217 2260 335 2294 quam
365 2249 515 2286 Cir-rm.
542 2250 645 2298 Lege
668 2251 758 2288 infra
783 2252 863 2288 Lib.
885 2251 954 2287 IV.
987 2251 1094 2299 Epist.
1127 2252 1232 2290 XVI.
1268 2247 1491 2296 adpellaſjet,
1515 2250 1572 2287 vel
1592 2248 1647 2285 ille
1660 2248 1866 2294 cuiadeffem
1886 2275 1897 2291 ‚
1923 2248 1980 2284 vel
1999 2247 2056 2285 ille
2080 2259 2193 2295 quem
2207 2260 2297 2288 con-

217 2301 255 2333 &
281 2298 359 2335 Lib.
383 2299 449 2336 VI.
472 2299 578 2349 Epist.
612 2300 658 2337 11.
696 2300 885 2339 Mediceus
908 2313 917 2336 ε
957 2298 1033 2338 huic
1057 2301 1234 2351 fitentium
1269 2304 1322 2333 tra
1348 2325 1358 2341 ‚
1395 2299 1635 2338 intercederem
1666 2311 1709 2336 ef
1746 2298 1921 2334 auxilium
1933 2299 2065 2344 serrem
2088 2305 2155 2334 cet.
2178 2300 2299 2340 &mi—

217 2346 397 2394 clepsydrd
416 2350 572 2388 indicere
587 2378 597 2394 ,
625 2350 722 2388 redte
756 2351 903 2388 fortassis
927 2377 938 2392 ‚
975 2350 1060 2389 licet
1098 2352 1235 2400 reliqua
1274 2357 1334 2381 1‘0r
1348 2374 1358 2390 ‚
1384 2356 1442 2384 tot
1464 2349 1619 2386 editores
1641 2359 1718 2384 non
1741 2345 1954 2396 perspexisse
1970 2375 1980 2391 ‚
2006 2348 2074 2385 hac
2096 2347 2168 2385 sola
2190 2352 2301 2388 ratio-

218 2398 326 2434 ναῖκι
342 2398 437 2442 stare
462 2429 472 2444 ‚
499 2400 622 2438 audire
646 2427 656 2443 ,
683 2401 800 2437 videri
832 2411 898 2448 pro
929 2397 1044 2437 altero
1077 2411 1238 2448 pugnare
1276 2406 1324 2431 ne
1345 2397 1470 2434 locum
1495 2398 1668 2445 persanari
1691 2396 1802 2444 polle.
1859 2397 1956 2434 Nam
1982 2396 2132 2436 dubium
2156 2399 2303 2440 illudes·

219 2446 418 2486 videantur.
473 2451 542 2488 Sed
563 2459 686 2487 amant
710 2450 801 2488 hanc
823 2451 1035 2487 varietatem
1068 2451 1256 2489 orationisz
1277 2443 1351 2482 sive
1398 2446 1607 2485 admittatur
1633 2475 1643 2490 ,
1681 2447 1754 2484 five
1803 2447 2012 2484 excludatur
2037 2476 2047 2492 ,
2086 2450 2303 2498 ineptissime

222 2499 353 2545 optimi
376 2500 584 2548 scriptores,
612 2509 652 2536 ut
674 2501 798 2548 paffim
820 2511 840 2537 a
873 2499 976 2536 nobis
1012 2500 1242 2538 observatum
1277 2495 1394 2532 Plinio
1443 2498 1631 2541 tribuitur,
1658 2505 1697 2533 ut
1745 2498 1880 2534 oratori
1919 2498 1956 2534 &
1990 2495 2122 2537 Cffllffas
2155 2502 2303 2548 agenti,

224 2546 282 2584 est.
335 2549 439 2593 Nec,
468 2551 635 2599 quamvis
666 2550 840 2587 levissima
874 2551 1079 2587 mutatione
1098 2578 1108 2594 ,
1136 2550 1245 2588 refin-
1278 2557 1379 2593 quem
1397 2558 1520 2584 contra
1541 2547 1783 2590 intercederem
1809 2575 1818 2591 ‚
1859 2546 1963 2596 quod
1983 2559 2062 2585 non
2085 2551 2150 2598 qui
2173 2550 2306 2589 cauffas

223 2604 345 2642 gereni
379 2599 593 2649 clepsydram
624 2599 768 2637 indicere
793 2628 802 2643 ‚
850 2611 936 2636 nam
972 2601 1010 2638 ὃ(
1034 2601 1089 2637 ille
1115 2600 1244 2638 Sextus
1278 2597 1373 2647 agit,
1401 2597 1459 2635 sed
1480 2598 1641 2635 tribunus
1665 2597 1772 2641 facit,
1800 2597 1844 2634 de
1867 2609 1944 2646 quo
1966 2605 2090 2636 tamen
2113 2610 2230 2649 aeque
2242 2602 2305 2645 ab-

227 2644 333 2686 Casus
363 2649 419 2687 alii
454 2650 610 2688 Nomini
643 2648 716 2687 sive
740 2648 902 2699 exprello
927 2678 937 2694 ,
974 2649 1048 2688 sive
1079 2650 1246 2688 subintel·
1280 2644 1381 2700 surde
1404 2648 1624 2694 subiungitur
1645 2647 1819 2685 auxilium
1832 2648 1991 2694 ferrem,
2020 2649 2123 2696 quod
2145 2651 2219 2687 iam
2242 2661 2306 2699 per

226 2693 323 2734 letto
344 2699 507 2745 additus,
534 2700 639 2737 suum
663 2699 771 2738 decus
792 2700 924 2744 habet,
953 2699 997 2738 de
1020 2699 1155 2749 quoad
1169 2701 1247 2738 Lu-
1282 2695 1366 2733 illud
1399 2699 1604 2735 intercedere
1637 2697 1856 2734 declaratum
1893 2697 1951 2735 est.
2005 2698 2134 2739 Caussa
2181 2711 2307 2738 corru-

232 2748 308 2784 cani
335 2749 413 2788 Lib.
440 2751 504 2788 III.
534 2762 583 2788 vs.
606 2763 687 2796 440.
726 2751 937 2798 inteligitur
968 2759 1092 2788 autem
1126 2763 1243 2799 quem·
1286 2748 1417 2793 ptionis
1439 2748 1506 2784 fuit
1528 2747 1698 2785 abscisum
1722 2747 1807 2784 iliud
1831 2760 1839 2784 :
1877 2748 1935 2784 vel
1960 2747 2016 2785 ille
2038 2762 2140 2798 quern
2161 2761 2308 2796 contra,

234 2805 363 2877 {ca-m,
391 2802 447 2838 vel
480 2801 623 2838 iudicem
655 2800 798 2837 indicere
821 2829 830 2845 ,
870 2810 978 2849 atque
1003 2803 1048 2839 ita
1074 2801 1154 2837 Lib.
1178 2802 1247 2839 VI.
1283 2798 1365 2841 cui,
1394 2807 1432 2835 ut
1464 2800 1565 2846 saepe
1598 2797 1637 2834 fit
1661 2825 1671 2840 ‚
1707 2799 1918 2846 proximum
1954 2799 2106 2837 verbum
2131 2808 2310 2850 aptarunt.

268 2845 341 2896 pist.
362 2849 408 2887 11.
432 2863 465 2888 n.
489 2852 522 2887 8.
559 2850 698 2887 Etenim
730 2851 957 2888 temerarium
989 2850 1168 2897 existimo,
1197 2851 1250 2889 di-
1285 2848 1336 2886 At
1369 2849 1497 2885 eadem
1530 2849 1704 2886 brevitate
1738 2848 1838 2896 supra
1859 2846 1971 2896 Epist.
1991 2849 2040 2886 V.
2064 2861 2099 2886 n.
2124 2864 2156 2900 5.
2209 2850 2312 2890 Ade-

239 2901 359 2932 vinare
387 2912 492 2948 quam
519 2901 670 2949 spatiosa
694 2899 743 2950 fit
775 2901 895 2950 caussa
916 2901 1080 2939 inaudita
1116 2929 1126 2945 ‚
1163 2914 1251 2938 tem-
1287 2909 1361 2936 ram
1386 2897 1584 2934 Arionillae
1607 2926 1618 2943 ‚
1654 2899 1809 2936 Timonis
1841 2898 1952 2936 uxori.
2004 2900 2154 2948 Regulus
2177 2909 2313 2945 contra.

238 2949 361 2990 pusqm
389 2952 512 2996 negotio
547 2949 647 2988 finire
671 2979 682 2995 ,
718 2952 812 2988 cuius
845 2953 986 2988 modum
1019 2953 1158 3000 ignores.
1213 2953 1252 2989 ὃ(
1287 2950 1310 2986 i.
1349 2949 1486 2986 Aderat
1519 2949 1616 2986 alteri
1650 2950 1741 2997 parti
1773 2955 1900 2985 contra
1934 2949 2163 2989 Arionillam.
2203 2948 2241 2989 ’ὃς
2268 2949 2317 2990 fic

243 2990 370 3045 cidem
394 2995 506 3038 forma
528 3000 659 3049 Sallust.
682 3002 763 3041 Cat.
784 3013 859 3052 cap.
883 3001 997 3041 Ll.n.
1008 3015 1066 3050 40.
1079 3001 1251 3041 ubivide.
1290 3000 1396 3048 adeste
1424 3008 1676 3048 contra.quem
1705 2997 1812 3048 plene
1845 2999 1994 3047 protulit
2026 2999 2134 3049 Epist.
2166 3001 2255 3039 VII.
2281 3014 2317 3039 n.

243 3043 392 3082 (ΛΜΗ,
1295 3062 1326 3087 2.
1357 3057 1414 3087 ita
1445 3061 1503 3088 nec
1522 3047 1607 3098 fidei
1637 3047 1769 3096 nostrae
1787 3077 1797 3094 ,
1819 3061 1895 3137 l<irc
1925 3049 2136 3098 constantiae
2156 3054 2320 3139 convertit

1848 3108 1850 3112 ’
2253 3112 2273 3138 a
2300 3122 2317 3138 ⁹,
