2616 3686
298 203 391 261 164
526 181 1619 240 c.PL1N11CAEC1L11
1688 170 2204 236 SECUNnr

298 281 448 332 retro
483 263 719 335 frigoris.
759 260 994 317 similiter
1033 258 1284 315 Africum
1323 257 1482 322 sistit,
1522 269 1685 330 atque
1723 259 1795 312 ita
1819 258 2192 318 diversissimos
2226 271 2450 319 ventos*

192 335 250 392 18
302 339 315 361 ¹
367 339 525 394 alium
573 336 676 390 alio
722 336 892 390 latere
940 331 1138 404 frangit
1190 331 1246 386 &
1293 331 1427 386 finit.

1504 329 1662 385 Haec
1701 329 2005 400 jucunditas
2042 331 2153 401 ejus
2199 332 2377 390 hieme
2403 374 2421 399 ,

299 412 466 482 major
506 407 716 463 aestate.
792 406 931 461 Nam
967 408 983 428 ‘
1018 418 1140 459 ante
1178 403 1460 458 meridiem
1502 403 1746 474 xystum,
1785 399 1903 473 post
1943 403 2227 459 meridiem
2267 423 2282 449 ³
2326 424 2420 479 gea-

297 483 533 539 stationis
556 518 572 544 ,
606 480 864 552 hortique
902 479 1206 548 proximam
1245 489 1452 545 partem
1491 474 1680 529 umbra
1717 473 1804 528 sua
1841 486 2105 544 temperat
2132 512 2148 537 ,
2185 492 2322 547 quae
2359 492 2422 534 ut

297 556 411 611 dies
451 566 469 591 ⁴
506 553 678 608 crevit
718 551 1067 610 decrevitve,
1106 544 1276 601 modo
1314 546 1563 609 brevior,
1606 545 1777 603 modo
1815 546 2027 615 longior
2052 551 2063 576 ⁵
2093 545 2194 601 hac
2231 549 2314 601 vel
2342 551 2428 606 illa

189 647 247 685 19
294 627 458 684 cadit.
537 624 646 694 Ipsa
686 640 819 678 vero
860 619 1297 700 cryptoporticus
1337 631 1466 672 tunc
1506 618 1741 673 maxime
1780 631 1929 672 caret
1969 618 2078 672 sole
2115 656 2130 680 ‚
2183 634 2311 672 cum
2347 639 2428 676 ar-

191 861 251 897 20

294 697 634 755 dentissimus
672 693 896 750 culmini
934 709 1045 759 ejus
1084 688 1279 745 insistit.

1359 689 1452 743 Ad
1499 689 1604 745 hoc
1643 689 1946 762 patentibus
1984 690 2228 745 fenestris
2281 689 2433 748 favo.

292 776 410 828 nios
451 769 645 837 accipit
674 804 690 830 ,
735 771 753 793 ⁶
792 764 1253 833 transmittitque:
1306 778 1408 815 nec
1447 778 1684 833 unquam
1724 766 1847 816 a'e‘re
1885 761 2136 835 pigro&
2177 777 2433 820 manente

294 840 633 917 ingravescit.
709 837 769 894 In
807 839 983 910 capite
1025 836 1163 908 xysti
1211 834 1468 906 deinceps
1507 836 1978 906 cryptoporticuS,
2015 837 2030 864 ⁷
2070 834 2215 890 horti
2255 836 2435 894 diaeta

295 1055 384 1096 velis
404 1055 561 1094 obduffis
580 1052 821 1101 redict‘lisque:
852 1062 924 1100 qua
950 1048 1069 1086 forma
1082 1048 1325 1087 veliementer

300 1107 500 1146 delectatus
521 1106 578 1144 est.
608 1108 765 1144 CORTE.

349 1171 365 1196 1
398 1157 526 1194 Alium
560 1155 629 1194 alio
661 1167 682 1192 a
715 1151 864 1202 latera]
905 1150 1097 1188 Mediceus
1121 1178 1132 1194 ,
1158 1148 1328 1197 Bongars

300 1209 430 1246 Oxou.
457 1207 655 1246 Lindenbr.
680 1203 898 1243 Helmst.'&
931 1203 1044 1239 Arnz.
1082 1198 1328 1249 Praepositio-

297 1270 387 1296 nem
402 1261 606 1303 omittunt,
634 1256 763 1306 quibus
774 1253 923 1292 accedo.
954 1254 1010 1291 Sic
1025 1253 1196 1299 frangere
1212 1250 1303 1299 saxo
1319 1280 1329 1297 ‚

297 1308 398 1347 litore
413 1338 423 1354 ,
451 1309 556 1346 remis
570 1336 581 1353 ,
610 1307 741 1344 obiecta
754 1333 764 1350 ,
790 1304 879 1342 obice
894 1313 1074 1353 perquam
1087 1301 1213 1339 usitata
1227 1301 1307 1338 sunt
1322 1330 1332 1346 ,

299 1360 339 1397 &
369 1359 583 1407 collegimus
615 1355 798 1407 quaedam
829 1355 875 1393 ad
908 1354 1051 1392 Lucani
1085 1353 1166 1390 Lib.
1189 1352 1258 1389 VI.
1281 1363 1333 1390 vs.

303 1410 388 1447 266.
417 1409 432 1446 Ι
450 1423 474 1446 o
491 1422 512 1447 ε
527 1421 564 1446 M.

2361 910 2438 965 est

1452 1047 1476 1083 6
1504 1042 1776 1096 Transmt'ttit.]
1814 1045 1884 1084 Per
1915 1045 2000 1084 alias
2033 1045 2224 1087 fenestras:
2255 1048 2302 1087 fic
2323 1056 2432 1088 moto

1403 1100 1490 1135 aere
1504 1125 1514 1142 ,
1543 1098 1777 1147 impigroque
1801 1096 2040 1145 refrigeratur.
2071 1098 2103 1135 C
2119 1112 2135 1137 Α
2154 1113 2177 1138 T
2193 1113 2215 1138 Α
2229 1112 2267 1137 N.

1455 1160 1473 1194 7
1505 1149 1610 1185 Horti
1640 1147 1800 1197 diaeta]
1842 1147 1982 1186 structa
2015 1149 2053 1185 in
2085 1149 2209 1188 horto.
2256 1150 2356 1188 Nam
2388 1163 2434 1190 ex

1401 1198 1501 1245 tho
1536 1197 1760 1237 ostendimus
1794 1198 1954 1237 diaetam
1987 1198 2025 1235 in
2056 1199 2171 1238 hortis
2204 1199 2292 1238 fieri.
2319 1201 2437 1241 IDEM.

1404 1249 1558 1298 Legitur
1577 1250 1688 1287 etiam
1711 1255 1834 1295 Zeta.-
1868 1250 1983 1297 Super
2006 1260 2079 1298 qua
2102 1249 2268 1288 dictione
2291 1251 2439 1290 videtur

1404 1301 1495 1338 milii
1522 1311 1656 1349 operae
1668 1302 1828 1350 pretium
1842 1299 1977 1337 referre
1993 1327 2003 1343 ,
2033 1300 2123 1349 quid
2135 1301 2316 1339 haetenus
2329 1311 2436 1349 coma

1403 1351 1572 1399 pererim.
1602 1351 1836 1400 Lampridius
1859 1351 1896 1388 in
1921 1350 2165 1398 Heliogabalo
2180 1380 2190 1396 ,
2221 1352 2353 1390 odores
2375 1357 2437 1389 In-

1408 1401 1499 1439 dicos
1526 1400 1603 1451 fine
1641 1402 1847 1439 carbonibus
1885 1401 1935 1437 ad
1965 1397 2195 1450 vaporandas
2225 1412 2326 1440 zetas
2339 1401 2439 1451 jisffi't

349 1472 369 1496 z
400 1465 499 1499 Ante
533 1458 716 1496 meridiem
756 1453 944 1506 xystum]
987 1455 1088 1503 Quia
1122 1452 1261 1492 aestate
1283 1454 1335 1492 sol
1407 1451 1557 1490 incendi.
1585 1451 1754 1491 Sidonius
1782 1452 1862 1490 Lib.
1886 1450 1952 1488 IX.
2005 1453 2111 1500 Qcod
2124 1454 2328 1502 supradiefo
2341 1463 2440 1491 tam-

298 1508 408 1548 habet
433 1518 558 1548 ortum
579 1510 692 1557 magis
715 1505 1034 1556 septentrionalem
1051 1533 1062 1549 ,
1091 1503 1139 1542 fic
1164 1507 1202 1542 δε
1228 1517 1335 1542 occa-

299 1560 412 1598 sum:
463 1561 563 1602 unde
595 1571 710 1599 mane
738 1557 883 1607 xystum
909 1585 920 1601 ,
968 1557 1106 1606 quippe
1138 1556 1202 1605 qui
1231 1556 1335 1604 juxta

302 1609 466 1650 frontem
480 1611 697 1651 orientalem
710 1608 755 1646 ad
768 1607 962 1648 meridiem
986 1606 1070 1644 fitus
1093 1604 1150 1644 est.
1181 1607 1335 1645 Cri-rm.

356 1673 375 1710 3
407 1661 656 1709 Gestationis]
685 1659 833 1706 Jacebat
856 1659 955 1695 enim
976 1658 1082 1706 juxta
1094 1656 1259 1694 frontem
1273 1668 1337 1695 oc-

305 1711 536 1750 cidentalem.
567 1711 684 1748 lom.
709 1706 956 1756 Gestationis.]
987 1709 1169 1756 Sequutus
1182 1707 1260 1744 sum
1275 1719 1338 1745 co-

307 1761 404 1807 dices
427 1763 642 1801 Modianos.
697 1760 739 1797 In
763 1760 914 1807 vulgato
937 1758 1073 1807 quippe
1111 1758 1239 1806 plurali
1271 1769 1338 1796 nu-

307 1823 440 1859 mero,
464 1811 677 1864 gestationes.
707 1811 898 1849 GRUTER.
947 1808 1125 1846 Modium
1148 1808 1232 1846 vide
1256 1809 1339 1846 No-

307 1865 472 1914 vantiqu.
496 1863 592 1901 dieta
616 1862 671 1900 sae
700 1862 752 1898 ius
775 1860 885 1908 Epist.
908 1858 1032 1897 CVII.
1082 1858 1135 1896 Illi
1170 1858 1340 1907 suffraga-

309 1921 367 1951 tur
389 1914 486 1964 apud
509 1925 577 1951 nos
600 1913 705 1949 Vol.
729 1913 768 1949 ἃ
790 1909 961 1958 Bongars.
989 1909 1059 1947 Sed
1082 1908 1227 1957 pridem
1241 1911 1340 1959 Gry-

310 1965 414 2013 phius
433 1963 633 2016 gestationis
656 1960 842 2005 ediderat,
872 1961 1022 2010 eiusque
1045 1959 1237 2009 descriptio
1262 1989 1283 2006 ,Α
1301 1969 1341 1999 ut

314 2017 444 2063 legitur
467 2028 503 2052 n.
528 2027 583 2064 13.
610 2026 663 2059 14.
686 2023 764 2049 non
788 2011 886 2050 aliud
907 2011 1076 2050 admittit.

361 2078 386 2112 4
412 2067 540 2108 Crevit
572 2061 841 2111 decrevitque.]
883 2060 1077 2100 Manifesta
1111 2059 1161 2097 est
1192 2060 1342 2100 D'ifiun-

316 2115 418 2160 etio,
444 2124 485 2153 ut
500 2117 538 2156 ὅ(
561 2113 745 2163 sequentia
768 2111 984 2149 disiunctive
1008 2110 1221 2148 efferuntur.
1252 2112 1344 2150 Scri-

315 2165 479 2203 bendum
499 2167 645 2216 itaque:
674 2161 784 2200 crevit
808 2161 1007 2200 decrevitve
1031 2189 1042 2204 ‚
1071 2161 1107 2198 id
1131 2161 1235 2209 quod
1258 2162 1343 2199 Me-

316 2216 437 2254 diceus
477 2218 589 2255 etiam
619 2216 787 2264 imperat.
835 2212 934 2252 Vide
953 2211 1000 2250 ad
1024 2212 1165 2249 Lucan.
1190 2211 1272 2250 Lib.
1296 2212 1343 2250 II.

321 2277 370 2304 ts.
400 2267 482 2317 398.

371 2369 499 2413 Altius
519 2368 717 2414 intumuit,
740 2365 928 2417 propiusve
945 2363 1074 2413 acceffit
1099 2363 1256 2416 Olympo.

326 2471 382 2508 Sic
402 2470 492 2509 infra
516 2483 550 2509 n.
573 2484 630 2510 ιτ.
660 2469 747 2508 Velis
770 2468 924 2506 obdui‘lis
945 2466 1145 2504 reductisve
1160 2494 1170 2510 ,
1197 2466 1259 2504 ubi
1271 2477 1351 2515 per-

325 2532 451 2569 peram
474 2521 569 2560 Edd.
591 2521 774 2571 quaedam
795 2519 1023 2567 reduftisque.
1052 2517 1208 2554 Con-sn.

381 2585 398 2620 ς
431 2571 557 2621 Hac.]
598 2573 634 2610 A
669 2571 927 2620 septentrione.
968 2568 1164 2605 Caram.
1207 2565 1354 2617 Optimi

327 2621 520 2661 Mediceus
544 2624 582 2661 ὅ(
606 2621 770 2661 Riccard.
793 2620 857 2658 hac
875 2620 932 2657 vel
955 2618 1010 2656 illa
1044 2617 1151 2655 cadit.
1204 2618 1356 2656 Diceres

329 2674 487 2721 primam
509 2674 667 2712 litteram
689 2671 868 2720 sequentis
890 2669 992 2708 verbi
1006 2667 1123 2705 fraudi
1135 2666 1238 2706 fuisse
1252 2697 1263 2713 ,
1292 2668 1357 2707 nisi

332 2723 537 2762 auftoribus
548 2723 614 2761 illa
627 2734 770 2769 aeque,
798 2732 840 2758 ac
852 2721 932 2758 illac
947 2748 958 2765 ‚
980 2716 1175 2768 placuisset.
1203 2718 1359 2759 Tacitus

336 2774 460 2811 Germ.
474 2785 550 2824 cap.
562 2773 740 2813 XXXIV.
764 2771 876 2821 Ipsum
889 2783 1019 2821 quoque
1029 2774 1208 2807 Oceanum
1216 2770 1273 2808 illa
1285 2781 1361 2808 ten-

338 2824 508 2860 tavimus.
538 2826 594 2862 Sic
616 2823 683 2859 hac
698 2851 708 2868 ‚
735 2823 792 2860 iila
816 2823 1093 2870 circumcursans
1117 2821 1155 2857 in
1176 2821 1361 2859 membra-

337 2874 392 2907 nis
424 2873 601 2911 Terentii.
633 2875 802 2912 Similiter
834 2873 893 2911 illo
917 2901 928 2918 ‚
956 2882 1025 2920 pro
1047 2870 1130 2908 illuc
1154 2870 1192 2907 in
1213 2873 1362 2922 optimis

336 2919 431 2958 libris
446 2949 455 2964 ,
482 2930 522 2959 ut
544 2923 664 2962 multis
688 2922 910 2962 ostendimus
931 2923 978 2962 ad
1000 2922 1144 2961 Lucani
1179 2921 1261 2962 Lib.
1296 2922 1363 2962 ΙΙΙ.

342 2982 393 3011 vs.
425 2985 504 3020 550.

398 3072 486 3109 Huc
508 3072 640 3113 abeunt
659 3069 811 3121 fluam,
838 3070 899 3109 mo
916 3083 1025 3110 man.

349 3126 502 3163 (lourz.

1409 1503 1471 1540 diu
1512 1512 1603 1552 potes
1634 1503 1689 1540 un·
1718 1502 1831 1541 libello
1855 1530 1866 1547 ,
1903 1512 1945 1539 ut
1967 1516 2045 1541 eum
2068 1515 2139 1539 non
2162 1503 2311 1553 amplius
2346 1515 2439 1542 zete-

1410 1552 1489 1591 eula
1524 1563 1590 1591 tua
1623 1565 1734 1602 quam
1764 1553 1934 1590 memoria
1965 1553 2140 1591 includat.
2195 1554 2330 1602 colligi
2352 1554 2440 1593 hinc

1412 1603 1531 1652 potest
1552 1613 1674 1641 zetam
1697 1614 1767 1653 pro
1787 1602 2006 1641 bibliotheca
2027 1603 2199 1653 usurpari.
2245 1605 2316 1643 Sed
2336 1604 2441 1643 Sido-

1412 1656 1463 1693 nii
1495 1653 1754 1692 audioritatem
1787 1655 1823 1692 in
1851 1654 1926 1691 hoc
1959 1664 2039 1691 non
2069 1654 2291 1703 magnifacio
2317 1668 2324 1692 :
2354 1667 2449 1695 cum-

1414 1717 1484 1743 nec
1507 1705 1596 1753 Ulp.
1621 1704 1704 1742 Lib.
1726 1704 1886 1741 XXXII.
1900 1733 1910 1749 ‚
1937 1703 1999 1742 ubi
2022 1703 2067 1742 de
2088 1705 2313 1744 bibliothecis
2325 1707 2442 1746 multa

1415 1754 1570 1800 differit,
1597 1755 1709 1792 ullam
1732 1765 1835 1793 zetae
1857 1756 2091 1793 mentionem
2117 1755 2234 1794 faciat.

1414 1867 1478 1904 per
1500 1858 1651 1905 parietes
1673 1868 1767 1906 aqua
1791 1856 1918 1905 frigida
1952 1856 2208 1904 refrigerabant
2233 1885 2243 1902 ‚
2280 1857 2340 1895 vel
2373 1857 2445 1896 fer-

1416 1908 1520 1945 venti
1541 1907 1811 1946 calefaciebant.
1838 1908 2008 1946 Neratius
2027 1907 2127 1944 huuc
2148 1906 2309 1944 modum
2330 1907 2446 1947 dedu-

1417 1957 1622 1996 cendorum
1656 1958 1859 1996 rivulorum
1903 1969 1968 2006 per
2005 1958 2158 2005 parietes
2199 1964 2316 1995 notat.
2369 1958 2449 1999 Alii

1419 2016 1570 2058 propter
1602 2008 1787 2058 sequentia
1817 2018 1941 2046 zetam
1973 2008 2101 2046 locum
2133 2006 2204 2046 effe
2249 2008 2455 2048 voluerunt·

1417 2061 1522 2098 unius
1544 2059 1629 2098 lecti
1652 2070 1738 2097 cum
1760 2058 1849 2097 sellis
1872 2058 2008 2096 duabus
2031 2086 2041 2103 ‚
2082 2059 2146 2107 qui
2169 2059 2257 2097 velis
2280 2057 2451 2099 obductis

1420 2110 1459 2146 &
1492 2108 1648 2147 reductis
1681 2109 1800 2146 modo
1835 2109 2069 2155 adiiciebatur
2104 2109 2298 2154 cubiculo,
2326 2109 2446 2148 modo

1422 2159 1674 2198 auferebatur:
1706 2160 1744 2196 &
1766 2158 1907 2197 traxisse
1931 2169 2073 2198 nomen
2088 2187 2098 2203 ‚
2126 2161 2307 2210 quoniam
2335 2160 2447 2200 tribus

1421 2221 1441 2247 e
1474 2211 1632 2259 partibus
1665 2208 1835 2247 fenestras
1859 2212 1897 2248 ὅ(
1920 2209 2128 2260 prospe&us
2147 2211 2301 2256 habeat,
2335 2218 2447 2259 atque

1421 2259 1536 2298 solem
1555 2260 1800 2310 multipliciter
1822 2262 1974 2310 accipiat
1996 2289 2007 2306 ‚
2036 2258 2113 2296 ἀπὶ
2133 2263 2192 2296 τοῦ
2211 2260 2282 2311 ζεῖν
2306 2289 2318 2307 ,
2344 2260 2445 2311 quod

1423 2310 1471 2348 est
1482 2312 1636 2358 fervere.
1692 2311 1792 2349 Nam
1814 2311 2006 2350 Homerus
2027 2312 2172 2360 inquit,
2194 2328 2219 2348 ω
2241 2340 2251 2357 ,
2278 2309 2317 2348 δὲ
2341 2306 2442 2347 λιέὄς

1423 2361 1507 2409 ζεῖ,
1535 2362 1571 2400 id
1609 2362 1658 2401 est
1683 2389 1693 2405 ,
1730 2373 1772 2400 ut
1807 2371 1927 2400 autem
1954 2361 2039 2401 lebes
2054 2363 2200 2410 fcrvet:
2231 2359 2374 2412 quando
2399 2356 2445 2414 85

1426 2411 1673 2451 heliocaminus
1697 2414 1734 2451 in
1753 2414 1825 2462 ipsa
1846 2424 1939 2451 zeta
1954 2415 2167 2464 ponebatur.
2190 2413 2248 2450 vel
2266 2405 2350 2443 ἀπὶ
2375 2418 2435 2458 τον·

1423 2463 1483 2512 <viv
1506 2492 1516 2508 ,
1555 2463 1660 2514 quod
1691 2465 1729 2501 in
1763 2475 1805 2502 ea
1836 2464 2134 2503 commodissime
2164 2464 2315 2510 vivatur..
2363 2451 2434 2489 Ah!

1423 2517 1582 2553 omnino
1615 2513 1790 2552 mendam
1825 2515 1961 2564 ubique
1994 2509 2180 2553 inolevisse
2213 2510 2251 2545 &
2279 2505 2436 2541 ductam

1421 2563 1631 2613 legendum.
1687 2565 1787 2603 Nam
1820 2574 1959 2614 praeter
1990 2563 2101 2603 fidem
2124 2565 2286 2595 veterum
2309 2563 2435 2607 exem-

1424 2616 1577 2664 plarium
1610 2616 1680 2654 hac
1710 2623 1863 2653 utuntur
1894 2617 2033 2652 ratione
2055 2638 2067 2654 2
2095 2605 2200 2665 ,(ἷῦοὀ
2234 2614 2318 2640 cum
2342 2613 2437 2657 Pslus

1428 2667 1548 2704 diaeta
1573 2669 1611 2705 δε
1633 2667 1755 2704 ziaeta
1778 2666 2003 2706 scriberetur,
2029 2655 2272 2713 indifferenter
2294 2653 2318 2688 d
2345 2664 2398 2708 3¹¹.
2413 2667 2439 2691 ²¹

1428 2719 1576 2755 mutatis
1590 2746 1600 2762 ‚
1628 2726 1668 2755 ut
1693 2716 1892 2754 Medentius
1911 2713 2113 2750 Mezentius
2134 2702 2440 2740 auctorePnscm-

1430 2779 1502 2805 no:
1532 2768 1654 2817 postea
1677 2779 1721 2805 ex
1745 2766 1864 2811 ziaera
1885 2763 2048 2808 scriptum
2073 2753 2142 2793 esse
2166 2765 2246 2810 tcta
2272 2782 2281 2797 ‚
2310 2764 2441 2810 t-’Qrum

1432 2819 1562 2857 inscitia
1578 2847 1588 2862 ,
1615 2819 1678 2867 qui
1701 2814 1901 2852 nesciebant
1921 2810 2074 2846 ziaetam
2100 2806 2138 2842 ὅτ
2159 2804 2318 2842 diaetam
2343 2803 2442 2842 idem

1435 2868 1515 2907 effe.
1544 2869 1625 2905 Nec
1648 2866 1760 2903 obstat
1782 2860 1882 2910 quod
1903 2869 1995 2907 aqua
2017 2854 2195 2893 calefieret
2222 2884 2232 2899 ,
2260 2866 2345 2892 nam
2369 2854 2445 2891 hoc

1435 2915 1730 2956 commodissime
1752 2911 1825 2947 fieri
1848 2915 1987 2956 poterat
2010 2908 2127 2944 diaeta
2152 2933 2161 2948 ,
2201 2907 2235 2943 in
2262 2916 2373 2954 quam
2412 2903 2447 2942 se

1434 2968 1541 3014 recipi
1563 2966 1705 3001 solitum
1730 2958 1968 2997 Saturnalibus
1989 2958 2034 2994 ad
2066 2957 2179 2994 studia
2212 2955 2357 2993 testatur
2388 2956 2450 2993 Se—

1436 3014 1583 3052 cundus.
1612 3013 1644 3048 C
1658 3023 1679 3046 A
1694 3023 1717 3047 τ
1733 3022 1752 3045 Α
1769 3020 1804 3044 Ν.
1835 3006 2006 3056 Diaeta]
2038 3014 2124 3044 Zeta
2151 3007 2197 3045 est
2211 3009 2247 3044 in
2261 3007 2358 3056 vulg.
2372 3003 2454 3059 edd.

1438 3072 1523 3104 vett.
1544 3064 1633 3103 item
1655 3061 1692 3099 in
1713 3059 1788 3100 Pal.
1811 3059 2000 3098 Gau-rea.
2051 3058 2207 3098 Dicium
2233 3057 2335 3106 supra
2358 3056 2461 3095 ‘ad-”n-

2410 3115 2478 3151 ΞΖ),

2313 1768 2339 1793 u
2448 1774 2450 1776 v

1415 1806 1630 1844 arbitrantur
1654 1816 1776 1843 zetam
1798 1807 1924 1844 locum
1946 1834 1957 1852 ‚
1985 1817 2098 1855 quem
2121 1807 2261 1857 antiqui
2272 1755 2455 1846 (dediiaclg
