2616 3686
562 212 1075 273 C.PL1N11
1145 203 1652 259 CAECILII
1722 202 2236 258 S'ECUNDI

511 303 686 358 Ptime
712 298 882 361 facis,
923 292 1078 368 quod
1119 299 1133 322 ¹
1172 291 1374 346 bellum
1398 287 1664 344 Dacicum
1691 284 1923 339 scribere
1952 302 2120 358 paras.
2185 288 2326 345 Nam
2358 306 2491 363 quae

512 393 619 434 tam
643 391 860 435 recens,
904 384 1014 425 tam
1039 366 1286 440 copiosa,
1326 370 1342 394 ²
1383 377 1492 417 tarn
1517 362 1650 425 lata,
1691 376 1833 434 quae
1861 360 2098 434 denique
2123 375 2232 417 tam
2258 365 2492 435 poetica,

313 459 410 513 2&
453 458 808 528 (quanquam
861 449 916 501 in
951 443 1231 500 verissimis
1266 439 1468 512 rebus)
1520 451 1631 492 tam
1671 442 1685 469 ³
1725 434 1963 491 fabulosa
2016 439 2274 502 materia?
2327 439 2492 495 Dices

352 541 372 570 ⁴
411 529 635 586 immiffa
661 525 818 580 terris
842 538 984 576 nova
1011 519 1266 578 flumina,
1302 520 1316 548 ⁵
1356 529 1530 568 novos
1557 524 1750 585 pontes
1778 509 2093 567 fluminibus
2115 511 2369 583 injestos,
2412 515 2496 569 in·

353 607 477 664 sessa
502 603 679 659 castris
719 602 738 628 ⁶
777 595 1049 651 montium
1087 591 1350 662 abrupta:
1407 586 1616 659 pnlsum
1650 588 1794 658 segia
1823 623 1839 648 ²
1887 591 1905 621 ⁷
1942 585 2152 656 PUIsum
2192 589 2353 643 etiam
2388 590 2497 644 Vita

347 232 443 301 558

354 696 539 759 regem
578 680 594 749 ξ
633 673 764 731 nihil
786 668 1179 741 desperantem.
1244 663 1417 735 Super
1448 660 1579 717 haee
1605 660 1748 717 acios
1780 661 1858 715 bis
1882 661 2216 735 triumphos:
2255 664 2493 736 quorum

2361 738 2496 794 alter

408 866 440 893 1.
468 855 601 894 Bellum
625 845 838 898 Dacicum-J
875 843 992 894 Quod
1016 851 1143 883 contra
1157 840 1387 882 Decebalum
1420 863 1423 868 -
1466 843 1571 876 erunt
1588 835 1752 882 fortass'e,
1778 837 1908 888 quibus
1928 836 2027 876 idem
2048 837 2224 878 hocloco
2248 838 2395 887 placeat.
2421 838 2501 888 Ipse

355 904 499 953 Regem
517 906 697 956 Trajanus
718 899 822 950 gessit
834 911 842 937 :
855 897 901 936 de
919 907 996 946 quo
1013 895 1091 933 Dio
1116 891 1391 933 LibLXVllI.

354 956 417 1004 qui
437 957 599 994 omnino
616 952 810 1003 legendus,
836 949 876 987 iis
893 974 904 993 ,
927 958 1020 997 quae
1037 946 1215 996 subjungit
1241 943 1390 988 Noster,

357 1005 490 1046 rectius
512 1003 763 1055 intelligendis.
793 1001 818 1038 B
831 1014 854 1037 u
868 1009 890 1036 c
903 1010 927 1035 a
939 1011 961 1035 n
974 1011 995 1036 ε
1008 1011 1048 1036 n.
1146 1045 1152 1052 ⁸

409 1069 445 1096 2.
473 1056 656 1096 Tamlata
669 1083 680 1100 ,
700 1065 794 1104 quae
813 1050 958 1100 denique
981 1058 1058 1087 tam
1066 1049 1232 1097 poeticas]
1263 1044 1389 1083 Mern-

357 1107 510 1147 branae:
539 1118 616 1146 tam
635 1108 704 1145 late
722 1104 864 1153 denique
884 1111 960 1138 tam
983 1098 1131 1149 poetica,
1157 1106 1197 1136 ut
1215 1093 1392 1145 reliquisse

359 1158 523 1197 videatur
532 1173 543 1202 ;
568 1169 645 1199 tam
669 1157 769 1201 lata.
798 1153 940 1203 denique
955 1161 1031 1188 tam
1045 1148 1175 1200 poetica
1199 1176 1211 1192 ,
1247 1145 1392 1196 abjecto

357 1210 597 1248 Pronomine.
648 1207 773 1246 Video
807 1213 932 1243 tamen
968 1200 1072 1238 fimul
1106 1198 1265 1255 caussam
1284 1226 1295 1244 ,
1321 1207 1394 1247 qua

358 1261 543 1309 corrumpi
563 1262 681 1309 potuit
698 1256 872 1300 librarius,
900 1252 1070 1306 ideoque·
1078 1250 1164 1288 nihil
1183 1256 1304 1306 muto.

413 1322 447 1358 3.
474 1309 687 1359 Fabulosa.]
717 1305 883 1346 Miranda
902 1305 940 1341 ὃ(
963 1302 1281 1348 tabulisproxima.
1309 1298 1395 1337 Hu-

352 1363 412 1413 jus
431 1360 669 1410 expeditionis
688 1367 828 1409 praeter
846 1356 932 1394 alios
951 1352 1155 1390 meminere
1172 1350 1343 1389 Eusebius
1356 1352 1394 1390 in

359 1411 550 1450 Chronisis
571 1439 582 1454 ‚
611 1413 655 1449 &
687 1408 908 1448 Claudianus
944 1405 982 1443 in
1019 1401 1180 1442 laudibus
1207 1402 1395 1442 Honorii:

358 1474 516 1515 quorum
542 1461 715 1510 posterior
733 1459 869 1510 inquit:

607 1570 615 1574 “
695 1568 766 1600 Nec
795 1560 861 1598 tali
884 1556 1020 1608 publica
1047 1567 1133 1596 vota

410 1616 579 1665 consensu
592 1613 749 1658 ,tradunt
767 1610 871 1650 atavi
890 1609 1019 1658 caluisse
1031 1617 1089 1657 per
1107 1605 1218 1645 orbem
1229 1606 1242 1646 ,⁴

406 1666 545 1710 ,Dacica
563 1667 753 1714 bellipotens
771 1675 846 1698 cum
861 1662 999 1709 fregerit
1022 1657 1138 1709 Ulpius
1155 1661 1275 1695 arma:

412 1723 535 1767 Atque
553 1717 772 1764 indignantes
786 1714 823 1749 in
838 1711 923 1757 jura
945 1709 1107 1758 redegerit
1128 1709 1260 1747 aretas,

411 1773 505 1804 Cum
519 1768 651 1804 cinxere
664 1767 758 1810 faces
779 1761 942 1811 Hypanin
955 1776 966 1797 .-
995 1762 1190 1809 mjraaeaque
1206 1756 1288 1805 leg&

415 1820 619 1863 ‘Romanum
631 1816 764 1867 stupuit
785 1812 951 1851 Maeotica
970 1821 1064 1849 terra
1079 1807 1256 1855 tribunal.

361 1920 474 1968 Julius
491 1920 600 1959 etiam
622 1915 814 1956 Frontinus
838 1915 880 1953 'in
901 1911 1132 1962 vpraefatione
1156 1909 1202 1948 ad
1219 1908 1370 1948 'Celsum
1383 1937 1394 1955 ,

362 1972 409 2010 de
436 1972 682 2009 mensurarum
699 1967 837 2005 ratione
852 1993 863 2011 ,
886 1965 992 2015 hujus
1008 1961 1245 2012 expeditionis
1263 1961 1396 2000 memi-

363 2025 428 2061 nit.
455 2022 488 2059 C
500 2035 522 2058 Α
535 2035 556 2057 τ
573 2034 594 2057 Α
609 2034 645 2057 Ν.

415 2085 448 2118 4.
476 2071 665 2120 Immiffa]
694 2065 896 2106 Commissa
911 2077 1002 2115 ‚per
1020 2071 1164 2114 pontes.
1187 2066 1285 2102 Nam
1306 2063 1395 2102 novi

308 2131 311 2133 ’
363 2123 401 2160 ὅτ
426 2122 578 2161 mirandi
597 2119 715 2170 operis
733 2127 887 2167 pontem
908 2117 1030 2154 struxit
1046 2115 1148 2164 super
1168 2115 1393 2152 Danubium:

363 2184 448 2211 cum
471 2185 557 2211 eum
581 2184 659 2210 non
685 2167 798 2218 posset
828 2178 976 2217 propter
1013 2177 1173 2204 coenum
1203 2165 1394 2204 divertere.

366 2225 426 2262 Vel
442 2224 528 2262 imm
535 2222 588 2273 ffa
609 2222 626 2271 l
658 2222 698 2258 ln
720 2231 861 2257 novum
883 2220 1031 2257 alveum
1053 2216 1225 2255 traducta.
1269 2218 1395 2264 §arge-

364 2277 450 2313 tiam
471 2275 569 2312 enim
602 2273 740 2311 flumen
763 2298 773 2315 ,
804 2271 908 2320 juxta
938 2267 1099 2306 Decibali
1125 2267 1260 2316 regiam
1285 2295 1296 2310 ,
1331 2278 1396 2315 per

362 2327 427 2364 alia
447 2325 625 2370 deduxit,
662 2320 764 2372 quod
797 2328 947 2357 mortuo
979 2328 1064 2366 rege
1088 2326 1317 2366 compererat
1334 2317 1395 2355 sub

362 2377 424 2415 illo
444 2375 624 2414 thesauros
645 2372 831 2411 conditos:
854 2371 1018 2420 quamvis
1039 2379 1101 2417 per
1130 2368 1306 2418 quosdam
1334 2379 1393 2406 ca-

366 2429 485 2475 ptivos
507 2426 644 2464 flumen
669 2422 858 2461 Decibalus
875 2420 1095 2466 divertisset,
1123 2422 1161 2457 δε
1182 2420 1296 2457 solum
1320 2420 1396 2467 ejus

365 2476 541 2515 effodiffet
565 2505 575 2522 ,
601 2488 642 2514 ac
658 2474 704 2513 ibi
727 2474 924 2511 maximam
944 2473 1020 2510 auri
1043 2474 1080 2510 ὃ(
1101 2471 1235 2519 argenti
1251 2470 1395 2518 copiam

364 2536 638 2576 ceterarumque
671 2535 789 2563 rerum
813 2523 1049 2572 preciosarum
1065 2551 1075 2567 ‚
1097 2532 1190 2570 quae
1210 2522 1395 2569 corrumpi

365 2579 408 2616 ab
436 2590 529 2628 aqua
549 2590 624 2615 non
647 2582 813 2624 poterant
834 2602 842 2616 ‚
871 2572 1095 2622 congeffiss‘et
1115 2600 1126 2615 ‚
1163 2584 1205 2610 ac
1224 2572 1395 2620 lapidibus

365 2638 508 2667 antrum
527 2626 750 2666 conclusisset
773 2638 780 2661 :
819 2624 950 2663 deinde
984 2624 1156 2662 fluentem
1184 2621 1398 2671 ›superindu-

365 2678 476 2718 xisset.
529 2680 581 2717 At
605 2678 716 2717 Bicilis
737 2676 884 2724 quidam
914 2678 1001 2724 regi3
1030 2676 1167 2713 amicus
1192 2674 1277 2711 faeti
1307 2684 1395 2711 con-

363 2730 450 2768 scius
483 2742 503 2768 a
543 2728 718 2767 Romanis
753 2734 875 2774 captus
909 2738 985 2764 rem
1026 2726 1172 2764 detexit.
1207 2724 1398 2762 CATAN.

367 2781 575 2818 Mediceus:
604 2779 737 2828 inmiffa
761 2785 866 2814 terras
887 2790 980 2814 nova
990 2776 1143 2826 flumina
1157 2805 1167 2821 ,
1196 2774 1296 2825 quod
1316 2775 1396 2813 alibi

368 2830 553 2874 probarem
580 2859 590 2874 ,
628 2839 668 2867 ut
691 2827 774 2868 illud
805 2829 949 2877 Apuleji
971 2828 1074 2866 VIII.
1107 2829 1257 2865 Metam.
1278 2826 1398 2863 timore

368 2882 427 2912 hoc
448 2879 543 2916 inam·
560 2881 726 2928 perfuncti
747 2880 838 2926 longe
852 2880 973 2927 pejores
991 2878 1206 2917 inhaesimus
1225 2878 1395 2926 laqueos,

368 2935 406 2963 ut
427 2927 570 2965 Sallustii
591 2930 656 2965 III.
683 2930 772 2965 Hist.
798 2930 989 2966 incumbere
1009 2943 1112 2966 arma
1133 2958 1144 2974 ‚
1167 2929 1323 2966 Senecae
1342 2927 1397 2963 in-

370 2976 522 3012 cumbere
558 2977 690 3019 hallam
716 3006 726 3022 ‚
771 2977 933 3014 Maronis
969 2981 1154 3026 irrumpere
1186 2978 1361 3016 thalamos
1383 3002 1395 3019 ,

1461 895 1586 977 {xanssen
1623 888 1809 936 vulgatam
1848 888 1964 927 servo.
2000 887 2097 927 Vide
2132 889 2224 928 infra
2241 889 2348 939 Epist.
2367 889 2496 930 XVII.

1513 1001 1549 1038 5.
1573 993 1693 1027 Novas
1707 987 1860 1039 pontes.]
1886 987 1930 1026 ln
1951 989 2079 1038 quibus
2095 989 2305 1029 admirabilis
2321 991 2498 1037 maxime,

1459 1051 1575 1090 quem
1593 1039 1767 1079 Danubio
1784 1038 1954 1088 imposuit
1969 1039 2148 1088 TraJ'anus
2160 1069 2172 1087 ,
2189 1041 2235 1081 de
2257 1052 2332 1092 quo
2357 1040 2499 1091 Lipsius

1463 1091 1542 1129 Lib.
1566 1090 1632 1129 111.
1660 1092 1786 1140 Magn.
1811 1092 1924 1127 Rom.
1951 1100 2027 1138 cap.
2045 1090 2150 1128 XIII.

1515 1141 1551 1180 6.
1577 1141 1756 1180 Montium
1778 1139 1968 1189 abrupta]
2008 1139 2201 1189 Postquam
2222 1141 2292 1190 ipsa
2310 1149 2499 1192 praerupta

1464 1193 1504 1231 &
1526 1193 1714 1231 montium
1735 1192 1925 1230 cacumina
1957 1190 2200 1228 conscendere
2223 1192 2400 1239 aggrefl'us
2425 1193 2496 1238 est,

1464 1243 1625 1281 tumqus
1646 1254 1692 1281 ex
1717 1243 1864 1281 tumulis
1886 1267 1897 1284 ,
1920 1250 2010 1278 -cum
2027 1241 2193 1279 maximis
2211 1242 2371 1289 periculis
2389 1255 2501 1282 occu.

1465 1305 1574 1344 pans,
1601 1294 1639 1331 &
1660 1292 1705 1331 ad
1724 1293 1834 1343 ipsam
1856 1291 2048 1329 Dacorum
2071 1292 2206 1340 regiam
2229 1291 2391 1340 impulit,
2419 1293 2458 1330 δι
2477 1303 2500 1331 a

1463 1353 1566 1394 tergo
1596 1345 1730 1383 Lucius
1761 1343 1881 1381 hostes
1912 1341 2088 1390 aggrefl’us
2112 1370 2124 1387 ,
2157 1342 2277 1380 multis
2305 1342 2502 1382 interfectis

1464 1396 1582 1486 plures
1600 1395 1761 1444 captivos
1776 1393 1874 1433 fecit.
1900 1393 2015 1433 Dion.
2044 1392 2112 1430 Ca
2125 1405 2147 1431 τ
2160 1404 2184 1430 Α
2197 1405 2236 1432 Ν.
2262 1392 2393 1432 Lucan
2420 1394 2503 1435 Lib.

1507 1448 1538 1487 1.
1561 1457 1614 1485 vs,
1639 1448 1696 1485 16.

1514 1526 1698 1578 Qemque
1709 1534 1813 1564 vocat
1830 1523 1945 1564 collem
1959 1522 2166 1563 Taulantius
2175 1521 2285 1561 incola
2296 1529 2447 1573 petram

1518 1601 1650 1642 Insedit
1666 1603 1793 1643 castris.

1494 1663 1554 1711 ·7.
1580 1652 1764 1704 Pulsum]
1792 1654 1974 1692 Privatum
1996 1666 2005 1690 ε
2033 1664 2118 1692 nam
2145 1653 2363 1705 Decimius,
2387 1666 2427 1698 ut
2444 1663 2502 1699 re:

1467 1714 1564 1761 giam
1582 1704 1752 1750 suarm&
1775 1705 1976 1744 universam
1995 1706 2183 1753 regionem
2204 1715 2345 1756 captam
2370 1710 2413 1748 ab
2431 1710 2502 1750 ho·

1467 1755 1572 1794 stibus
1593 1755 1681 1812 vidit
1703 1783 1714 1799 ‚
1741 1765 1944 1806 parumque
1964 1754 2079 1795 abess'e
2099 1757 2188 1805 quin
2207 1767 2414 1806 caperetur,
2441 1760 2501 1802 fibi

1468 1817 1596 1864 manus
1613 1807 1752 1851 intulit,
1779 1809 1928 1858 ejusque
1945 1815 2051 1856 caput
2068 1807 2229 1845 Romam
2248 1808 2406 1850 delatum
2429 1813 2498 1852 est:

1465 1857 1551 1897 inde
1587 1864 1665 1896 tota
1696 1857 1817 1901 Dacia
1852 1858 2029 1897 Romanis
2065 1858 2181 1908 paruit
2215 1860 2262 1897 im
2268 1861 2383 1909 periIs.
2418 1862 2501 1902 CA-

1473 1920 1498 1947 21·
1512 1921 1586 1948 ΑΝ.

1523 1960 1558 2000 8.
1591 1959 1693 1999 Nihil
1723 1959 1996 2011 desperantem]
2033 1961 2246 2010 Antequam
2280 1962 2374 2011 regia
2392 1969 2498 2014 cape}

1467 2017 1576 2050 ret-ur.
1638 2013 1907 2050 Verumtamen
1945 2012 2075 2050 Graeci
2121 2013 2265 2051 tradunt
2298 2013 2490 2054 extimuisse

1469 2061 1621 2112 Trajani
1649 2063 1684 2100 in
1706 2061 1740 2100 se
1760 2070 1905 2101 motum
1931 2074 1940 2099 :
1983 2069 2111 2111 utpote
2130 2075 2207 2101 non
2228 2065 2389 2111 ignarum
2404 2065 2488 2115 pn'us

1468 2124 1545 2150 non
1568 2115 1779 2157 Romanos,
1807 2113 1865 2151 sed
1879 2113 2136 2150 Domitianum
2159 2114 2297 2153 vicisse:
2322 2123 2410 2154 *tunc
2428 2125 2487 2152 ve-

1468 2174 1510 2201 ro
1532 2164 1668 2201 bellum
1687 2163 1870 2211 gesturum
1884 2192 1895 2208 ,
1923 2163 1961 2200 δε
1983 2172 2110 2201 contra
2130 2164 2322 2204 Romanos
2339 2168 2376 2204 &
2397 2164 2432 2202 T
2433 2174 2486 2202 ra-

1461 2215 1591 2264 janum
1612 2214 1873 2263 Imperatorem
1898 2226 1905 2253 :
1942 2214 2044 2263 cujus
2064 2216 2215 2253 virtutes
2243 2245 2253 2260 ,
2293 2214 2484 2266 praesertim

1466 2266 1605 2304 bellicas
1641 2264 1905 2303 admirabantur
1934 2275 2077 2303 omnes.
2129 2266 2258 2304 Victus
2291 2269 2387 2316 igitur
2419 2266 2490 2313 pri-

1469 2328 1574 2354 mum
1593 2327 1722 2366 pacem
1740 2318 1887 2364 petitam
1907 2315 2134 2363 impetravit,
2151 2316 2264 2366 juffus
2279 2327 2370 2354 arma
2382 2343 2392 2359 ,
2411 2326 2491 2353 ma·

1467 2368 1588 2406 chinas
1602 2395 1612 2411 ,
1639 2368 1678 2405 &
1697 2377 1821 2405 earum
1844 2365 1991 2415 opifices
2011 2394 2022 2410 ‚
2049 2367 2315 2416 transfugasque
2333 2365 2494 2411 tradere,

1468 2418 1506 2456 &
1545 2419 1682 2456 castella
1717 2416 1885 2457 demoliri
1902 2444 1913 2461 ,
1952 2417 2123 2456 abstinere
2149 2431 2169 2456 a
2189 2418 2330 2466 regione
2365 2425 2464 2465 capta
2479 2443 2491 2460 ,

1468 2469 1605 2507 amicos
1626 2496 1637 2513 ,
1673 2469 1712 2506 ὃς
1747 2469 1864 2506 hostes
1905 2468 2082 2506 Romanis
2099 2469 2180 2506 suos
2197 2476 2318 2517 putare
2338 2467 2494 2504 eosdem.

1470 2520 1511 2558 In
1531 2521 1592 2558 has
1613 2527 1738 2557 tamen
1759 2519 1985 2558 conditiones
2006 2520 2138 2558 invitus
2149 2518 2336 2556 conceffit:
2364 2512 2492 2551 deinde

1433 2558 1436 2592 ¹
1469 2571 1674 2620 Trajanurn
1697 2570 1841 2615 adiens,
1872 2570 2024 2608 &humi
2037 2569 2293 2617 procumbens,
2319 2562 2491 2600 adoravit.

1472 2622 1597 2670 Legati
1617 2622 1660 2659 ab
1681 2633 1727 2659 co
1740 2621 1784 2659 ad
1798 2622 1971 2659 Senatum
1983 2620 2074 2657 miffi
2086 2645 2096 2660 ‚
2129 2618 2167 2653 &
2175 2623 2301 2667 pacem
2318 2637 2326 2652 .
2341 2612 2377 2648 ὃ(
2390 2623 2489 2651 arma

1473 2673 1710 2721 impetrarunt
1723 2700 1732 2716 ,
1755 2684 1820 2721 pro
1840 2672 1966 2720 quibus
1987 2668 2161 2713 Trajanus
2182 2660 2437 2707 triumphavit,
2451 2665 2491 2702 ὃς

1473 2723 1598 2761 Dacici
1617 2734 1829 2771 cognomen
1843 2720 1988 2767 accepit.
2015 2713 2082 2751 Sed
2107 2711 2294 2760 postquam
2308 2715 2488 2752 renuncia-

1473 2773 1574 2811 batur
1588 2802 1596 2817 ,
1610 2772 1820 2811 Decibalum
1844 2777 1965 2807 contra
1984 2762 2127 2817 foedera
2145 2761 2258 2816 multa
2274 2770 2408 2809 patrare
2420 2791 2429 2808 ,
2441 2777 2497 2803 ar.

1472 2836 1532 2861 ma
1553 2835 1675 2872 parare
1699 2850 1710 2866 ,
1738 2821 1928 2868 legationes
1951 2813 2000 2859 ad,
2015 2811 2185 2866 finitimos
2211 2820 2352 2850 mittere
2375 2842 2386 2858 ,
2414 2828 2491 2855 non

1472 2884 1636 2922 parentes
1656 2871 1812 2918 imperiis
1832 2859 2256 2916 depopulari3Jazygibus
2270 2872 2404 2910 partem
2419 2867 2491 2914 agri

1471 2922 1641 2961 ademisse
1653 2949 1663 2964 ‚
1675 2921 1823 2957 Senatus
1834 2909 2163 2966 hostemjudicavlt,
2177 2913 2215 2949 ὅ(
2228 2913 2404 2964 Trajanus
2416 2929 2491 2955 non

1469 2984 1532 3020 per
1554 2973 1708 3019 legatos,
1731 2967 1788 3004 sed
1808 2964 1877 3011 ipsc
1897 2969 2069 2998 exercitus
2090 2960 2162 2999 dux
2183 2962 2340 3003 secundo
2358 2966 2490 3006 bellum

372 3027 510 3063 Lucani
530 3027 711 3075 irrumpere
730 3027 861 3063 animos
884 3054 893 3069 ,
912 3028 1026 3070 fines,
1054 3030 1179 3076 insilire
1196 3029 1333 3076 puppim
1354 3026 1392 3062 &
1430 3025 1433 3070 ζ
1467 3021 1603 3058 ῐΠῐῑΙῙΪῑῑ
1632 3020 1667 3056 in
1688 3027 1764 3064 quo
1780 3013 1862 3069 post·
1880 3011 1991 3048 mmm
2015 3011 2320 3068 djschhUhOste
2332 3016 2374 3054 ad
2389 3019 2494 3056 inser-

366 3079 431 3122 alia
453 3105 463 3123 ‚
502 3087 593 3128 quac
627 3076 705 3115 vide
743 3077 787 3115 ad
819 3077 955 3114 Lu3ani
987 3077 1062 3117 Lib.
1084 3079 1145 3119 lx.
1176 3091 1214 3117 vs
1239 3069 1325 3126 ⁴252.
1353 3075 1392 3114 ὃ(
1429 3074 1435 3136 ζ
1465 3070 1659 3109 necionem
1680 3063 1837 3104 deducto
1856 3069 1984 3102 iterum
1999 3064 2238 3112 triumphavit.
2270 3068 2413 3106 Inar-¹.
2483 3064 2491 3067 ”

2343 3133 2355 3158 1
2401 3124 2493 3157 Haec
