2616 3686
490 183 841 241 LIBER
910 180 1054 234 VIII.
1123 181 1693 235 EPISTOLA
1759 186 1903 238 XIV.

2169 195 2280 264 ‘587

150 273 368 354 petituri
390 275 406 303 ¹
427 266 740 325 adiistebant
763 263 944 320 curiae
965 260 1196 330 foribus,
1236 262 1292 316 δε
1319 262 1521 315 confilii
1546 261 1750 333 publici
1779 264 2100 334 spe-&atores
2127 286 2274 327 ante-

139 344 311 427 fquam
334 345 610 403 consortes
635 352 801 397 erant.
878 339 1017 392 Suus
1051 338 1248 409 cuique
1272 352 1459 409 parens
1487 353 1587 407 pro
1600 336 1860 406 magistro
1887 379 1910 402 δ
1956 353 2046 393 aut
2073 344 2161 395 cui
2182 361 2265 415 pa.
2282 362 2314 402 6

140 443 267 483 :rens
286 440 396 479 non
421 434 568 484 erat,
610 423 627 447 ²
650 416 913 471 maximus
937 413 1166 485 quisque
1191 411 1245 465 &
1275 409 1648 466 vetustillimus
1671 428 1772 482 pro
1798 426 2039 483 parente.
2077 419 2092 447 ³
2113 416 2269 487 Quae

145 498 375 575 potestas
399 492 750 551 referentibus
774 528 790 554 ,
825 486 980 562 quod
1004 492 1024 521 ⁴
1049 486 1384 542 censentibus
1406 484 1490 555 jus
1507 525 1524 550 ‚
1555 503 1694 559 quae
1718 491 1732 520 s
1757 502 1834 539 VIS
1860 486 2070 557 magistr
2075 502 2122 541 at
2131 493 2269 557 ibus,

137 565 283 650 *quae
302 573 493 629 ceteris
514 568 768 625 ‘libertas
786 603 804 630 ,
843 563 936 619 ubi
961 568 978 600 ⁷
1000 560 1309 617 cedendum
1326 599 1342 624 ,
1361 562 1454 616 ubi
1476 559 1826 615 resistendum
1843 600 1859 626 ,
1902 562 1919 589 ⁸
1941 562 2094 634 quod
2117 562 2269 620 silen-

71 634 79 641 ’
138 639 205 706 di
231 663 471 722 tempus,
509 646 627 720 quis
650 638 873 698 dicendi
899 636 1094 693 modus
1120 679 1138 707 ,
1185 652 1324 711 quae
1344 645 1363 672 ⁹
1387 635 1652 692 distinffio
1678 637 2034 709 pugnantium
2055 637 2270 695 senten,

201 809 236 839 1.
258 794 479 848 Adststebane
509 791 621 831 curiae
640 790 811 842 foribus]
849 787 1008 837 Iuvenes
1026 787 1177 828 Senatus

133 849 205 889 .die
223 875 235 895 ,
260 849 340 887 Val.
365 849 467 885 Max.
492 844 670 884 referente
694 870 706 889 ,
737 843 895 892 aliquem
929 852 974 880 ex
994 841 1172 890 patribus,

133 908 207 938 faut
238 898 480 948 propinquum
501 924 513 941 .
551 902 613 933 aut
642 902 832 943 paternum
865 893 1024 930 amicum
1045 891 1090 929 ad
1109 902 1170 929 cu·

133 951 234 988 iriam
255 948 432 987 ducebant
449 976 462 994 ,
489 946 659 996 affixique
681 946 791 984 valvis
807 943 1043 993 expectabant
1064 971 1076 988 ‚
1103 941 1173 979 do-

136 1011 214 1040 nec
233 999 426 1039 reducendi
447 997 569 1036 officio
591 998 701 1035 etiam
725 998 1066 1045 fungerentur‚qua
1091 995 1171 1042 qui-

135 1050 231 1091 dem
257 1050 456 1089 voluntaria
484 1050 636 1087 statione
668 1049 707 1086 &
735 1056 887 1096 corpora
906 1047 945 1083 &
962 1047 1104 1082 animos
1122 1042 1169 1082 ad

125 1097 139 1148 s
169 1102 280 1140 ublim
308 1100 425 1138 officia
451 1098 651 1139 sustinenda
676 1099 828 1147 impigre
859 1094 1137 1134 corroborabant
1157 1122 1170 1141 ,

168 1155 313 1202 revique
344 1149 508 1200 process'u
534 1148 656 1188 rerum
686 1150 722 1188 in
759 1150 880 1187 lucem
898 1148 1073 1185 virtutum
1094 1145 1170 1183 sua-

135 1213 226 1241 rum
244 1202 458 1241 verecundia
481 1201 607 1239 laboris
618 1199 856 1238 meditatione
866 1197 1171 1236 doRioreserant.

143 1252 305 1303 carim]
336 1253 473 1292 Scilicet
484 1252 668 1290 Hostiliae.
695 1247 1057 1294 Romulus,au<store
1077 1247 1172 1284 Dio-

134 1304 270 1355 ·nysi0‚
297 1315 382 1354 pop.
409 1304 623 1342 Romanum
642 1300 758 1340 divisit
775 1302 812 1339 in
832 1298 1011 1337 XXXlll.
1038 1305 1169 1347 partes,

143 1367 230 1406 quas
249 1356 361 1394 curias
377 1366 399 1392 a
419 1365 503 1394 cura
526 1354 630 1403 Reip.
647 1352 839 1402 appellavit
850 1380 858 1391 .
871 1349 1060 1389 aedificato
1072 1347 1171 1387 dein·

140 1409 188 1446 de
205 1407 249 1445 ab
267 1405 424 1444 Hostilio
441 1406 576 1444 Senatu
593 1432 604 1450 ,
631 1404 692 1442 ubi
710 1409 875 1441 curarent
897 1412 951 1439 res
970 1402 1148 1440 humanas
1160 1426 1171 1443 ,

140 1463 273 1496 vocata
305 1457 353 1495 est
377 1456 486 1493 curia
510 1454 666 1502 Hostilia.
697 1454 796 1493 Sicut
817 1454 855 1492 in
877 1453 991 1491 veteri
1010 1451 1105 1489 curia
1122 1450 1171 1488 sa-

135 1509 308 1547 cerdotes
330 1506 498 1544 curabant
521 1516 576 1543 res
595 1505 730 1542 divinas
749 1532 762 1551 ,
788 1514 882 1553 quae
899 1502 1097 1541 secundum
1112 1501 1172 1539 ali-

142 1568 237 1608 quos
258 1555 414 1594 calabra
434 1556 528 1593 curia
549 1554 739 1593 dicebatur.
765 1553 799 1590 C
812 1566 835 1590 A
851 1565 875 1590 τ
891 1565 912 1589 Α
925 1566 964 1590 u.

192 1620 230 1647 2.
259 1607 443 1645 Maximus
463 1606 602 1656 quisque
619 1614 663 1643 (9·
681 1602 955 1653 vetustiffimus.]
984 1601 1171 1640 Maximus

141 1659 228 1697 natu
243 1686 252 1702 ‚
280 1659 319 1697 ὅ(
340 1656 588 1696 vetustissimus
606 1662 735 1693 aetate.
757 1654 866 1693 Tales
885 1653 984 1691 enim
1008 1661 1049 1691 ut
1069 1653 1168 1702 plura

130 1710 300 1759 experti,
328 1708 375 1746 sic
394 1708 621 1756 sapientiores
640 1706 764 1744 ceteris
788 1705 867 1743 sunt
887 1731 898 1749 ,
925 1705 963 1741 ὃ(
980 1704 1027 1741 ita
1047 1704 1167 1752 impri=

131 1761 210 1798 ⁴mis
225 1759 380 1799 sectandi
399 1759 462 1797 illis
486 1786 496 1802 ‚
521 1759 584 1808 qui
604 1756 789 1806 sapientiae
808 1766 850 1793 ac
863 1754 1079 1803 ‚prudentiae
1099 1754 1170 1791 stu-

141 1810 241 1849 dent.
266 1810 416 1848 Tacitus
436 1809 567 1847 Annal.
590 1807 637 1846 11.
664 1818 741 1856 cap.
761 1805 898 1845 XLIII.
934 1805 1033 1853 Qia
1057 1804 1171 1842 Silani

134 1860 215 1908 filia
237 1861 384 1904 Neroni,
397 1857 827 1898 vetustissimoiliberorum
844 1858 936 1906 ejus,
957 1858 1062 1905 passa
1079 1866 1169 1893 erat.

144 1909 271 1948 Livius
296 1909 378 1948 Lib.
395 1909 516 1947 XLII.
540 1921 615 1957 cap.
639 1908 800 1948 XLVII.
827 1912 978 1951 Veteres,
1006 1907 1165 1945 &moris

143 1962 283 2011 antiqui
300 1973 469 1998 memores.
507 1964 636 1998 Veteres
664 1967 772 1998 vocat
796 1986 808 2003 ,
840 1969 933 2008 quos
953 1957 1063 2006 paulo
1086 1957 1165 2005 post

145 2011 290 2049 Seniores
322 2010 414 2049 dicit.
450 2011 566 2049 Vetus
591 2011 697 2058 Lapis
721 2011 754 2047 A
771 2010 801 2047 R
812 2008 845 2047 C
858 2009 895 2047 O
911 2008 936 2046 Β
951 2009 983 2046 R
997 2009 1012 2044 1
1025 2007 1057 2045 C
1068 2007 1100 2045 E
1112 2008 1166 2046 N-

142 2061 246 2099 SES
271 2060 552 2109 JUVENES
579 2061 659 2108 ET
697 2059 998 2098 VETERES
1026 2058 1164 2097 STA-

143 2110 334 2150 TUAM
361 2111 424 2149 IN
453 2111 648 2156 FORO,
684 2110 723 2149 P.
763 2111 800 2149 B.
837 2109 1092 2159 Hieronymus
1119 2109 1165 2149 ad

145 2162 337 2201 Oceanum
362 2174 370 2199 :
407 2161 574 2210 Caster‘tus
601 2160 784 2211 Hispaniae
814 2162 988 2212 Episcopus
1008 2162 1105 2197 homo
1122 2171 1166 2200 εῖν

133 2226 256 2252 -aetate
279 2219 378 2251 vetus
406 2223 447 2252 v·
472 2213 671 2262 sacerdotio.
696 2212 722 2249 B
734 2226 759 2250 u
773 2224 795 2250 c
809 2225 832 2249 n
846 2224 874 2250 N
889 2224 909 2250 ε
924 2225 962 2250 a.
1014 2211 1165 2251 Tacitus

141 2263 188 2301 ita
210 2265 342 2313 saepius
361 2273 486 2301 veteres
510 2263 546 2300 δε
574 2262 798 2310 vetufliffimos
820 2263 914 2301 dicit.
951 2261 1165 2311 Utrumque

142 2314 179 2351 &
205 2317 382 2352 maximus
412 2314 451 2351 ὅ(
479 2313 717 2363 vetustifflmus
742 2313 815 2350 hoc
845 2313 944 2351 sensu
964 2312 1010 2351 de
1032 2313 1168 2352 Vestali

141 2374 229 2403 natu
265 2365 423 2403 maxima
458 2362 593 2401 dicitur.
645 2361 776 2400 Noster
804 2363 936 2411 Paneg.
978 2374 1054 2412 cap.
1080 2364 1164 2402 XV.

139 2416 306 2465 Quisquis
319 2415 437 2464 paullo
456 2413 629 2452 vetustior
651 2413 750 2450 miles
769 2440 781 2458 ‚
814 2413 870 2450 hic
890 2424 922 2451 te
941 2413 1166 2452 commilitone

140 2469 303 2516 censetur.
364 2464 463 2502 Hinc
491 2464 610 2512 postea
639 2463 845 2512 votestatem
868 2491 880 2508 ,
914 2474 980 2512 pro
1002 2464 1167 2511 senellam

139 2516 328 2561 dixerunt,
353 2515 456 2565 quod
478 2523 579 2553 notat
595 2513 754 2552 Barthius
774 2512 820 2550 ad
840 2513 938 2552 Statii
959 2514 1024 2552 Ill.
1043 2515 1168 2554 Theb.

142 2579 194 2606 vs.
219 2579 301 2614 142.
329 2566 491 2603 Verbum
513 2577 587 2604 erat
612 2593 623 2609 ,
660 2563 761 2614 quod
782 2572 863 2602 ante
881 2564 970 2602 haec
988 2564 1096 2602 verba
1115 2565 1167 2603 le-

138 2619 251 2667 gitur,
279 2619 315 2656 in
336 2615 508 2655 Mediceo
528 2615 622 2653 male
634 2614 859 2653 desideratur.

191 2681 210 2719 3
250 2670 435 2717 Qaepote
466 2667 538 2715 αι]
568 2667 637 2703 Pro
650 2664 815 2714 magistro
829 2672 913 2704 erar.
928 2663 1167 2716 Utjuvenem

139 2718 310 2764 doceret,
335 2729 429 2768 quae
452 2717 605 2766 potestas
627 2713 712 2753 esset
729 2716 792 2754 illis
811 2744 821 2761 ‚
849 2717 910 2766 qui
925 2716 983 2766 J'us
1010 2717 1170 2755 referen-

144 2768 179 2808 di
195 2770 241 2809 ad
261 2770 433 2808 Senatum
454 2764 654 2806 haberent?
683 2767 716 2805 C
733 2779 753 2803 Α
765 2779 790 2804 Τ
804 2780 821 2803 Α
837 2780 874 2804 Ν.

195 2833 228 2866 4.
258 2818 514 2869 censentibus]
555 2817 782 2856 senatoribus
821 2818 1030 2856 sententiam
1068 2819 1168 2856 suam

148 2867 362 2912 dicentibus.
390 2869 492 2920 quod
508 2871 565 2917 jus
584 2867 669 2908 esset
692 2896 702 2912 ,
731 2880 777 2906 an
797 2868 938 2918 possent
956 2869 1167 2907 sententiam

141 2928 305 2966 mutare,
333 2920 391 2958 vel
413 2919 554 2960 mollire
568 2950 580 2966 ‚
607 2933 652 2958 an
673 2919 813 2958 alterius
833 2920 932 2970 sequi
954 2948 966 2965 ,
993 2920 1049 2959 vel
1071 2928 1169 2959 extra

144 2968 312 3008 ordinem
329 2971 462 3019 aliquid
485 2973 628 3010 referre.
654 2973 669 3009 1
687 2983 709 3007 o
726 2984 742 3006 r.
761 2987 800 3009 m.

205 3021 359 3075 5.3Vis,]
383 3021 549 3060 Potestas.
578 3024 674 3060 Nam
699 3022 915 3071 magistratus
936 3022 970 3059 in
999 3022 1171 3073 aliquibus

152 3074 280 3108 ceteris
296 3071 508 3112 senatoribus
530 3072 785 3123 praevalebant,
806 3073 828 3111 ἸΙ
844 3086 865 3110 u
878 3085 900 3111 s
913 3085 955 3111 m.

2053 713 2271 779 timum,

1293 785 1330 825 6.
1358 784 1547 836 Libertas]
1587 785 1755 826 Dicendi.
1791 785 1849 824 Ex
1879 786 2095 836 panegyrica
2117 786 2274 827 Secundi

1243 836 1409 876 oratione
1431 838 1627 885 colligitur,
1643 837 1775 876 licuisse
1797 836 1995 886 unicuique
2030 836 2148 876 dicere
2178 850 2274 889 quae

1241 889 1359 927 vellet.
1386 887 1622 937 Interrogavit
1643 916 1654 933 ,
1678 889 1795 938 inquit
1816 915 1827 932 ,
1855 888 1997 938 quisque
2013 889 2104 940 quod
2117 890 2274 939 placuit,

1240 939 1407 990 dtffiutire
1425 966 1436 983 ,
1463 939 1627 989 discedere
1655 966 1665 984 ,
1693 953 1737 980 υ
1758 940 1885 991 copiam
1898 940 2024 989 judicit
2034 940 2095 989 sui
2114 941 2194 991 reip.
2203 942 2273 988 sag

1239 1003 1309 1029 cere
1328 989 1433 1028 licuit.
1461 991 1472 1028 l
1488 1003 1511 1027 D
1526 1002 1548 1027 E
1561 1002 1602 1028 M.

1295 1052 1332 1089 7.
1368 1041 1432 1079 Ubi
1457 1038 1677 1089 cedendum]
1723 1039 1886 1090 Quando
1914 1053 1992 1079 non
2021 1040 2271 1081 contradicen-

1239 1090 1329 1130 dum
1343 1119 1355 1136 ‚
1381 1092 1444 1129 vel
1463 1093 1512 1130 ob
1531 1091 1770 1129 reverentiam
1793 1091 1965 1129 censentis
1978 1120 1988 1137 ,
2000 1094 2059 1131 vel
2078 1093 2271 1132 sententiae

1228 1143 1462 1192 aequitatem
1476 1170 1488 1188 ,
1514 1153 1560 1180 an
1583 1141 1724 1180 fastidio
1743 1141 1980 1180 audientium.
2015 1142 2030 1180 I
2046 1155 2070 1180 t>
2084 1156 2105 1181 rs
2119 1156 2167 1181 M.

1291 1195 1327 1232 8.
1353 1193 1460 1242 Qod
1471 1193 1594 1232 silentii
1609 1192 1777 1244 tempus.]
1808 1192 1861 1230 Ita
1874 1202 2004 1230 omnes
2023 1193 2192 1242 impressi.
2217 1194 2270 1234 At

1240 1245 1474 1282 membranae
1500 1257 1508 1281 :
1544 1244 1634 1294 quod
1651 1242 1773 1281 silendi
1803 1251 1944 1292 tempus.
1972 1250 2012 1281 ut
2033 1255 2124 1282 mox
2147 1256 2156 1282 :
2197 1246 2271 1294 quis

1239 1295 1381 1334 dicendi
1402 1295 1536 1333 modus.
1561 1296 1673 1332 item:
1696 1294 1785 1344 quod
1796 1293 2031 1343 fidelissimum
2053 1295 2273 1344 praecipien-

1238 1345 1403 1396 digmus.
1441 1345 1520 1385 Lib.
1539 1345 1586 1383 11.
1625 1345 1735 1394 Epist.
1755 1345 1856 1383 xiil.
1894 1355 1985 1384 extr.
2017 1351 2127 1394 Rogat
2155 1346 2270 1390 enim,

1240 1397 1679 1497 ffibq3232mEffi.3.-ffle
1700 1425 1724 1485 z.
1748 1396 1807 1484 {²¹³
1823 1394 2277 1497 §23352-:325535‘2322522

1240 1499 1401 1547 rogandi.
1426 1499 1509 1536 Lib.
1529 1499 1580 1537 V.
1606 1499 1712 1547 Epist.
1736 1497 1808 1535 XV
1813 1498 1860 1536 ΙΙ.
1894 1509 1929 1535 n.
1951 1509 1986 1543 4.
2021 1499 2081 1548 qui
2107 1498 2151 1547 est
2182 1510 2277 1535 acer-

1240 1550 1349 1587 rimus
1367 1550 1528 1588 stimulus
1547 1549 1736 1587 monendi.
1765 1548 1899 1586 Lib.X.
1924 1547 2033 1596 Epist.
2050 1548 2136 1586 Vll.
2160 1550 2276 1597 princ.

1240 1602 1421 1639 memoriae
1438 1611 1521 1637 tuae
1545 1627 1557 1644 ,
1588 1612 1677 1648 quae
1702 1600 1745 1650 eft
1775 1597 2025 1637 benefaciendi
2053 1600 2277 1650 tenacifflma.

1242 1651 1373 1690 Rursus
1403 1651 1487 1690 Lib.
1505 1650 1554 1687 V.
1581 1651 1689 1699 Epist.
1711 1650 1792 1688 XX.
1827 1662 1865 1688 n.
1886 1649 1920 1686 6.
1962 1655 2055 1688 Haec
2077 1650 2195 1696 forma
2211 1662 2276 1689 ne-

1240 1702 1345 1750 gandi
1358 1703 1454 1748 fuit.
1481 1701 1562 1738 Lib.
1585 1701 1652 1740 VI.
1680 1700 1787 1750 Epist.
1803 1699 1978 1738 XXXIII.
2005 1712 2040 1738 n.
2062 1699 2097 1738 8.
2123 1712 2165 1740 ω·
2189 1712 2274 1738 nar-

1239 1752 1442 1790 ratiunculis
1457 1750 1637 1800 pluribus,
1664 1761 1707 1789 c9¹
1728 1748 1924 1799 eloquendi
1940 1750 2109 1788 varietate
2126 1764 2276 1789 renova-

1244 1814 1314 1842 tur.
1349 1804 1486 1840 Seneca
1515 1801 1584 1840 IV.
1620 1801 1666 1839 de
1697 1800 1824 1839 Benef.
1856 1800 2037 1850 cap.XL.
2075 1802 2276 1852 Rejiciendi

1235 1863 1348 1902 genus
1369 1853 1436 1903 est,
1461 1852 1614 1902 protinus
1631 1851 1730 1890 aliud
1751 1851 1899 1888 invicem
1919 1853 2065 1897 mittere.
2091 1864 2168 1902 quo
2188 1854 2274 1893 loco

1235 1905 1334 1953 plura
1353 1904 1580 1943 Gronovius.
1618 1902 1773 1941 Ovidius
1790 1901 1898 1941 XllI.
1933 1903 2092 1941 Metam.
2116 1915 2167 1942 vs.
2190 1904 2275 1954 364,

1569 1981 1751 2032 pugnandi
1773 1989 1940 2031 tempora
1960 1992 2092 2019 mecum

1284 2033 1394 2083 Eligit
1427 2033 1592 2073 Atrides.

1235 2109 1337 2158 quod
1369 2110 1718 2162 frequentiffimum.
1768 2110 1858 2150 Inde
1888 2109 1926 2149 δε
1954 2108 2045 2158 ista,
2085 2102 2190 2161 qfiale
2225 2109 2275 2149 est

1237 2161 1400 2201 Lucretii
1426 2163 1508 2202 Lib.
1528 2163 1582 2204 V.
1605 2175 1659 2203 vs·
1678 2174 1786 2213 1223.

1288 2003 1401 2016 ῌ

1284 2269 1341 2301 Ne
1359 2264 1451 2315 quod
1469 2264 1508 2302 ob
1524 2263 1709 2313 admiffiaem
1720 2264 1821 2311 fhede
1839 2260 2033 2312 difflumque
2049 2261 2186 2311 strperbe

1286 2315 1494 2354 Poenarum
1513 2328 1624 2364 grave
1637 2315 1684 2361 fit
1701 2313 1867 2352 solvendi
1889 2323 2033 2361 tempus
2052 2314 2220 2351 adanam

1236 2414 1327 2451 item
1351 2415 1440 2464 copia
1463 2413 1639 2463 speffiamli
1662 2413 1872 2458 fabularum
1892 2441 1904 2458 ,
1933 2413 2077 2470 potestas
2099 2413 2272 2464 rejiciendi

1202 2498 1205 2512 ‚
1231 2463 1391 2511 judicum
1405 2492 1415 2507 ,
1443 2465 1482 2501 ὃς
1504 2465 1599 2512 plura
1624 2465 1720 2512 apud
1743 2466 1903 2513 optimos
1922 2465 2039 2502 obvia.
2068 2464 2102 2502 C
2116 2475 2141 2502 o
2155 2478 2179 2503 n
2196 2478 2220 2502 τ
2234 2477 2270 2503 n.

1286 2526 1321 2563 9.
1352 2514 1527 2562 Distinclio
1558 2515 1573 2565 ]
1604 2515 1756 2553 Divisio.
1791 2516 1850 2556 Est
1880 2523 2003 2552 autem
2022 2514 2270 2566 divideresen·

1234 2566 1383 2603 tentiam
1401 2566 1548 2602 austore
1570 2565 1730 2605 Asconio
1753 2594 1763 2611 ‚
1800 2577 1884 2604 cum
1908 2566 2034 2614 aliquis
2063 2567 2098 2606 in
2117 2566 2270 2605 <licenda

1236 2616 1407 2655 sententia
1425 2616 1508 2653 duas
1528 2616 1693 2664 pluresve
1714 2628 1768 2655 res
1786 2616 2057 2667 complectitur:
2077 2618 2116 2655 δι
2141 2617 2166 2654 fi
2189 2628 2268 2654 non

1238 2678 1368 2705 omnes
1391 2678 1455 2705 eae
1488 2667 1680 2715 probamur
1703 2695 1713 2712 ,
1749 2668 1899 2718 postulat
1927 2667 2097 2717 quispiam
2122 2693 2133 2710 ‚
2169 2676 2207 2705 ut
2224 2666 2271 2706 de

1233 2718 1344 2756 ‘rebus
1365 2716 1504 2765 fingulis
1524 2718 1697 2755 referatur
1717 2731 1725 2755 :
1764 2718 1861 2757 unde
1888 2729 1972 2755 cum
1994 2719 2029 2756 in
2055 2716 2152 2755 causa
2176 2719 2272 2768 regia

1238 2769 1334 2817 apud
1363 2769 1416 2806 Μ.
1444 2768 1495 2805 T.
1522 2768 1663 2807 Bibulus
1686 2769 1843 2808 censeret
1862 2770 2001 2817 Regem
2014 2768 2272 2807 Ptolomaeum

1239 2819 1486 2857 reducendum
1519 2831 1583 2868 per
1610 2828 1681 2858 tres
1710 2820 1845 2868 legatos
1869 2847 1881 2864 ,
1913 2820 2020 2857 etiam
2056 2831 2100 2857 ex
2132 2819 2184 2856 his
2214 2819 2278 2869 qui

1206 2859 1208 2908 ἶ
1242 2878 1342 2908 erant
1365 2869 1438 2907 sine
1454 2869 1630 2918 imperio,
1657 2869 1869 2918 postulatum
1892 2869 1961 2914 est,
1986 2877 2026 2907 ut
2047 2871 2122 2919 ejus
2138 2870 2279 2918 senten-

1242 2920 1293 2957 tia
1308 2921 1526 2958 divideretur
1550 2949 1560 2965 ,
1586 2922 1669 2970 quia
1703 2921 1831 2960 scilicet
1868 2933 1945 2959 non
1971 2921 2183 2959 excludebat
2209 2933 2274 2960 eos

1206 2958 1210 3013 i
1245 2972 1393 3019 pariter,
1423 2972 1484 3019 qui
1522 2983 1608 3010 cum
1638 2972 1794 3020 imperio
1812 2981 1945 3011 erant:
1992 2982 2080 3020 ergo
2105 2972 2276 3010 volebant

1245 3023 1256 3060 i
1285 3022 1358 3060 suin
1379 3029 1501 3078 aperte
1523 3022 1641 3078 dicere
1663 3049 1675 3066 ‚
1702 3034 1882 3071 quosnam
1904 3023 2125 3062 arbitraretur
2145 3023 2279 3073 eligen-

1275 3083 1314 3111 os
1328 3101 1338 3118 ,
1365 3081 1521 3120 privatos
1543 3085 1589 3111 an
1611 3081 1857 3121 imperatores.
1882 3076 1914 3114 C
1928 3089 1949 3114 A
1962 3086 1986 3113 τ
2001 3086 2024 3112 A
2038 3087 2073 3113 Ν.

1605 3122 1741 3163 -Eeee
1769 3136 1790 3162 z.
2118 3136 2147 3164 ῑ.
2171 3123 2279 3176 ane
