2616 3686
471 191 474 194 ·
553 167 891 232 LrssER
958 168 1050 224 v1.
1101 154 1685 225 *1⁴:1³1s'roL'A
1751 176 1853 228 tv.
2166 188 2260 249 4ος

147 279 229 328 te,
273 274 289 303 ι
316 272 427 319 non
463 255 569 313 fine
606 269 733 318 cura
758 248 1131 306 desiderarem.
1207 243 1224 264 ²
1248 247 1343 304 Est
1367 249 1513 304 enim
1540 248 1841 319 suspensum
1868 249 1924 303 δε
1948 251 2165 308 anxium
2191 259 2263 311 de
2339 289 2341 291 -

146 354 246 398 eo,
280 347 441 406 quem
469 322 833 383 ardentiffime
859 321 1042 392 diligas
1068 360 1085 386 ‚
1123 319 1400 376 interdum
1427 319 1557 376 nihil
1585 319 1731 375 scire.
1809 320 1968 375 Nunc
2006 339 2139 377 vero
2175 341 2261 380 me
2303 345 2339 392 4

148 423 270 465 cum
305 403 596 467 absentiae,
637 409 752 452 tum
785 394 1105 450 infirmitatis
1140 407 1262 450 tuae
1287 393 1452 457 ratio,
1491 391 1693 446 incerta
1719 391 1775 445 &
1803 391 1816 416 ³
1846 394 1986 446 varia
2012 394 2265 451 sollicitu-

146 479 270 535 dine
301 483 569 532 exterret.
606 470 816 528 Vereor
841 467 1049 530 omnia,
1084 469 1103 494 ⁴
1126 468 1392 538 imaginor
1421 467 1626 519 omnia:
1668 480 1916 536 quaeque
1939 477 2124 520 natura
2150 484 2265 522 me-

104 589 112 597 ·
146 554 413 606 tuentium
439 546 540 610 est,
577 561 636 599 ea
665 540 894 596 maxime
919 540 1079 602 mihi,
1118 556 1256 613 quae
1281 540 1514 594 maxime
1542 538 1555 564 ⁵
1582 536 1889 599 abominor,
1923 535 2088 608 fingo,
2131 539 2261 610 Quo

144 621 426 692 impensius
464 633 599 690 rogo
624 654 641 678 ‚
685 629 743 668 ut
769 613 951 667 timori
977 628 1100 666 meo
1123 611 1368 684 quotidie
1395 609 1603 682 fingulis
1635 648 1652 674 ,
1695 609 1779 664 vel
1811 611 1970 663 etiam
1994 610 2129 664 binis
2153 613 2266 682 epi-

148 694 286 749 stolis
310 690 555 746 consulas.
594 686 706 744 Ero
732 686 877 742 enim
910 686 1173 751 securior,
1210 685 1342 742 dum
1368 685 1523 755 lego,
1560 683 1841 755 statimque
1865 683 2102 747 timebo,
2136 699 2266 739 cum

149 769 343 839 legere.
380 763 533 817 Vale.
2076 837 2131 896 V

2137 879 2152 897 .
2189 839 2267 900 C.'

148 983 243 1026 effes.
270 983 462 1033 Sequentia
481 990 608 1022 tamen
630 979 891 1020 consideranda
903 980 1158 1020 sunt.BAan.
1282 984 1380 1013 -·.
1408 982 1450 1012 at
1472 972 1610 1023 miseros
1629 973 1729 1022 angit
1743 972 1813 1024 sua
1834 983 1920 1012 cura
1938 982 2112 1027 parentet.

145 1035 267 1073 Movit
293 1033 597 1083 diligentissimum
630 1035 750 1072 virum
782 1033 958 1070 Particula
979 1042 1024 1071 v·
1048 1033 1158 1077 inter-

143 1085 226 1132 fita,
252 1096 362 1135 quam
398 1087 436 1123 in
471 1084 634 1135 sequenti
666 1092 753 1121 nota
781 1081 930 1120 damnat
969 1083 1157 1121 Gruterus.

143 1135 252 1176 Abest
280 1135 334 1173 illa
365 1136 411 1173 ab
444 1138 613 1175 omnibus
635 1134 760 1173 nosti-is
779 1132 899 1172 Codd.
926 1135 965 1173 &
987 1131 1035 1171 fic
1057 1134 1158 1173 locus

142 1186 321 1228 medicina
342 1198 419 1225 non
443 1195 536 1235 eget.

193 1249 210 1276 1
241 1243 322 1275 Non
337 1236 411 1285 sine
431 1236 554 1287 cum]
579 1237 681 1276 Male
701 1236 789 1275 aliae
806 1234 901 1274 Edd.
921 1245 966 1277 v·
987 1249 1056 1274 non
1075 1235 1159 1285 sine.

140 1299 259 1338 neque
285 1287 407 1326 visitur
435 1300 476 1327 ea
503 1289 633 1339 copula
658 1291 704 1328 in'
722 1288 825 1326 Vett.
848 1287 941 1326 Edd.
967 1295 1031 1326 aut
1048 1289 1159 1327 Palat.

143 1340 327 1378 GRUTER.

187 1402 208 1427 2
238 1390 294 1437 Est
325 1390 419 1428 enim
440 1391 645 1439 suspensum
670 1418 682 1436 ,
707 1388 808 1438 wa]
837 1389 939 1429 Facit
960 1391 1158 1429 hominem

1229 1086 1353 1126 Valet.
1372 1084 1595 1142 Flacc.bLib.
1619 1085 1669 1124 ΙΙ.
1690 1095 1744 1126 vs.
1765 1095 1852 1136 113.

1277 1220 1382 1232 ——
1407 1216 1426 1240 0
1447 1200 1560 1240 variis
1584 1199 1711 1239 coniux
1732 1210 1827 1237 nunc
1850 1200 1957 1239 anxia
1980 1199 2083 1248 curis}

1231 1314 1390 1355 Ovidius
1411 1313 1461 1354 II.
1483 1315 1640 1353 Metam.
1662 1323 1716 1351 vs.
1734 1322 1821 1362 492.

141 1441 323 1489 ambigere
346 1469 358 1486 ,
387 1442 426 1479 ὅ(
463 1442 623 1480 dubitare
647 1469 658 1486 ‚
684 1452 807 1490 neque
834 1451 965 1489 parum
987 1440 1156 1480 aestuare.

143 1492 350 1592 Cgrpifz'ria
387 1540 616 1597 sollicitudine
649 1545 816 1578 exterret.
839 1538 856 1588 ]
886 1539 936 1576 V.
960 1541 1005 1577 C.
1031 1541 1159 1580 ierem.

146 1592 352 1629 Markland.
375 1591 484 1641 Epist.
507 1591 598 1628 Crit.
619 1600 700 1638 pag.
730 1601 809 1637 115.
833 1590 990 1637 pluribus
1005 1600 1159 1630 conten-

145 1642 219 1690 dit,
247 1642 445 1696 legendum
466 1642 526 1679 hic
547 1639 618 1677 esse
641 1653 650 1677 :
688 1640 795 1677 varia
808 1639 1041 1687 sollicitudine
1060 1656 1160 1680 exer-

144 1706 194 1732 cet
209 1722 218 1739 ,
245 1705 311 1743 pro
343 1702 495 1732 exterret
519 1720 530 1736 ,
557 1691 639 1728 licet
660 1692 731 1740 ipse
753 1691 898 1728 noverit
918 1719 928 1734 ,
967 1691 1158 1731 auctorem

145 1745 238 1782 infra
274 1744 351 1782 Lib.
383 1743 472 1782 VII.
494 1741 601 1791 Epist.
626 1741 654 1778 Ι.
673 1743 784 1791 ptine.
803 1738 990 1790 scripsisse:
1022 1743 1158 1782 Terret

147 1808 200 1832 me
230 1795 314 1832 haec
344 1807 407 1832 tua
435 1795 601 1843 pertinax
634 1791 800 1830 valetudo
824 1818 834 1835 ‚
868 1791 1058 1831 Ciceronis
1087 1793 1158 1834 effe

150 1856 246 1882 metu
265 1848 490 1893 perterritum
507 1873 516 1887 ‚
547 1842 663 1881 Celsi:
685 1843 742 1882 vel
755 1842 813 1893 spe
824 1842 1036 1893 consolentur
1055 1873 1067 1891 ‚
1094 1846 1155 1884 vel

152 1905 247 1931 metu
269 1906 425 1933 terreant
441 1924 451 1940 ,
480 1895 676 1933 Varronis:

198 1993 359 2031 Videmus
377 1993 540 2044 populum
563 1996 676 2034 Furiis
694 1993 896 2042 instinetum
917 1995 1032 2035 tribus

194 2045 390 2092 Diversum
405 2046 493 2090 ferri
506 2075 516 2092 ,
543 2047 751 2086 exterritum
774 2045 991 2095 formidine,

145 2139 210 2197 alia
233 2144 396 2183 aliorum.
423 2144 531 2185 Adde
552 2146 727 2185 Nostrum
748 2148 829 2186 Lib.
853 2147 880 2185 Ι.
899 2148 1009 2197 Epist.
1031 2150 1154 2190 XXII.

143 2200 255 2246 princ.
286 2197 357 2232 Diu
387 2196 461 2233 iam
493 2198 531 2234 in
565 2197 646 2236 urbe
667 2198 810 2242 haereo,
835 2208 880 2237 ο·
899 2199 1037 2249 quidem
1059 2210 1157 2240 atto-

142 2249 261 2297 nitus:
289 2246 473 2285 Perturbat
504 2261 558 2285 me
588 2247 690 2297 longa
722 2259 764 2288 (φ
796 2249 959 2298 pertinax
980 2253 1153 2291 valetudo

143 2295 213 2329 Tm
239 2296 432 2340 Aristonis,
459 2298 497 2335 &
516 2309 610 2344 quae
631 2299 677 2336 ibi
697 2298 904 2347 sequuntur.
931 2302 1033 2349 Lege
1043 2305 1153 2342 etiam

1281 1426 1519 1477 venatrixque
1543 1435 1650 1465 metu
1670 1435 1874 1464 venantum
1895 1425 2020 1464 territa
2033 1424 2144 1476 fugit.¹

1230 1539 1326 1584 Sed,
1351 1542 1468 1589 pergit
1497 1540 1553 1577 Cl.
1583 1539 1819 1578 Marklandus
1844 1568 1854 1585 ,
1884 1541 2056 1586 omnium
2079 1539 2257 1581 insulsiffiss

1231 1602 1313 1627 mus
1346 1590 1465 1628 fuiss‘et
1494 1591 1630 1628 Plinius
1655 1618 1665 1633 ‚
1704 1589 1729 1627 fi
1749 1599 1888 1646 prepter
1910 1590 2110 1639 absentiam
2132 1594 2255 1630 uxoris

1221 1640 1462 1689 fhllicitudine
1493 1641 1680 1678 exterritus
1714 1640 1833 1678 fuisset
1857 1669 1867 1684 ,
1909 1639 2059 1688 quando
2080 1640 2154 1689 ipse
2177 1641 2253 1682 fine

1231 1691 1344 1728 dubio
1372 1690 1417 1727 ad
1447 1691 1547 1728 hunc
1566 1689 1737 1727 secessum
1759 1690 2015 1727 adhortabatur
2036 1691 2076 1728 &
2098 1693 2251 1732 consen-

1228 1742 1348 1779 tiebat.
1379 1741 1497 1779 Haec·
1513 1740 1539 1777 st
1569 1740 1666 1778 reete
1696 1748 1935 1788 opponuntur
1958 1768 1969 1785 ,
1994 1740 2117 1778 insulsa
2141 1745 2254 1785 etiam

1228 1791 1330 1837 sunt,
1359 1803 1454 1843 quae
1475 1791 1576 1841 supra
1598 1789 1729 1840 scripsit
1752 1804 1759 1827 :
1797 1791 1970 1841 Equidem
1992 1791 2103 1829 etiam
2116 1794 2256 1840 fhrtem

1225 1853 1259 1881 te
1282 1855 1359 1882 non
1380 1842 1454 1881 fine
1478 1854 1562 1881 cura
1583 1841 1824 1892 defiderarem.
1853 1840 1910 1885 Est
1930 1842 2022 1879 enim
2045 1842 2252 1890 suspensum

1224 1905 1269 1933 ω’
1301 1896 1450 1932 anxium
1484 1894 1525 1931 de
1556 1908 1589 1932 eo
1624 1901 1691 1932 cet.
1738 1892 1864 1930 Immo
1885 1891 2150 1931 insulfiffimum
2175 1895 2251 1942 est,

1227 1945 1330 1994 quod
1350 1945 1452 1994 supra
1472 1944 1579 1994 Epist.
1603 1943 1632 1981 Ι.
1654 1957 1687 1982 n.
1710 1956 1743 1981 2.
1771 1942 1989 1981 desiderium
2014 1972 2025 1988 ,
2051 1954 2129 1981 non
2152 1957 2249 1984 uxo-

1224 1997 1271 2033 ris
1285 2025 1295 2042 ,
1321 1995 1382 2034 sed
1403 1997 1512 2033 amici
1531 1996 1682 2034 absentis
1702 2005 1918 2032 tormentum
1931 1995 2091 2032 vocavit.
2120 1997 2249 2044 Quare

1221 2055 1370 2097 recepta
1392 2047 1504 2085 leetio
1523 2059 1602 2085 non
1627 2046 1674 2085 est
1697 2045 1931 2084 sollicitanda.
1959 2045 2116 2084 Con-rr..

1276 2111 1299 2145 4
1332 2097 1507 2147 Imaginor
1539 2095 1706 2145 omnia.]
1755 2096 1865 2134 Abest
1895 2096 1982 2135 illud
2012 2096 2187 2146 imaginor
2215 2099 2252 2138 οὲ

1223 2150 1347 2195 mnia,
1376 2149 1546 2187 omnibus
1569 2148 1893 2192 Edd.Vete1·ibus‚
1919 2158 1988 2185 nec
2000 2159 2078 2186 non
2089 2149 2252 2189 Palae&

1223 2206 1350 2238 tamen
1373 2211 1450 2238 non
1471 2200 1631 2237 alienum
1656 2199 1797 2236 videtur
1822 2198 1887 2236 isto
1919 2199 2017 2235 loc0.
2056 2199 2248 2237 Girumu.

1224 2249 1341 2289 Recte
1374 2252 1591 2299 pronunciat
1623 2251 1799 2287 Gruterus
1822 2276 1833 2292 ‚
1882 2248 2042 2284 alienum
2074 2258 2153 2284 non
2176 2248 2249 2287 effe

1223 2301 1308 2338 illud
1331 2301 1504 2349 imaginor
1526 2300 1644 2335 omnia
1659 2327 1670 2343 ‚
1700 2301 1738 2336 &
1760 2298 1939 2335 servatum
1964 2297 2011 2333 est
2023 2298 2067 2334 ab
2080 2297 2244 2344 Optimo

144 2340 227 2379 Lib.
249 2345 317 2382 111.
339 2347 445 2394 Epist.
464 2347 585 2384 XVII.
615 2350 812 2394 Rationes,
840 2361 927 2399 quas
950 2353 987 2389 in
1007 2362 1153 2391 contra-
1186 2358 1190 2394 ‘1
1228 2351 1401 2388 Mediceo
1428 2378 1438 2393 ,
1473 2350 1557 2386 licet
1588 2360 1718 2386 omnes
1751 2347 1878 2394 reliqui
1902 2345 2022 2384 Codd.
2043 2347 2243 2388 omiserint.

144 2392 237 2431 rium
260 2395 385 2435 adtulit
409 2400 461 2435 vir
482 2397 726 2442 doctissimus,
747 2410 822 2437 reni
846 2411 924 2436 non
944 2402 1153 2442 conficiunt.

146 2442 215 2482 Sed
244 2456 320 2483 uon
348 2475 357 2491 ,
384 2450 522 2497 inquit,
549 2448 735 2487 infirmitas
755 2459 816 2487 tua
837 2449 1071 2491 sollicitudine
1093 2465 1155 2492 me

147 2501 299 2534 exterret
323 2511 332 2539 ;
371 2501 549 2546 quoniam
587 2501 659 2537 hoc
690 2499 737 2538 est
772 2500 895 2537 falsum
921 2515 927 2537 :
956 2513 1034 2539 non
1054 2505 1153 2542 enim

1223 2400 1370 2438 Deinde
1391 2399 1491 2437 idem
1510 2400 1702 2436 Primanus
1726 2411 1733 2434 :
1763 2408 1898 2433 natura
1930 2407 2162 2435 metuentum.
2202 2398 2247 2437 In

1223 2450 1360 2487 sensum
1395 2449 1480 2487 vide
1503 2449 1558 2485 Io.
1581 2450 1700 2485 Savar.
1723 2447 1767 2485 ad
1791 2447 1914 2484 Sidon.
1939 2447 2018 2484 Lib.
2042 2448 2110 2485 Vl.
2134 2448 2245 2498 Epist.

1226 2500 1293 2537 IV.
1322 2501 1470 2549 Nempe
1485 2528 1495 2543 ,
1524 2498 1626 2547 quod
1650 2498 1778 2536 Fabius
1799 2499 1847 2535 ait
1871 2497 2039 2535 Declam.
2063 2498 2128 2535 XI.
2150 2501 2248 2548 apud

140 2542 331 2594 sollicitudo
361 2548 409 2586 est
436 2548 551 2586 caull'a
586 2561 648 2586 cur
684 2550 811 2600 aliquis
830 2561 1026 2589 exterretur
1049 2581 1060 2597 ,
1095 2554 1189 2596 sed',
1215 2551 1378 2600 sollicitos
1408 2551 1446 2587 in
1480 2549 1628 2586 deterius
1668 2559 1779 2596 prona
1817 2547 1986 2598 persuasio
2029 2548 2084 2595 est.
2127 2550 2246 2598 qualia

146 2591 273 2641 effeo‘las
296 2600 416 2644 potius
437 2601 577 2637 terroris
601 2601 660 2638 vel
681 2614 806 2638 metus.
835 2600 940 2638 Haec
962 2602 1028 2639 ille.
1055 2604 1154 2652 quasi
1225 2603 1325 2651 plura
1358 2602 1568 2648 collegimus
1600 2600 1645 2636 ad
1679 2598 1811 2637 Sallust.
1846 2599 1926 2636 Cat.
1958 2610 2034 2647 cap.
2067 2600 2185 2638 XXX.
2207 2611 2245 2637 n.

148 2644 363 2693 dedidisset,
392 2649 584 2688 Ablativos
606 2651 683 2689 illos
703 2652 840 2699 semper
864 2650 1018 2690 causs'am
1039 2653 1153 2691 deno-

145 2702 222 2752 tare
242 2695 370 2738 debere
393 2714 403 2742 ;
434 2702 472 2738 ὃς
496 2729 505 2743 ,
533 2700 557 2737 fi
579 2701 650 2737 hoc
673 2700 801 2739 demus
826 2729 835 2744 ,
861 2703 952 2740 ratio
973 2714 1048 2741 non
1073 2716 1156 2752 pro-

148 2746 250 2786 cedit.
273 2749 444 2788 Omnino
465 2752 562 2789 euim
579 2750 776 2799 sollicitudo
790 2781 799 2795 ‚
822 2753 857 2788 h.
876 2764 907 2790 e.
929 2753 1129 2792 anxi-leura
1145 2784 1156 2801 ‚

149 2805 273 2887 tvegre6t8
298 2802 440 2844 animos
463 2828 474 2846 ,
511 2801 619 2851 plane
665 2811 706 2841 ut
754 2803 925 2841 Lucanus
975 2803 1061 2845 Lib.
1107 2805 1155 2844 11.

196 2872 206 2884 ·
281 2861 310 2888 x.

199 2956 296 2971 ··“··-
322 2953 410 2992 cutis
427 2952 589 2994 animum
609 2954 830 2996 mordacibus
850 2955 961 3005 angit.

152 3046 193 3087 δε
217 3057 267 3086 va.
289 3047 346 3096 64.

1222 2665 1256 2690 2.
1282 2651 1366 2689 1³0st
1389 2652 1604 2688 recentiores
1628 2650 1734 2687 MSS.
1758 2651 1796 2687 &
1814 2649 1883 2686 Ed.
1906 2650 1992 2686 Vct.
2013 2662 2052 2687 ea
2086 2652 2243 2688 maxime

1224 2702 1313 2739 mihi
1333 2715 1419 2751 quae
1438 2701 1617 2738 abominor
1632 2699 1726 2748 fingo
1751 2728 1761 2744 ‚
1798 2712 1845 2737 ne
1867 2700 1994 2737 scilicet
2016 2700 2055 2736 τὸ
2085 2701 2262 2738 maxime·

1224 2755 1275 2791 bis
1307 2753 1485 2799 legeretur
1509 2779 1518 2794 ‚
1547 2750 1648 2800 quod
1669 2760 1794 2788 tamen
1817 2761 1884 2787 nec
1904 2758 2046 2798 praeter
2067 2761 2212 2788 morem
2230 2779 2241 2795 ,

1225 2815 1293 2841 nec
1313 2802 1386 2840 fine
1409 2803 1584 2848 elegantia
1605 2803 1760 2838 iter-atur.
1787 2801 1866 2838 Lib.
1890 2799 1954 2836 IX.
1978 2799 2085 2848 Epist.
2101 2800 2242 2839 XXVI.

1225 2865 1259 2890 n.
1279 2866 1312 2898 4.
1339 2860 1426 2889 sunt
1448 2853 1540 2889 enim
1563 2853 1724 2889 maxime
1747 2850 1952 2895 mirabilia,
1980 2863 2068 2901 quae
2079 2853 2242 2889 maxime

1224 2904 1411 2954 insperata.
1433 2910 1542 2951 atque
1564 2904 1610 2940 ita
1629 2901 1852 2950 saepiuscule.

1279 2968 1295 3002 5
1329 2953 1533 2990 Abominor.
1555 2953 1570 3002 ]
1611 2954 1721 3001 Quae
1753 2954 1880 2990 omine
1901 2951 2033 3000 abjicio
2056 2979 2067 2995 ‚
2093 2958 2134 2988 ut
2155 2960 2251 3000 puta*

1226 3014 1398 3042 mortem.
1426 3003 1686 3045 Abominatur,
1713 3005 1830 3053 inquit
1854 3002 2059 3040 Columella
2083 3030 2093 3045 ,
2118 3013 2245 3040 arator

1221 3054 1367 3094 herbam
1387 3084 1398 3102 ‚
1435 3063 1612 3143 tanqucgn
1645 3067 1744 3092 omen
1766 3054 1858 3103 triste
1878 3054 2036 3104 exspuat.
2062 3052 2217 3091 Cum.

1605 3116 1625 3144 e
1640 3116 1660 3143 e
1685 3116 1706 3141 2.
2137 3114 2151 3142 1
2184 3106 2246 3147 Te·⁴

2308 544 2343 597 5
