2616 3686
7 3584 27 3686 μ’(
10 3512 16 3525 '

548 151 920 243 *LIBER
988 188 1702 244 x.E1>1s'r0LA
1774 198 1993 253 cxxn.
2224 208 2322 279 84,-

195 265 552 335 servationem
578 288 750 325 meam
778 268 1049 340 quaedam
1075 266 1354 321 necessitas
1377 271 1537 340 rupit.
1616 271 1790 328 Uxori
1819 282 1967 334 enim
1993 299 2141 339 meae
2167 290 2317 344 audi·
2359 309 2387 343 2

193 364 247 408 ta
274 360 449 405 morte
474 346 587 409 avi,
626 343 834 398 volent-i
860 340 929 395 ad
951 345 966 370 ¹
988 342 1207 396 amitam
1231 341 1375 396 suam
1397 360 1693 400 excurrere
1709 387 1722 409 ‚
1761 351 1916 406 usum
1943 372 2132 412 eorum
2155 379 2315 432 nega,

191 443 252 482 re
278 425 475 479 durum
499 421 714 492 putavi,
757 434 884 472 cum
911 415 1027 470 talis
1052 413 1222 471 officii
1248 418 1416 489 gratia
1450 420 1503 473 in
1535 421 1812 477 celeritate
1845 426 2148 485 consisteret
2166 472 2182 496 ,
2223 438 2320 492 sci-

191 514 417 570 remque
443 501 461 525 ²
484 498 755 550 rationem
782 492 984 548 itineris
1012 491 1399 562 probaturum,
1439 491 1588 564 cujus
1613 497 1766 552 causa
1804 514 1917 555 erat
1942 504 2123 573 pietas.
2161 505 2319 565 Haec

190 571 398 646 scripti,
439 571 565 644 quia
595 571 722 625 mihi
743 583 934 641 parum
961 581 1142 637 gratus
1169 566 1265 622 tibi
1299 568 1419 623 fore
1448 569 1704 635 videbar,
1745 572 1780 628 fi
1825 574 2216 634 dissimulassem
2244 583 2325 636 in.

193 664 274 706 ter
300 647 395 703 alia
420 645 684 701 beneficia
711 647 856 699 ³.hoc
880 659 1048 695 unum
1068 642 1255 714 ,quod
1285 659 1371 698 me
1398 643 1598 702 debere
1621 648 1983 721 indulgentiae
2004 657 2322 725 tuaezquod

193 723 391 781 fiducia
418 721 560 793 ejus,
599 718 744 793 quafi
767 715 1013 772 consulto
1043 729 1127 782 te,
1166 734 1280 773 non
1325 717 1565 775 dubitavi
1600 719 1813 791 facere,
1856 743 2021 801 quae,
2063 727 2099 784 fi
2133 729 2328 785 consu·

195 797 427 861 inissem,
468 794 623 866 fsero
646 792 898 849 feciffem.

599 942 833 1000 CXXII.
911 941 1466 1014 TRAJANUS
1541 943 1942 1008 PL1N10.

403 1094 675 1152 Rescribit
703 1094 971 1165 Trajanus
992 1092 1132 1148 bene
1153 1089 1333 1148 fecisse
1350 1090 1666 1151 Secundum
1692 1113 1792 1170 pro
1819 1096 2116 1172 diplomate

841 1168 1099 1224 concefl'o
1123 1166 1484 1240 Calphurniae
1506 1173 1683 1226 uxori.

366 1317 520 1375 Enyo
556 1315 796 1388 habutsti,
847 1317 1067 1372 Secunde
1099 1315 1338 1387 cariffi'me
1369 1359 1383 1380 ,
1418 1314 1675 1386 fiduciam
1710 1323 1866 1375 animi
1896 1327 2030 1379 mei:
2071 1346 2156 1384 nec
2189 1330 2334 1386 dubi-

365 1396 574 1451 tandum
584 1393 805 1469 fmffet,
845 1393 922 1464 ⁵st
938 1391 1266 1467 expefi‘aſjiet‚
1289 1393 1437 1447 donec
1469 1410 1546 1447 me
1587 1394 1854 1468 confideres
1875 1436 1891 1462 ‚
1940 1419 2006 1454 an
2026 1405 2125 1458 iter
2159 1413 2336 1462 uxoris

2212 1493 2332 1539 tuae

254 1626 286 1656 1.
314 1619 512 1671 Amitam,']
541 1617 755 1668 Hispullam.
780 1614 826 1655 de
844 1615 1000 1665 utrisque
1017 1614 1107 1655 libro
1127 1618 1236 1668 quin·
1299 1613 1462 1673 fuerunt·
1489 1616 1700 1667 produetae.
1771 1619 2050 1663 Adsumendum
2097 1626 2147 1665 est
2186 1627 2333 1669 videbar

200 1673 265 1711 to,
290 1668 335 1705 ad
364 1670 562 1709 Pontium:
588 1681 685 1707 eram
719 1679 795 1706 cum
821 1667 986 1717 proficere
1015 1678 1112 1713 meo,
1134 1681 1233 1707 eram
1302 1676 1364 1705 aut
1383 1665 1499 1706 fimile
1519 1669 1622 1719 quid.
1646 1670 1763 1721 Cujus
1784 1673 1836 1711 rei
1865 1675 2032 1724 exempla
2060 1685 2144 1725 pete
2162 1689 2207 1716 ex
2232 1679 2333 1721 dietis

200 1728 278 1754 cum
313 1722 426 1759 amita
457 1722 582 1759 uxoris.
610 1723 662 1758 Io
679 1731 697 1756 ε
713 1731 754 1757 Μ.
809 1722 930 1756 Locus
963 1719 1088 1756 citatus
1121 1720 1233 1760 exstat
1303 1717 1348 1757 ad
1369 1717 1452 1757 Lib·
1476 1718 1508 1758 Ι.
1530 1719 1640 1770 Epist.
1667 1722 1771 1763 XIII.
1800 1735 1837 1762 n.
1862 1723 1897 1762 6.
1925 1726 2011 1764 Lib.
2036 1727 2104 1765 111.
2131 1729 2239 1778 Epist.
2269 1732 2334 1772 IX.

200 1767 313 1816 Epist.
339 1771 425 1808 XV.
452 1783 485 1810 n.
515 1772 537 1810 8
578 1773 638 1809 cui
668 1770 762 1808 adde
790 1768 872 1807 Lib.
899 1767 966 1808 lv.
997 1769 1106 1818 Epist.
1130 1769 1234 1811 XIX.
1303 1779 1341 1806 n.
1371 1779 1427 1807 12.
1454 1770 1494 1809 ,δί
1514 1769 1824 1832 hoelibruEpist.
1849 1774 2044 1816 LXXXV.
2057 1786 2146 1820 extr.
2173 1781 2211 1818 ὅ(
2228 1781 2338 1831 Epist.

205 1818 245 1856 ὃ(
279 1819 360 1859 Lib.
393 1822 500 1861 VllI.
526 1822 631 1871 Epist.
655 1822 719 1860 XI.
745 1822 870 1865 Avus,
895 1830 1010 1870 quem
1046 1819 1105 1858 hic
1134 1833 1236 1860 mor·
1304 1817 1468 1858 XCVlIs
1492 1831 1529 1858 n.
1557 1823 1721 1869 7.⁷Lon
1738 1836 1938 1865 Gomus.
2134 1833 2135 1837 ’

208 1874 314 1907 tuum
334 1870 486 1919 legimus
500 1900 510 1918 ,
538 1873 752 1910 uxoris-erat
771 1870 1000 1916 Fabatus‚ad
1019 1882 1134 1922 quem
1152 1883 1234 1912 non
1356 1881 1394 1917 4·
1423 1876 1499 1910 Ser'o‘
1511 1873 1699 1926 Χιτῶνα]
1725 1878 1866 1914 Interea
1885 1878 1983 1917 enim
2006 1877 2095 1917 dum
2116 1891 2135 1917 a
2158 1887 2195 1919 te
2218 1881 2337 1932 diplo-

204 1929 339 1970 paucae
359 1922 513 1962 Secundi
537 1923 727 1972 Epistolae.
994 1943 1000 1950 κ
1076 1948 1079 1951 -
1307 1920 1469 1962 mamad
1486 1928 1547 1961 me
1566 1926 1715 1973 perferri
1732 1924 1947 1976 potuissent,
1976 1927 2097 1968 amiffa
2127 1930 2244 1971 fuiffet
2271 1945 2336 1984 op-

254 1982 292 2007 2.
319 1970 382 2010 Te
403 1975 572 2013 rationem
591 1974 720 2014 itineris
732 1971 1001 2023 probaturum]
1025 1973 1235 2023 'Negligunt
1307 1974 1506 2028 portunitas
1526 1977 1762 2023 profectionis
1776 2005 1786 2022 ,
1799 1989 1907 2027 quam
1927 1981 2114 2019 accelerari
2138 1982 2336 2031 plurimum

205 2030 416 2070 pronomen
445 2025 549 2064 Voff.
575 2026 612 2062 &
642 2027 754 2074 prima
785 2024 852 2062 Ed.
879 2023 1062 2062 adnuente
1089 2025 1233 2072 Plinio,
1307 2025 1474 2061 intererat
1495 2025 1644 2073 pietatis.
1695 2028 1785 2067 Illud
1805 2029 1989 2078 postremo
2021 2031 2080 2070 hic
2110 2033 2310 2073 notandum
2327 2064 2339 2082 ‚

208 2071 365 2121 utsupra
386 2074 466 2114 Lib.
494 2077 521 2113 Ι.
547 2076 654 2124 Epist.
682 2075 783 2112 XIX.
809 2087 845 2113 n.
860 2085 895 2123 3.
921 2074 984 2124 m'Ji
995 2075 1115 2120 scirem
1129 2076 1235 2126 spon·
1306 2072 1462 2113 Plinium
1483 2074 1739 2116 Proconsulem
1761 2090 1918 2117 uxorem
1938 2081 2035 2120 suam
2057 2082 2176 2121 secum
2197 2085 2234 2123 in
2255 2097 2340 2135 pro·

207 2131 241 2160 te
261 2122 465 2171 facturum,
495 2138 539 2166 ex
561 2126 666 2164 MSS.
696 2126 820 2164 datum
850 2124 921 2170 est,
973 2136 1159 2174 quamque
1185 2128 1236 2178 le·
1311 2125 1469 2163 vinciam
1493 2125 1640 2166 duxiffe.
1665 2129 1826 2168 Pertinet
1854 2131 1928 2169 hoc
1955 2132 1999 2170 ad
2031 2133 2112 2171 Lib.
2138 2135 2208 2173 lV.
2235 2137 2266 2186 §.
2293 2137 2343 2178 Π.

208 2172 509 2224 ctionem'postea
528 2177 770 2216 intelleximus
797 2186 951 2226 quoque
975 2174 1076 2214 fuiffe
1096 2177 1132 2214 in
1161 2188 1237 2226 uno
1306 2175 1476 2224 proficisci.
1504 2181 1552 2214 D.
1583 2179 1623 2216 de
1643 2181 1901 2231 offproconfieo·
1918 2181 2019 2231 legat.
2047 2185 2210 2223 Rn--rs
2226 2201 2248 2224 u
2264 2200 2280 2224 s
2296 2199 2336 2226 tt.

208 2223 350 2263 Codice
380 2227 461 2266 MS.
498 2229 536 2266 &
566 2227 737 2265 Editione
776 2227 961 2274 Neapolit.
999 2227 1107 2272 1476.
1142 2238 1237 2276 quae
1312 2227 1360 2263 Et
1391 2227 1473 2264 sane
1505 2228 1663 2267 Caecina
1694 2233 1803 2269 etiam
1835 2232 1931 2281 apud
1963 2233 2083 2273 Tacit.
2113 2235 2179 2273 ΙΙΙ.
2205 2238 2339 2277 Annal.

206 2272 412 2314 Brummeri
434 2289 563 2316 manus
582 2278 743 2316 excuffit.
767 2277 837 2315 Sed
856 2287 981 2315 tamen
1004 2277 1113 2321 vide,
1138 2290 1235 2326 quae
1308 2288 1387 2325 cap.
1414 2278 1589 2317 XXXIII.
1617 2282 1823 2327 censuerat,
1851 2295 1899 2321 ne
1927 2295 2039 2332 quem
2071 2285 2337 2334 magistratum,

207 2324 254 2363 ad
271 2326 307 2364 h.
331 2327 353 2364 1.
382 2329 526 2366 fuerunt
547 2328 717 2376 adposita.
743 2327 852 2365 Hanc
871 2328 1082 2375 elegantiam
1101 2339 1234 2376 ,quam
1310 2329 1367 2364 cui
1390 2329 1573 2376 provincia
1604 2330 1826 2377 obveniffet,
1852 2344 1946 2372 uxor
1977 2335 2219 2375 comitaretur.
2273 2338 2337 2377 Se-

206 2374 332 2414 librarii
357 2389 433 2415 non
464 2388 658 2427 caperent,
686 2379 806 2426 paffim
830 2379 955 2427 partim
988 2376 1231 2423 reddidimus,
1310 2388 1395 2414 cum
1416 2386 1540 2417 tamen
1561 2379 1720 2420 habuiffe
1740 2394 1872 2422 uxores
1899 2384 1955 2421 vel
1981 2384 2095 2424 sacrae
2117 2389 2264 2436 paginae
2281 2389 2338 2427 lo-

208 2428 337 2475 partim
369 2429 630 2467 vindicavimus
670 2429 887 2478 Tranquillo
917 2428 1052 2465 nostro.
1114 2428 1171 2466 Sic
1199 2429 1235 2467 in
1309 2436 1470 2476 quuntur
1499 2430 1537 2467 in
1570 2441 1686 2469 uxore
1725 2433 1854 2478 Pilati,
1893 2434 2028 2472 Matth.
2060 2449 2138 2486 cap.
2174 2438 2338 2479 XXVll.

207 2476 276 2524 Jul.
303 2489 380 2526 cap.
409 2480 495 2516 Lll.
523 2480 668 2528 vulgus:
697 2485 753 2516 Ac
784 2492 824 2517 ne
853 2479 905 2516 cui
935 2478 1079 2517 dubium
1100 2480 1236 2518 omnino
1310 2490 1452 2517 comm.
1482 2492 1540 2526 19·
1565 2480 1715 2520 Drufilla
1746 2483 1888 2528 Felicis,
1919 2484 1968 2523 D.
1996 2486 2089 2524 Luc.
2116 2489 2152 2525 in
2177 2489 2258 2527 flc‘t.
2284 2490 2339 2527 A.

199 2527 273 2579 fit,
299 2530 590 2579 &impudicitiae
613 2541 698 2568 eum
728 2541 768 2568 (9¹
800 2529 1050 2567 adulteriorum
1079 2528 1235 2577 flagrafl'e
1310 2530 1400 2576 post.
1427 2541 1502 2578 cap.
1528 2529 1668 2569 XXIV.
1695 2545 1907 2578 comma-4.
1929 2536 2066 2574 Ultima
2087 2538 2192 2588 hujus
2206 2540 2336 2588 episto-

207 2578 369 2625 infizmia.
390 2581 449 2619 ubi
470 2593 513 2619 ex
537 2582 635 2630 supra
667 2579 814 2618 laudatis
842 2580 1024 2628 Obsopaei
1051 2580 1236 2629 Excerptis
1310 2579 1366 2618 lae
1394 2581 1430 2618 in
1461 2579 1565 2618 Voff.
1596 2584 1634 2621 &
1662 2586 1775 2622 veteri
1807 2585 1874 2623 Ed.
1895 2586 1968 2623 hoc
1998 2588 2115 2624 modo
2144 2589 2336 2636 leguntur:

207 2630 473 2678 cognovimus,
501 2632 559 2669 hic
582 2642 656 2668 non
677 2629 749 2668 effe
766 2630 887 2666 locum
909 2630 1130 2677 pronomini.
1176 2631 1235 2670 Sic
1310 2642 1380 2678 qua
1399 2632 1601 2670 inconsulto
1622 2645 1654 2671 te
1673 2647 1738 2671 non
1758 2635 1925 2673 dubitavi
1934 2650 1944 2679 ;
1973 2650 2070 2686 quem
2091 2639 2125 2689 fi
2153 2641 2338 2687 consuluis-

209 2677 245 2715 in
275 2680 389 2719 Claud
426 2692 502 2731 cap.
538 2682 676 2719 XXIV.
713 2680 877 2730 quamvis
901 2678 996 2716 initio
1027 2679 1235 2730 adfirmassst
1307 2683 1396 2730 sem,
1427 2681 1473 2719 sic
1492 2683 1567 2732 sero
1579 2684 1738 2734 feciffem.
1790 2687 1915 2733 Quam
1944 2687 2140 2726 ledrionem
2168 2690 2230 2728 etfi
2257 2703 2336 2730 non

213 2738 278 2764 non
299 2730 476 2769 lecturum
508 2733 718 2781 senatorem,
747 2730 810 2774 nili
833 2730 917 2767 civis
949 2736 989 2767 R.
1015 2730 1209 2771 abnepotem
1224 2759 1235 2775 ,
1309 2732 1503 2780 improbo,
1531 2745 1606 2770 non
1626 2744 1746 2773 tamen
1765 2737 1910 2784 recipio.

212 2776 271 2815 ubi
285 2782 410 2826 pariter
429 2783 485 2821 alii
506 2784 673 2821 lemarum
685 2784 735 2830 se.
760 2784 797 2819 ὃς
819 2781 888 2818 aliis
907 2780 1006 2819 locis.
1033 2780 1065 2816 L
1080 2791 1140 2818 ou
1155 2793 1179 2817 o
1195 2793 1236 2818 o-
1365 2795 1397 2829 ς.
1425 2783 1461 2819 Si
1481 2784 1744 2831 exspeerafl'et.]
1775 2785 1825 2823 lta
1856 2783 1956 2823 Voff.
1984 2788 2019 2823 ὅ(
2053 2788 2106 2831 Jo.
2133 2787 2179 2826 de
2212 2791 2336 2830 Tridi-

214 2835 336 2868 nus.
1311 2843 1385 2876 no,
1413 2844 1432 2868 a
1450 2833 1578 2875 Quibus
1611 2845 1674 2871 cur
1705 2834 1903 2873 distentiam
1921 2863 1930 2879 ,
1959 2836 2034 2874 nul
2056 2850 2070 2875 s
2093 2838 2210 2878 habeo
2230 2844 2338 2880 ratio·

270 2887 303 2925 3-
326 2879 414 2919 Hoc
430 2895 544 2920 unum
571 2882 586 2923 l
616 2880 769 2920 Voss.&
794 2882 907 2930 prima
925 2879 1044 2918 Editio
1063 2879 1123 2917 hoc
1144 2895 1232 2925 uno,
1310 2893 1386 2919 nes.
1441 2882 1538 2919 Nam
1572 2895 1647 2921 non
1670 2885 1805 2929 Plinio,
1826 2886 1885 2923 sed
1911 2889 1986 2935 ejus
2005 2889 2109 2925 uxori
2131 2891 2338 2940 exspedian-

215 2931 323 2973 itque
343 2933 516 2971 omittunt
538 2930 678 2978 fticbcm
693 2961 701 2973 ,
732 2944 840 2982 quam
865 2942 996 2967 vocem
1019 2931 1165 2974 induxi,
1188 2944 1234 2969 ne
1312 2931 1398 2969 dum
1421 2930 1539 2970 fuiss'et
1554 2961 1563 2974 ,
1591 2934 1614 2971 fi
1637 2935 1765 2975 Plinius
1785 2947 1861 2973 non
1881 2935 1996 2975 statim
2017 2938 2211 2986 diplomata
2233 2955 2337 2981 com-

212 2984 363 3062 guoque
383 2981 419 3018 in
437 2981 508 3021 fine
525 2984 656 3022 Plinius
675 2983 794 3021 fibifit
816 2981 995 3020 dissimilis.
1023 2982 1118 3018 Mire
1135 2983 1233 3019 enim
1309 2979 1498 3020 mod-affer.
1553 2984 1633 3021 Nec
1652 2985 1830 3023 insolitum
1856 2986 1903 3024 est
1918 3014 1927 3030 ,
1954 2988 2061 3025 alium
2084 2990 2200 3029 casum
2224 3005 2267 3030 ex
2284 2994 2337 3029 se-

239 3028 350 3074 eperit
369 3028 430 3068 has
443 3032 628 3081 Veneres,
655 3046 808 3085 quarum
838 3042 915 3072 non
944 3044 1080 3082 paucae
1109 3032 1233 3081 paffim
1309 3040 1446 3082 quente
1464 3032 1651 3074 adsumere
1672 3063 1684 3082 ,
1720 3044 1763 3075 >ut
1785 3037 1858 3075 hoc
1885 3037 1970 3076 loco
2000 3051 2045 3077 ex
2076 3043 2214 3088 uxoris,
2242 3055 2329 3077 uxor

2252 3069 2340 3128 libs
