2616 3686
304 213 406 283 708
554 197 2238 260 (LPLI‘NIICAECILIISECUNDI

318 293 419 354 usus
444 306 459 338 .·
504 293 606 352 quia
628 289 796 353 ⁴scilicet
827 288 886 333 ad
918 286 1225 345 Imperatorem
1258 276 1498 337 Trajanum
1528 291 1608 322 non
1634 275 1912 335 doctzffimum
1933 310 1949 336 ‚
1982 279 2026 338 st
2049 278 2193 325 Dioni
2212 278 2449 341 credimus,

309 358 555 422 scribebat,
588 355 800 417 illassfere
819 354 878 400 ad
896 350 1210 408 eruditiffimos.
1277 346 1497 405 Principis
1520 357 1614 404 ergo
1621 342 1698 402 sui
1719 342 1884 388 dicendi
1903 358 2034 405 genus
2054 342 2247 407 effingere
2269 346 2450 393 conaba-

321 434 427 482 tur,
462 438 557 469 curn
578 424 763 469 oratoris
782 422 932 466 virtus
946 417 1179 477 praecipua
1186 415 1252 473 stt
1272 411 1435 469 dicere,
1448 423 1554 470 quae
1571 408 1722 453 videat
1744 409 1966 455 lettoribus
1974 410 2156 469 placere.
2190 412 2450 475 Numquam

309 492 432 538 enim
453 490 695 536 arbitrarer
715 521 732 546 ,
778 486 889 548 quod
918 482 1155 530 Martialis
1184 479 1235 524 de
1265 476 1445 522 Gallicis
1482 474 1537 526 ὃ
1562 473 1773 535 Hispanis
1788 476 1888 533 suis
1907 477 2128 536 verficulis
2148 509 2164 536 ,
2199 479 2290 524 ideo
2311 480 2453 524 minus

310 559 472 618 politos
486 588 502 614 ,
535 557 637 616 quia
659 556 703 600 in
717 550 946 614 provincia
958 581 975 607 ,
986 563 1067 594 non
1087 548 1132 590 in
1154 544 1254 590 urbe
1267 574 1283 600 ,
1297 542 1394 587 nati
1411 540 1567 601 efflnt:
1587 541 1697 586 idem
1709 541 1902 602 accidiffe
1911 543 1957 586 in
1967 540 2182 600 Bithynia
2197 544 2453 590 Caecilianis

311 622 527 683 epistolis,
551 622 649 682 five
668 634 740 665 eas
751 616 910 678 fecerit
929 628 1013 659 non
1034 611 1196 670 consilio
1214 606 1461 667 publicandi
1481 638 1497 664 ,
1533 605 1616 668 fid
1635 605 1727 666 post
1746 606 1836 661 ejus
1856 606 2018 652 obitum
2039 608 2095 652 ab
2115 608 2348 655 amicorum
2366 610 2449 657 ali.

312 704 428 757 quo,
460 687 574 748 quod
590 686 652 731 acl
672 683 906 731 Lentulum
933 678 1144 724 Ciceronis
1166 675 1305 721 literis
1336 673 1513 734 contigit
1532 704 1549 730 ,
1583 672 1722 720 editae
1743 662 1837 733 stnt
1858 704 1876 732 ,
1911 672 1968 725 ὅ
1990 672 2080 719 ideo
2098 674 2218 718 minu
2223 688 2243 719 5
2255 675 2420 734 pnffae
2429 688 2450 720 .·

319 755 422 820 quia
443 754 497 799 ab
519 755 690 798 auitore
708 746 782 808 suo
803 763 884 795 non
905 743 1166 807 castigatae:
1200 755 1260 786 an
1275 739 1444 801 potius,
1479 736 1591 798 quod
1609 736 1665 788 &³
1684 739 1767 798 ipse
1778 736 1962 799 fatetur
1982 769 1998 795 ,
2032 748 2083 785 ut
2104 739 2338 785 libellorum
2349 739 2451 800 suo-

312 834 417 867 rum
439 819 568 864 vario
580 816 659 875 filo
678 815 852 874 diversa
873 814 1074 859 lectorum
1095 808 1260 869 ingenia
1288 805 1497 850 detineret
1520 801 1543 846 ?
1589 802 1743 862 Neque
1771 813 1918 849 tamen
1944 804 2162 850 interdum
2195 805 2451 864 diffimulare

307 887 484 947 potuit,
518 884 618 944 quin
633 883 832 942 pleraque
868 879 1007 924 multa
1028 877 1074 921 in
1091 870 1430 934 praecedentibus
1451 866 1662 930 usurpata
1684 865 1776 926 istis
1797 869 1961 930 inserat
1985 903 2001 928 ,
2035 870 2159 930 quale
2189 871 2302 916 illud
2319 905 2332 929 ‚
2368 885 2453 932 qua

309 951 478 1013 publice
508 963 590 1010 qua
608 949 843 1008 privatim.
915 944 1042 989 Nam
1072 940 1133 986 ad
1150 939 1395 985 Romanum
1407 932 1672 997 scripserat,
1707 931 1818 995 Qu
1829 935 2074 994 foeminae,
2105 950 2189 996 qua
2215 937 2322 982 viri,
2379 937 2446 982 Et

309 1017 382 1062 ‹ad
409 1015 618 1063 Marcum
639 1047 655 1073 ,
755 1027 811 1058 ua
841 1008 984 1068 officiis
1017 1008 1219 1053 maximis
1248 1035 1265 1062 ,
1311 1015 1396 1063 qua
1412 1000 1656 1060 principum
1686 999 1898 1044 amicitia.
1967 1000 2081 1045 Item
2108 1000 2279 1060 verba,
2304 1002 2453 1063 qualia

309 1082 457 1147 sunt,
490 1082 650 1141 alioqui
673 1113 688 1138 ,
722 1079 877 1124 durum
902 1110 916 1133 ,
960 1074 1112 1137 dispice
1135 1105 1151 1131 ,
1185 1072 1230 1116 in
1250 1069 1398 1115 melius
1420 1099 1437 1124 ,
1480 1064 1540 1110 ad
1560 1064 1793 1123 exemplum
1808 1065 2028 1124 pertinens
2048 1097 2063 1123 ,
2099 1067 2240 1110 omnia
2256 1069 2452 1129 integra,

317 1147 671 1194 advocationibus
690 1142 943 1191 renuntiavi
963 1174 980 1199 ,
1026 1139 1212 1201 delegato
1242 1133 1351 1181 mihi
1370 1130 1517 1190 officio,
1589 1130 1700 1174 Cum
1714 1139 1948 1190 patronum
1969 1145 2032 1176 me
2054 1131 2260 1190 optaſjent
2270 1134 2453 1192 provin-

318 1215 445 1260 eiales
467 1222 615 1259 contra
640 1210 843 1258 Marium
866 1205 1068 1261 Priscum
1091 1239 1105 1261 ,
1139 1200 1322 1263 constare
1342 1203 1551 1244 rationem
1571 1228 1588 1254 ,
1631 1196 1687 1240 ab
1717 1198 1884 1241 ineunte
1904 1205 2049 1242 aetate
2068 1196 2370 1256 condiscipulus
2394 1198 2451 1250 ἐξ

310 1279 656 1336 contubernalis,
682 1275 843 1338 fundos
866 1271 1186 1331 emancipavit,
1211 1266 1296 1328 sub
1308 1267 1452 1325 figno,
1488 1259 1706 1308 natalium
1717 1260 1945 1323 splendor,
1980 1263 2030 1308 de
2051 1277 2170 1308 mora
2192 1267 2328 1324 queri.
2382 1264 2450 1310 Et

308 1361 367 1392 ‚ne
386 1347 564 1391 minima
586 1358 770 1405 quaeque
794 1340 1036 1400 colligamus
1057 1369 1072 1394 ,
1110 1348 1240 1395 pares
1270 1333 1404 1378 etiam
1426 1328 1574 1391 sensus
1611 1325 1666 1377 &⁷
1687 1341 1754 1373 res
1777 1326 1878 1373 hinc
1897 1328 1994 1374 inde
2016 1338 2233 1375 occurrent
2258 1361 2273 1387 ,
2308 1340 2359 1375 ut
2392 1330 2455 1376 ad

316 1410 585 1474 frajanum,
621 1410 691 1455 ubi
706 1407 964 1468 gratulatur
985 1404 1078 1448 deos
1090 1397 1311 1462 festinaffe
1331 1395 1390 1441 ad
1416 1393 1703 1456 gubernacula
1733 1395 1838 1453 reip.
1869 1394 2097 1440 admovere
2113 1395 2238 1440 illum
2261 1410 2278 1440 .·
2314 1394 2369 1446 ἐξ
2403 1397 2450 1441 in

315 1477 580 1538 Panegyrico
600 1475 748 1534 aſjerit
767 1472 891 1518 brevi
908 1467 995 1530 post
1011 1467 1278 1527 adoptionem
1301 1459 1485 1521 Trajani
1506 1493 1522 1517 ,
1567 1458 1776 1504 Nervam
1803 1475 1824 1503 e
1856 1461 1958 1504 vita
1991 1461 2200 1520 migraſje.
2267 1461 2335 1506 Et
2354 1477 2451 1507 mox

307 1543 482 1590 indicat
501 1540 616 1601 apud
633 1538 807 1586 eundem
818 1535 868 1599 st:
888 1544 1109 1594 expertum
1139 1531 1221 1578 duo
1254 1528 1532 1575 matrimonia
1557 1557 1572 1580 ‚
1618 1522 1665 1568 id
1690 1524 1801 1587 quod
1818 1525 1950 1570 etiam
1971 1527 2017 1570 in
2036 1525 2216 1586 epistolis
2236 1527 2298 1572 ad
2303 1524 2449 1586 fami-

317 1610 454 1656 liares>
466 1617 609 1668 aperte
632 1606 843 1666 colligitur
866 1618 882 1647 .·
926 1610 976 1647 ut
999 1609 1167 1646 taceam
1190 1631 1207 1657 ,
1251 1593 1362 1656 quod
1395 1591 1465 1637 hic
1496 1589 1617 1650 Julii
1639 1589 1847 1635 Serviani
1866 1592 2015 1650 optimi
2036 1593 2129 1637 viri
2151 1624 2167 1650 ,
2202 1591 2323 1649 cujus
2344 1593 2451 1638 alibi

303 1674 407 1736 jam
426 1674 673 1722 mentionem
683 1670 853 1731 fecerat
874 1701 890 1726 ,
934 1665 1189 1713 meminerit.
1224 1661 1280 1712 ἑξ
1303 1660 1349 1726 in
1359 1657 1557 1720 sequenti
1578 1653 1747 1714 epistola
1768 1655 1952 1715 testatur
1959 1657 2009 1718 fl’
2027 1657 2147 1719 egiſje
2167 1667 2315 1703 contra
2336 1658 2451 1705 Ma-

314 1741 434 1788 rium
450 1753 526 1799 pro
551 1736 710 1797 Afris,
745 1749 873 1795 quam
895 1747 984 1779 rem
1007 1731 1113 1777 libro
1124 1726 1307 1791 fhcundo
1320 1723 1517 1785 pluribus
1547 1721 1781 1778 complexus
1803 1721 1876 1782 esi.
1946 1722 2077 1787 Qid
2094 1723 2235 1768 dicam
2255 1723 2306 1768 de
2315 1736 2447 1782 prae-

305 1805 486 1869 fectura
506 1803 669 1849 aerarii
681 1836 697 1861 ,
732 1800 780 1846 de
803 1814 886 1861 qua
903 1806 1077 1858 praeter
1097 1794 1157 1840 ad
1170 1793 1408 1853 Trajanum
1419 1787 1542 1848 sstepe
1554 1786 1710 1849 scribit
1734 1790 1779 1832 in
1795 1788 2135 1847 praecedentibus
2155 1788 2211 1840 ὅς’
2236 1790 2281 1833 in
2302 1789 2450 1836 Pane-

309 1873 454 1936 gyrico
478 1870 502 1916 ?
548 1870 661 1915 Item
690 1866 802 1928 quod·
829 1865 969 1910 latum
988 1863 1164 1908 clavum
1177 1872 1256 1920 pro
1280 1856 1465 1905 Voconio
1488 1854 1679 1900 Romano
1701 1885 1716 1911 ,
1762 1869 1882 1914 quem
1900 1854 2007 1899 alibi
2015 1852 2114 1914 fere
2132 1855 2283 1900 iisdem
2305 1855 2454 1902 verbis

317 1935 635 1991 (commendavit
655 1967 671 1992 ,
705 1932 759 1977 ab
787 1931 1049 1990 Imperatore
1061 1935 1189 1988 petat
1212 1958 1228 1984 ,
1260 1926 1369 1990 sicut
1394 1921 1523 1967 Aetio
1547 1920 1685 1966 Surae
1701 1930 1957 1978 praeturam
1980 1953 1996 1978 ,
2030 1920 2204 1981 denique
2223 1921 2309 1966 iter
2315 1921 2452 1982 suum

315 2004 372 2057 ab
391 2003 492 2050 urbe
510 2004 557 2047 in
578 1999 832 2054 Bithyniam
860 1993 1053 2055 Trojano
1072 1994 1242 2040 nunciet
1267 2005 1282 2035 .·
1329 1997 1379 2036 ut
1415 1987 1613 2032 omittam
1646 1985 1819 2030 eundem
1842 1983 2027 2049 scribere
2058 1986 2372 2045 ad'Septitium
2403 1988 2451 2034 in

307 2069 583 2134 praefatione
600 2064 964 2125 praecedentium,
1006 2077 1026 2107 e
1048 2060 1316 2107 collecturum
1337 2052 1525 2113 epistolas
1555 2065 1661 2111 quae
1690 2051 2004 2113 negligebantur
2023 2085 2040 2110 ‚
2083 2062 2292 2114 tanquam
2311 2055 2454 2100 minus·

309 2137 499 2198 politae:
536 2132 591 2183 ἑᾷ
613 2131 867 2177 additurum
888 2141 994 2188 quas
1013 2119 1499 2186 postmodum-scriberet.
1533 2116 1704 2177 proinde
1732 2117 1794 2161 acl
1824 2117 2061 2177 Yrajanum
2083 2117 2242 2164 dixerit
2262 2151 2278 2177 ,
2313 2118 2447 2164 Diem

312 2202 481 2249 domine
499 2214 578 2261 quo
590 2194 782 2257 ftrvasti
803 2194 1055 2253 imperium,
1089 2190 1189 2236 dum
1199 2186 1396 2254 suscipis.
1466 2184 1532 2229 Et
1557 2186 1602 2229 in
1626 2182 1885 2244 Panegyrico
1901 2198 1918 2228 .·
1942 2183 2251 2241 Exspefftatum
2271 2183 2328 2244 est
2344 2192 2446 2228 tem-

308 2283 421 2331 pus,
455 2269 501 2312 in
522 2280 601 2327 quo
622 2265 799 2324 liqueret
821 2274 903 2305 non.
925 2268 1017 2304 tam
1038 2255 1233 2316 accepiffi·
1258 2264 1299 2299 te
1320 2248 1562 2311 beneficium
1584 2281 1600 2306 ‚
1634 2259 1762 2309 quam
1781 2248 1946 2308 dediffe.
2018 2249 2225 2313 Confugit
2247 2249 2444 2307 infinum

319 2345 444 2381 tuum
486 2329 680 2389 concuſja
709 2324 893 2387 respubl.
930 2335 1131 2384 tuensque
1163 2321 1389 2380 imperium.
1410 2315 1541 2379 super
1573 2315 1854 2373 Imperatoris
1896 2330 1998 2360 voce
2032 2315 2113 2361 tibi
2152 2316 2338 2362 delatum
2369 2312 2439 2372 est.

318 2399 433 2449 Item
460 2432 476 2455 ,
511 2396 603 2443 Hic
622 2410 719 2456 ego,
755 2394 922 2452 inquit,
958 2391 1061 2453 quia
1070 2388 1257 2451 sciebam
1277 2389 1375 2430 acta
1399 2382 1523 2441 Baffi
1546 2379 1711 2441 Procoss
1733 2379 1900 2441 resciffa
1920 2413 1936 2438 ,
1971 2381 2210 2441 dictumque
2226 2394 2253 2424 a
2279 2378 2441 2424 Senatu

304 2465 397 2527 jus·
414 2460 690 2520 omnibus,de
714 2458 862 2521 quibus
884 2458 953 2504 ille
973 2455 1142 2519 aliquid
1160 2450 1520 2512 constituiſjet,ex
1542 2448 1703 2508 integro
1722 2446 1872 2508 agendi
1893 2446 2110 2491 duntaxat
2123 2459 2201 2504 per·
2219 2444 2441 2489 biennium.

315 2533 407 2579 illic
427 2546 529 2576 vero
548 2528 721 2574 eandem
753 2537 841 2570 rem
863 2523 1037 2569 brevius
1056 2556 1071 2581 ,
1119 2520 1174 2572 ὅ
1208 2519 1298 2564 ideo
1330 2519 1470 2562 minus
1491 2523 1636 2572 aperte
1654 2545 1670 2570 ,
1717 2523 1766 2557 ut
1789 2513 1872 2557 loco
1894 2511 2189 2566 conveni-ebat,
2222 2512 2439 2555 trafftans:

314 2597 421 2657 Effe
441 2596 539 2642 veri
563 2596 736 2641 dixerat
749 2590 956 2650 principis
975 2623 991 2647 ,
1034 2584 1287 2634 intercedere
1309 2579 1613 2643 iniquitatibus
1641 2577 1970 2637 magistratuum
1991 2609 2006 2632 ‚
2048 2573 2326 2634 infeb‘z‘umque
2344 2575 2440 2618 red-

309 2663 411 2711 dere
433 2660 633 2723 quicquid
650 2674 730 2705 non
754 2658 1000 2715 oportuerit.
1073 2654 1151 2700 Ad
1168 2651 1273 2697 haec
1291 2649 1356 2694 ad
1380 2647 1582 2707 Priscum
1605 2678 1619 2702 ,
1665 2644 1822 2702 Nuper
1852 2642 1908 2686 ab
1938 2642 2089 2700 optimo
2098 2639 2286 2697 principe
2306 2641 2443 2685 trium

317 2729 545 2777 liberorum
567 2726 645 2785 jus
675 2726 945 2782 impetravi,
991 2720 1103 2784 quod
1132 2730 1377 2779 quanquam>
1400 2727 1528 2773 parce
1561 2710 1615 2761 ὅς’
1648 2723 1742 2753 cum
1773 2708 1928 2752 cleleHu
1949 2705 2072 2749 daret
2092 2735 2106 2759 ,
2141 2702 2251 2747 mihi
2269 2713 2442 2767 tamen,

318 2805 528 2855 tanquam
549 2794 719 2848 liceret,
752 2788 942 2848 indulfit.
1013 2788 1169 2852 Quare
1190 2781 1407 2839 Trajanus
1432 2777 1619 2827 Secundo
1642 2772 1866 2834 rescribens
1884 2770 1992 2815 idem
1999 2768 2079 2828 jus
2096 2780 2172 2825 pro
2197 2769 2443 2830 Tranquillo

316 2852 486 2920 roganti
509 2892 524 2916 ,
559 2873 686 2919 quam
701 2870 829 2916 parce
851 2888 866 2912 ,
897 2855 1068 2916 inquit,
1103 2852 1204 2897 haec
1223 2847 1421 2901 beneficia
1444 2844 1661 2896 tribuam,
1694 2840 1838 2896 utique
1856 2836 1917 2879 mi
1935 2832 2120 2905 Secunde
2139 2834 2342 2893 cariffime
2364 2838 2447 2883 tibi

308 2924 431 2986 stitis
451 2924 504 2983 est
525 2926 806 2979 exploratum.
878 2920 933 2967 In
943 2920 1034 2981 fine
1054 2919 1211 2965 harum
1232 2912 1500 2974 epistolarum
1523 2941 1534 2960 ‚
1580 2902 1778 2972 quamuis
1805 2898 2019 2972 fitppreſjo
2048 2900 2209 2944 nomine
2232 2935 2246 2957 ‚
2282 2903 2443 2947 Fabati

312 2988 520 3051 profhceri
543 2990 700 3033 obitum
724 2996 944 3032 memorat.
1014 2986 1217 3045 Denique
1234 2981 1312 3026 illa
1337 2975 1513 3022 Caecilii
1532 2970 1591 3016 ad
1609 2965 1843 3025 Trasanum
1864 2962 2031 3022 epistola
2053 2997 2067 3022 ,
2115 2980 2242 3024 quam
2272 2967 2441 3014 Paulus

316 3056 497 3118 >Orosius
518 3087 535 3114 ,
580 3052 785 3112 Eusebius
814 3054 859 3097 in
893 3051 1114 3096 Chronicis
1137 3082 1153 3109 ,
1201 3043 1491 3093 Tertullianus
1521 3037 1570 3081 in.
1596 3030 1841 3094 apologetico
1874 3028 2061 3075 Secundo
2090 3031 2311 3079 tribuunt,
2335 3031 2450 3089 sciti&

2235 3107 2442 3161 superque
