2616 3686
489 200 1876 258 ,LIBERILEPISTOLAXN
2209 219 2296 269 ¹43

182 285 196 305 ¹
237 282 498 360 sportulae
529 318 550 343 2
624 281 786 349 ‘quarn
834 274 1174 342 inatriclinio
1229 273 1441 330 dantur.
1519 267 1534 284 ²
1586 273 1675 328 Ex
1714 273 1913 339 iudicio
1950 274 2006 327 in
2037 271 2302 341 judicium

114 348 118 352 ’
186 359 298 433 pari
333 351 588 410 mercede
631 349 893 405 transitur.
968 346 1100 402 Inde
1134 346 1240 416 jam
1283 363 1393 401 non
1430 344 1691 404 inurbane
1733 342 1747 367 ³
1802 351 2054 411 Σοφοκλεῒς
2101 359 2300 400 vocan-
2335 374 2366 421 5

185 445 302 490 tur:
339 426 528 482 iisdem
568 422 787 478 latinum
825 434 1022 474 nomen
1062 418 1370 489 impolitum
1411 417 1519 479 est,
1559 422 1578 445 ⁴
1614 414 1919 468 laudicoeni.
1995 415 2066 470 Et
2118 428 2297 470 tamen

117 563 119 566 Α
186 499 376 557 crescit
417 496 586 553 indies
621 493 844 549 foeditas
879 491 890 517 ⁵
934 504 1165 563 utraque
1205 492 1380 562 lingua
1420 501 1620 546 notata.
1695 486 1838 543 Heri
1880 485 1992 541 duo
2029 484 2047 506 ⁶
2071 503 2292 611 nlomen-
2339 500 2372 542 6

2069 575 2098 611 c
2123 570 2295 614 atores

190 725 244 754 rat
265 723 386 755 autern
406 713 504 752 locus
527 708 794 760 capaciffimus,
821 709 881 747 ubi
915 710 1051 760 saepius
1085 710 1203 751 confi·
1269 710 1368 749 serta.
1415 710 1562 748 IDEM.
1609 708 1731 746 Etiam
1765 704 1928 745 Riccard.
1958 703 2061 743 Voss.
2096 702 2298 743 Lindenbr.

188 767 236 804 lia
257 765 392 815 publica
415 764 452 800 &
473 763 607 810 privata
625 761 760 810 judicia
780 760 996 811 arbitriaque
1031 763 1203 803 conficie-
1272 761 1441 810 Bongars.
1468 762 1596 798 Oxou.
1621 761 1659 798 &
1673 787 1684 803 ‚
1710 758 1813 807 quod
1835 756 1998 800 mireris,
2026 753 2297 810 Mediceusuex-

189 815 323 855 bantur.
374 811 464 850 Inde
486 812 619 850 Seneca
634 839 644 855 ‚
677 811 831 848 Fremitu
847 811 1064 859 judiciorum
1084 812 1203 864 basic'i-
1273 811 1498 861 positionem
1524 810 1625 850 istam
1648 809 1844 852 exhibent,
1870 807 1944 845 hoc
1957 805 2099 844 modo:
2128 805 2298 843 Indemm

187 878 244 904 cae
258 878 293 901 re
310 872 428 901 onam.
481 861 678 899 Exti-udae
702 862 802 899 enim
825 861 905 899 sunt
927 865 966 902 in
989 865 1076 902 urbe
1098 876 1202 913 prae-
1273 875 1342 900 non
1354 861 1529 901 inurbane
1541 862 1729 903 σοφοκλεῖς
1746 868 1924 896 vocantur
1938 855 2015 893 ἀπὶ
2028 857 2073 893 σέ
2093 857 2214 903 σοφῦς
2233 851 2301 893 καὶ

186 923 240 954 ter
293 912 428 957 uliam,
455 912 544 950 aliae
566 909 755 957 basilicae,
782 918 823 949 ut
854 913 974 952 Portia
1003 916 1041 952 &
1075 915 1201 965 Ulpia,

185 965 231 1003 de
266 963 393 1013 quibus
431 962 601 1000 omnibus
641 960 682 999 fit
720 962 864 1001 mentio
899 974 920 1000 a
956 964 996 1002 P.
1036 966 1201 1006 Vittore.

186 1015 377 1054 Caram

232 1077 248 1103 1
279 1069 300 1100 S
322 1060 495 1112 ortulae.]
525 1062 741 1101 Munuscula
756 1091 766 1108 ‚
794 1074 889 1112 quae
912 1063 1088 1105 dabantur
1110 1071 1201 1108 ami-

182 1115 230 1154 cis
251 1125 274 1152 o
316 1115 359 1152 cii
383 1114 505 1158 causa,
534 1122 573 1150 ut
595 1123 746 1151 centum
767 1114 982 1164 quadrantes
1008 1129 1016 1152 :
1046 1117 1092 1155 de
1118 1122 1199 1168 qui-

179 1165 243 1203 bus
265 1164 435 1202 Martialis
450 1192 460 1208 ,
489 1165 527 1202 &
549 1164 731 1202 interdum
754 1175 821 1213 pro
843 1165 978 1204 minori
1006 1165 1197 1208 summula.

180 1215 278 1254 Nam
299 1214 483 1253 Secundus
506 1213 551 1252 de
574 1214 671 1252 divis.
694 1214 934 1264 sportularum
958 1244 968 1260 ‚
1007 1218 1080 1265 Qi
1110 1220 1198 1258 viri-

177 1264 245 1304 lem
259 1267 398 1315 ,inquit
411 1265 710 1315 ,togamsumunt
734 1266 791 1303 vel
805 1267 1117 1315 nuptiasfaciunt,
1141 1271 1199 1309 vel

175 1317 298 1354 ineunt
319 1315 566 1365 magistratum
582 1344 592 1360 ‚
620 1315 678 1354 vel
702 1325 780 1364 opus
797 1315 977 1365 publicum
1000 1318 1164 1358 dedicant
1185 1349 1196 1366 ,

168 1366 285 1417 solent
307 1377 422 1404 totum
442 1372 610 1404 Senatum
633 1377 739 1416 atque
760 1369 868 1405 etiam
891 1381 906 1404 e
920 1368 1014 1418 plebe
1035 1381 1104 1406 non
1125 1371 1197 1408 exi-

171 1431 281 1467 guum
312 1430 498 1455 numerum
529 1429 654 1454 vocare
678 1445 688 1461 ,
726 1416 887 1467 binosque
923 1419 1106 1465 denarios,
1136 1421 1194 1458 vel

168 1466 325 1516 singulos
344 1470 438 1505 dare.
492 1473 634 1516 sportae
654 1474 779 1504 autem
805 1469 843 1505 δε
853 1467 1034 1516 sportulas
1053 1481 1094 1506 ac
1103 1471 1195 1520 [Por-

177 1517 280 1555 tellae
294 1547 304 1564 ‚
333 1530 409 1568 quo
432 1518 545 1555 verbo
568 1517 802 1566 Tranquillus
824 1519 959 1562 utitur,
986 1519 1066 1556 sunt
1089 1532 1198 1558 num-

177 1579 328 1606 morum
352 1568 575 1616 receptacula
590 1594 599 1610 ‚
627 1565 715 1602 sicut
728 1567 819 1614 sacci
841 1593 851 1609 ,
870 1567 1000 1615 sacculi
1019 1596 1028 1611 ,
1049 1569 1196 1617 sacelli,

179 1617 330 1654 auctore
359 1617 533 1654 Pediano.
592 1617 693 1652 Dion
727 1615 937 1665 frequenter
958 1626 1075 1655 narrat
1098 1619 1199 1666 spor-

179 1667 268 1705 tulas
292 1664 392 1704 fuiffe
416 1665 595 1704 tess‘erulas
606 1666 763 1711 ligneas,
790 1676 878 1715 quas
891 1678 936 1703 ex
950 1669 1086 1706 vertice
1099 1671 1200 1708 thea-

179 1720 223 1756 tri
246 1719 283 1755 in
305 1717 483 1766 populum
517 1716 723 1765 spargebant
756 1714 997 1764 Imperatores
1023 1730 1030 1753 :
1071 1719 1199 1766 quibus

182 1767 279 1816 signa
311 1770 450 1805 inerant
483 1766 676 1810 esculenti,
704 1773 765 1804 aut
785 1766 888 1804 vestis
911 1794 922 1810 ‚
949 1775 1011 1804 aut
1034 1770 1196 1815 argenti,

183 1826 365 1867 praeterea
388 1817 500 1861 vasis,
528 1825 588 1854 aut
613 1818 711 1861 auri,
738 1828 919 1867 equorum
943 1816 1173 1856 domitorum
1189 1848 1199 1865 ‚

184 1880 361 1915 pecorum
376 1897 385 1912 ‚
413 1868 610 1905 servorum.
664 1866 732 1905 Eas
755 1895 766 1912 ,
793 1868 854 1917 qui
877 1865 1095 1915 excepissent
1120 1897 1130 1913 ‚
1159 1881 1201 1906 0-

187 1920 348 1965 poxtebat
370 1918 416 1954 ad
438 1918 674 1957 distributores
695 1917 822 1956 afferre
845 1945 855 1961 ,
882 1928 902 1954 a
935 1918 1063 1967 quibus
1098 1920 1202 1968 quod

188 1967 391 2015 inscriptum
417 1978 514 2013 erat,
541 1967 769 2017 accipiebant.
808 1969 902 2006 CAT
918 1980 989 2005 AN.
1039 1967 1138 2007 Vide
1163 1971 1201 2009 δε

189 2016 251 2062 Jac
275 2018 443 2055 Sirmond
466 2018 511 2056 ad
533 2018 656 2058 Sidon.

1271 916 1480 950 καλεῖσθαιε
1507 912 1631 951 iisdem
1666 909 1840 946 Latinum
1879 920 2003 945 nomen
2035 914 2104 944 cet.
2125 913 2167 943 ut
2187 907 2304 952 intera⁴

1272 965 1427 1013 pret-atio
1466 962 1508 1001 fit
1540 961 1680 1012 oppido
1703 960 1852 1008 antiqua
1877 986 1888 1002 ,
1915 969 2027 1008 quam
2051 965 2177 994 tamen
2199 956 2301 997 recte

1272 1013 1485 1053 sustulerunt
1506 1014 1575 1052 viri
1599 1011 1711 1050 docili.
1764 1009 1951 1059 Gryphius
1974 1016 2100 1045 tamen
2121 1015 2193 1046 vet.
2216 1007 2306 1047 cod.

1269 1065 1415 1110 laudat,
1469 1066 1506 1103 ui
1527 1075 1607 1102 non
1627 1062 1782 1103 habeat;
1811 1061 1872 1098 sed
1894 1070 1963 1097 nec
1995 1058 2104 1096 habet
2135 1058 2302 1096 Arnzen.

1272 1116 1311 1153 δε
1334 1116 1463 1155 Helml
1480 1115 1536 1154 ad.
1557 1123 1785 1164 quamquam
1808 1111 1869 1150 hic
1880 1109 2032 1158 quidem
2047 1108 2302 1166 omniaflGrae-

1271 1176 1312 1203 ca
1358 1166 1539 1215 negligere
1587 1164 1707 1203 soleat.
1762 1162 1807 1200 In
1851 1158 1955 1198 Voff.
1992 1158 2041 1198 est
2076 1166 2195 1194 καλειν
2233 1169 2307 1208 pro

1270 1220 1473 1254 καλεῖσθαι.

1321 1279 1344 1315 4
1383 1265 1636 1316 Laudicoeni.]
1675 1263 1754 1312 Qui
1783 1262 2015 1301 laudarentur
2047 1261 2096 1299 ob
2118 1258 2306 1306 coenam:

1271 1318 1376 1366 quod
1396 1319 1574 1356 convenit
1596 1328 1683 1356 cum
1707 1314 1887 1353 Martiale.
1918 1313 2009 1350 Sunt
2032 1313 2095 1361 qui
2107 1312 2305 1358 σοφοκλεῖς

1272 1369 1310 1404 &
1327 1368 1525 1406 laudicoeni
1548 1368 1708 1406 referant
1729 1364 1774 1401 ad
1796 1363 1979 1402 auditores
2003 1390 2014 1406 ,
2050 1373 2128 1400 non
2152 1362 2304 1400 ad'ora-

1271 1423 1394 1464 tores,
1422 1420 1526 1468 quod
1559 1418 1608 1456 ilh'
1635 1425 1836 1454 coenarum
1869 1412 1971 1450 causa
1993 1412 2167 1461 sapientes
2190 1424 2304 1451 voca·-

1271 1475 1376 1513 rent,
1405 1471 1442 1506 &
1465 1467 1656 1506 laudarent
1679 1462 1886 1502 causidicos.
1940 1461 2055 1498 Hunc
2077 1473 2225 1500 morem
2249 1470 2304 1502 te·-

1270 1518 1352 1565 tigit
1379 1518 1564 1555 Lucianus
1589 1514 1738 1567 quando
1763 1515 1904 1551 malum
1929 1519 2115 1549 oratorem
2128 1511 2305 1553 instruxit.

1271 1566 1302 1602 C
1318 1580 1339 1603 A
1357 1582 1380 1606 T
1397 1581 1419 1605 A
1433 1580 1467 1605 N.
1499 1569 1602 1616 Lege
1627 1565 1848 1613 Scaligerum
1871 1562 1917 1600 ad
1937 1560 2084 1599 Festum
2110 1563 2158 1598 V.
2204 1562 2304 1601 Alu-

1267 1629 1388 1655 mento
1414 1629 1493 1666 pag.
1521 1631 1573 1664 14
1628 1614 1766 1654 Meursi
1784 1627 1832 1651 im
1857 1613 1902 1650 ad
1925 1612 2208 1649 PlautiPoenuI.
2220 1625 2303 1663 pag.

1272 1678 1350 1713 197.
1390 1668 1582 1705 Budaeum
1617 1667 1664 1704 ad
1695 1664 1864 1702 Pande&
1896 1672 1977 1711 pag.
2017 1662 2096 1699 161.
2146 1663 2302 1703 Bam-n.

1269 1716 1484 1755 Gronovius
1507 1729 1659 1766 quoque
1683 1715 1729 1752 ad
1750 1714 1855 1752 Plinii
1877 1712 1968 1750 Hist.
1988 1712 2072 1750 Nat.
2093 1712 2175 1750 Lib.
2198 1713 2301 1754 XXI.

1269 1776 1342 1815 cap.
1367 1768 1416 1804 V.
1471 1765 1682 1804 Laudicoeni
1705 1764 1847 1803 dietum
1870 1770 1973 1813 putat
1988 1790 1997 1806 ,
2025 1773 2093 1810 pro
2119 1764 2302 1803 Laodicoe-

1269 1817 1307 1853 ni
1323 1845 1332 1860 ‚
1359 1825 1399 1855 ut
1423 1817 1592 1855 Laudicea
1608 1846 1618 1863 ,
1650 1815 1864 1853 Lautumias
1889 1842 1899 1859 ,
1930 1814 2085 1850 Laudice
2106 1841 2117 1857 ,
2155 1816 2300 1852 Lauda-

1270 1867 1344 1903 mia
1367 1865 1575 1907 scribuntur.
1630 1867 1766 1906 Testor
1787 1873 1916 1904 tamen
1930 1891 1940 1909 ‚
1969 1863 2199 1902 membranas
2212 1865 2303 1915 Με-Δ

1271 1918 1388 1957 diceas
1411 1918 1592 1969 praeferre
1618 1917 1810 1956 Laodiceni.
2288 1915 2291 1917 ’

1323 1982 1340 2017 ς
1372 1974 1527 2020 Utraque
1560 1969 1721 2019 lingua]
1764 1969 1909 2006 Graeco
1941 1965 2126 2004 vocabulo
2151 1978 2215 2006 eos
2235 1967 2299 2019 apss

1270 2020 1443 2067 pellando
1467 2023 1654 2068 σοφοκλεῖς
1671 2049 1682 2065 ,
1713 2021 1751 2058 &
1775 2018 1997 2057 laudicoenos.
2027 2017 2182 2055 (ΖΜ-ΑΝ.

1321 2070 1344 2107 6
1376 2069 1704 2120 Nomenclatores.]
1737 2067 2014 2107 Nomenculator
2050 2066 2125 2105 slve
2157 2082 2300 2108 nomen-

239 2079 258 2103 2
290 2073 343 2104 Ex
369 2067 534 2116 judicie]
581 2069 660 2107 Scil.
682 2070 813 2117 primo.
843 2070 942 2107 Nam
965 2075 1122 2120 quatuor
1140 2071 1200 2119 ju-

1269 2119 1380 2158 clator
1401 2134 1465 2171 per
1488 2123 1678 2171 syncopen
1697 2133 1718 2159 a
1742 2120 1882 2158 nomine
1903 2119 2053 2156 calando
2078 2147 2088 2163 ,
2117 2118 2154 2157 id
2177 2119 2226 2156 est
2249 2122 2298 2158 ci-

1230 1486 1238 1824 l

192 2117 281 2155 dici-„i
305 2117 434 2157 fiebant
455 2120 492 2157 in
513 2119 656 2158 Basilica
676 2118 767 2164 Julia
782 2147 794 2165 ,
817 2120 879 2158 ubi
913 2128 1012 2158 erant
1044 2119 1202 2159 totidem

192 2169 389 2206 tribunalia.
415 2169 565 2208 CATAN.
1268 2171 1382 2209 tando
1416 2173 1577 2217 dicitur,
1618 2173 1681 2222 qui
1714 2173 1774 2210 vel
1805 2171 1962 2218 Principi
1996 2169 2056 2205 vel
2079 2168 2298 2215 magistratui

245 2232 261 2268 3
293 2219 520 2269 Σοφοκλεῖς.]
550 2219 646 2256 Abra*
667 2223 726 2255 τοῦ
736 2221 832 2266 σοφὲ
843 2219 905 2257 καὶ
920 2224 978 2257 τοῦ
988 2223 1203 2266 καλεῖσθαι,
1270 2222 1329 2259 vel
1351 2222 1545 2261 candidato
1569 2223 1722 2260 nomina
1745 2221 1900 2268 suggerit
1926 2222 1964 2256 ὃς
1987 2225 2102 2254 notat.
2145 2220 2299 2266 Spartia-

192 2270 228 2308 id
252 2269 299 2307 est
314 2299 324 2314 ,
353 2269 396 2305 ab
417 2284 449 2308 eo
468 2272 556 2320 quod
577 2270 676 2321 Sophi
699 2272 876 2308 dicuntur.
928 2272 1028 2309 Nam
1052 2273 1115 2320 qui
1150 2272 1203 2309 di-
1239 2265 1241 2317 ξ
1271 2283 1336 2310 nus
1359 2273 1397 2309 in
1420 2272 1585 2310 Adriano
1600 2300 1611 2316 ,
1639 2271 1794 2308 Nomina
1809 2269 1976 2318 plurimis
2009 2267 2065 2304 ine
2099 2267 2300 2305 nomencla-

193 2321 352 2358 centibus
398 2320 554 2360 solebant
609 2321 741 2359 adulari
765 2350 775 2365 ,
824 2322 1026 2359 clamabant
1072 2321 1203 2371 Sophos.
1239 2329 1242 2362 ι
1270 2332 1342 2359 tore
1366 2323 1544 2359 reddidit:
1575 2334 1664 2371 quae
1681 2320 1788 2370 fiemel
1813 2329 1856 2356 <7
1881 2331 1978 2365 conge
2009 2330 2031 2352 a
2046 2316 2154 2366 fimul
2176 2319 2299 2357 audie-

192 2370 345 2408 Pcrinde
360 2398 370 2414 ,
396 2382 435 2407 ac
459 2370 484 2407 fi
507 2371 666 2410 dicerent
688 2372 860 2419 sapienter
893 2371 1031 2410 dietum
1055 2399 1065 2415 ,
1103 2373 1205 2420 quod
1240 2372 1242 2381 ¹
1271 2383 1332 2407 rat
1352 2382 1392 2407 ut
1415 2370 1686 2409 nomenclatores
1700 2369 1835 2419 saepius
1861 2378 2018 2406 errantes
2038 2368 2298 2409 emendaverit.

195 2421 341 2458 testatur
364 2420 539 2459 Martialis
563 2422 642 2459 Lib.
666 2420 776 2458 sexto.
1273 2421 1328 2456 M.
1355 2421 1392 2456 T
1397 2421 1498 2458 ullius
1517 2431 1584 2470 pro
1609 2421 1767 2458 Murena
1783 2448 1792 2463 ,
1820 2419 1918 2467 Quid
1932 2428 1947 2455 ,θ
1975 2417 2068 2468 quod
2098 2417 2204 2456 habes
2235 2432 2297 2458 no-

1271 2469 1517 2508 menclatorem
1534 2499 1544 2515 ,
1571 2470 1609 2507 in
1630 2485 1664 2508 eo
1685 2470 1827 2521 quidem
1841 2468 1945 2516 fallis
1967 2479 2009 2508 <9¹
2031 2468 2164 2518 decipis.
2193 2469 2295 2509 Cum

243 2523 351 2569 Qaeod
372 2534 449 2560 tam
469 2524 604 2572 grande
616 2521 739 2572 sophos
759 2522 893 2560 clamat
918 2520 983 2559 tibi
1017 2519 1123 2558 turba
1156 2530 1208 2558 to-
1241 2487 1244 2547 l
1274 2521 1437 2558 Romani
1458 2522 1646 2558 servorum
1668 2520 1834 2569 legiones
1847 2518 1952 2558 domi
1963 2520 2124 2563 alerent,
2153 2520 2295 2559 necesse

343 2585 432 2619 gata
446 2602 455 2618 ‚
1243 2576 1247 2611 l
1273 2580 1346 2608 crat
1368 2572 1498 2609 habere
1521 2573 1584 2621 qui
1607 2583 1670 2610 eos
1691 2571 1846 2609 nomine
1868 2571 2028 2608 citarent.
2050 2572 2089 2608 in
2112 2569 2214 2620 quod
2224 2571 2295 2609 Pli-

287 2627 369 2659 Non
389 2634 429 2660 ta
454 2623 638 2673 Pomponi,
667 2635 766 2661 coena
789 2623 920 2673 disnta
941 2632 1005 2661 tua
1025 2620 1080 2668 est.
1243 2622 1246 2628 '
1273 2623 1352 2659 nius
1376 2621 1490 2659 senior
1513 2621 1559 2659 sic
1582 2622 1787 2660 invehitur:
1817 2627 1886 2657 Hoc
1916 2621 2081 2671 profecere
2108 2619 2297 2670 mancipio.

1272 2685 1350 2709 rum
1385 2673 1526 2721 legiones
1548 2701 1559 2717 ,
1603 2684 1645 2712 ω’
1676 2672 1714 2709 in
1746 2673 1844 2710 domo
1875 2670 1983 2709 turba
2014 2681 2161 2708 externa
2183 2674 2291 2708 aera.—

196 2722 250 2760 Sic
280 2725 318 2762 &
348 2724 575 2763 Claudianus.
611 2726 787 2763 Plutarch.
818 2727 934 2774 inquit
957 2752 967 2768 ,
1004 2720 1204 2763 κκλᾶἷςκαὶ
1242 2760 1243 2771 ¹
1264 2723 1452 2770 servorum
1502 2736 1630 2773 quoque
1668 2723 1772 2772 causa
1821 2721 2059 2759 nomenclator
2095 2719 2293 2758 adhibitus.

199 2775 311 2818 *οΦτῖς
327 2775 394 2814 suis
414 2777 638 2824 temp01ibus
662 2776 737 2813 fere
761 2773 956 2813 desiit—visse
981 2801 991 2818 ,
1031 2776 1069 2812 δε
1092 2775 1163 2811 iam
1188 2786 1207 2810 a
1242 2778 1244 2785 '
1274 2773 1382 2810 lix-rar
1404 2773 1556 2821 Augusti
1577 2773 1740 2811 scomma
1763 2773 1808 2810 de
1830 2771 2111 2809 nomenclatore
2136 2771 2293 2809 oblivio·

201 2822 403 2869 quibusdam
443 2825 510 2864 dici
552 2826 673 2864 divine
697 2829 734 2864 &
769 2826 967 2874 phanaticc.
1021 2823 1207 2872 Supcrflue
1274 2824 1335 2867 so,
1363 2824 1506 2862 dicente
1528 2823 1769 2872 Imperatori,
1799 2821 1979 2872 Nunquid
1993 2821 2038 2858 ad
2051 2821 2175 2859 forum
2188 2833 2293 2859 man-

204 2869 358 2912 additum
387 2876 500 2914 fuerat
529 2878 566 2915 in
597 2876 723 2915 codice
766 2876 843 2926 post
891 2877 1100 2920 Σοφοκλεῖς.
1134 2869 1207 2910 einh
1272 2873 1332 2911 dis
1359 2872 1372 2909 ἓ
1399 2876 1506 2924 accipe
1531 2904 1540 2919 ‚
1568 2875 1685 2923 inquit
1708 2903 1718 2918 ‚
1747 2872 2056 2911 commendatitias
2083 2899 2093 2916 ,
2118 2872 2202 2921 quia
2225 2870 2297 2909 illic

208 2919 264 2953 ‘⁸⁰⁸⁰'
279 2923 379 2968 σοφὶς
397 2924 457 2962 καὶ
478 2929 536 2963 τοῦ
556 2929 763 2969 nazareus,
789 2928 863 2965 hoc
896 2938 941 2964 cx
974 2924 1045 2962 fide
1080 2926 1208 2962 veteris
1273 2925 1447 2962 neminem
1471 2924 1564 2971 nosti.
1618 2925 1666 2962 Et
1688 2924 1775 2963 illud
1797 2923 1920 2968 Fabii,
1949 2922 1994 2960 de
2019 2923 2158 2971 ingrato
2180 2922 2294 2969 litiga-

212 2973 434 3022 cxffmphriffi
461 2980 499 3016 &
519 2977 677 3016 Pliniana
709 2978 808 3016 insita
839 2978 1024 3016 brevitate.
1080 2975 1208 3013 Fuerat·
1273 2984 1352 3012 tore
1377 2975 1543 3013 causidici
1568 2974 1805 3023 conspesturfi
1830 2975 1969 3012 vitante
1993 2973 2029 3010 iu
2055 2974 2138 3009 foro
2151 2984 2215 3021 per
2228 2983 2296 3008 no-

210 3027 306 3055 cmm
329 3022 502 3069 culusclam
525 3029 768 3076 interpretatio
807 3029 902 3066 sorte
935 3027 1184 3077 superinduela
1200 3055 1209 3071 ,
1243 3045 1245 3050 π
1274 3027 1539 3063 ment-latorem
1564 3024 1710 3062 mislum
1731 3024 1776 3062 ad
1796 3036 1882 3062 cum
1908 3053 1919 3069 ‚
1967 3028 2085 3060 Amas
2116 3037 2173 3060 me
2191 3049 2202 3065 ‚
2241 3022 2294 3058 in-

210 3069 249 3105 &
270 3067 387 3116 Postea
406 3083 427 3110 a
445 3077 520 3116 rudi
541 3076 708 3127 scriptore
730 3082 822 3120 inter
851 3079 984 3121 codicis
1017 3079 1126 3117 verba
1156 3079 1209 3116 in·
1240 3096 1244 3124 1
1272 3077 1349 3124 quit
1375 3105 1384 3122 ‚
1425 3076 1509 3127 quia
1541 3087 1572 3115 te
1606 3087 1675 3115 non
1712 3074 1802 3113 vidi.
1858 3075 1973 3114 Hunc
2004 3074 2291 3157 p1·iuss33r{0rc⁷n

2129 3130 2183 3159 uic
2201 3130 2262 3156 um
2278 3145 2290 3164 ‚
