2616 3686
368 201 468 268 ·5-40·
617 201 677 253 c,
744 202 1137 256 PLINII
1208 160 1720 255 emmiu
1790 198 2317 255 secu-Nor

303 289 357 340 ¹3
377 279 650 354 Exiguum
675 286 935 356 temporis
960 295 971 318 ¹
1002 284 1243 340 medium
1263 324 1279 350 ‚
1332 283 1389 339 &
1416 280 1593 338 rursus
1621 279 1789 337 fimile
1811 281 1957 339 aliud
1979 283 2150 355 priori
2175 282 2342 341 fidem
2365 284 2531 346 fecit..

376 356 521 413 Puer
549 360 603 413 in
633 364 650 387 ²
671 360 1013 434 paedagogio
1039 359 1219 415 mistus
1243 358 1484 432 pluribus
1509 356 1815 419 dormiebat
1833 376 1845 413 :
1863 370 2134 414 venerunt
2148 375 2244 431 per
2260 359 2515 420 fenestras

377 432 410 501 C
424 433 497 489 ita
519 438 739 511 narrat)
779 437 834 491 in
861 437 1056 491 tunicis
1081 435 1212 492 albis
1235 436 1349 492 duo
1372 475 1389 501 ,
1440 432 1844 508 cubantemque
1870 433 2240 490 detonderunt
2270 455 2283 491 :
2326 437 2381 493 ὃς
2406 457 2516 514 qua
2564 492 2577 499 ,

375 523 662 574 venerant,
705 511 1049 567 recesserunt.
1125 509 1299 566 Hunc
1319 527 1545 583 quoque
1566 509 1783 566 tonsum
1798 548 1816 575 ,
1854 509 2167 584 sparsosque
2190 511 2333 568 circa
2357 515 2536 589 capil-

306 582 458 652 14los
488 586 599 639 dies
627 584 872 640 ostendit.
950 585 1096 640 Nihil
1133 584 1374 640 notabile
1404 585 1647 640 secutum
1673 627 1696 650 ,
1748 584 1844 641 nisi
1878 585 2024 641 forte
2053 623 2071 650 ‚
2112 585 2266 658 quod
2296 604 2408 644 non
2440 590 2518 646 fui

377 675 527 713 reus:
570 658 814 722 futurus,
855 659 895 714 fi
918 659 1304 723 Domitianus,
1353 658 1450 713 sub
1489 677 1603 731 quo
1627 659 1762 715 haec
1797 661 2116 716 acciderunt
2147 704 2163 728 ,
2204 660 2408 718 diutius
2445 667 2542 720 vi·-

375 733 547 788 xiffet.
592 751 717 787 nam
745 741 761 768 ³
792 736 857 788 in'
872 734 1071 788 scrinio
1094 734 1206 804 ejus
1233 741 1252 768 ⁴
1287 733 1440 788 datus
1467 751 1495 788 a
1517 733 1665 790 Caro
1693 736 1764 791 de
1789 754 1878 791 me
1906 736 2116 790 libellus
2141 737 2395 793 inventus
2431 739 2521 795 est.

376 805 467 863 Ex
488 808 920 880 quoconjef’tari
944 806 1119 879 potest
1140 849 1156 874 ‚
1208 815 1221 843 ⁵
1250 810 1375 880 quia
1408 809 1509 862 reis
1541 812 1708 864 moris
1743 810 1818 865 est
1846 813 1865 840 ⁶
1886 811 2203 866 submittere
2239 815 2524 885 capillum,

377 888 397 919 ⁷
422 882 617 938 recisos
641 901 895 939 meorum
922 885 1168 957 capill03‚
1211 886 1236 912 θ’
1260 881 1487 956 depulsl,
1511 883 1666 954 quod
1694 883 2037 950 imminebat,
2069 886 2294 959 periculi
2316 886 2545 960 lignum-

305 958 540 1020 15fniffe.
580 958 820 1013 Proinde
846 977 1017 1031 rog0,
1062 959 1433 1014 eruditionem
1465 971 1613 1012 tuam
1641 959 1907 1015 intendas,
1946 962 2122 1032 Digna
2138 961 2522 1036 resest,quam

378 1036 472 1090 diu
505 1035 847 1107 multumque
891 1034 1225 1089 confideres:
1278 1042 1295 1067 ⁹
1329 1052 1397 1088 ne
1434 1051 1537 1105 ego
1563 1033 1791 1106 quidem
1820 1033 2074 1106 indignus
2102 1075 2119 1098 ‚
2171 1039 2258 1091 cui
2298 1043 2518 1112 copiam

303 1124 361 1171 16
374 1109 628 1172 scientiae
656 1124 779 1173 tuae
806 1108 981 1171 facias,
1022 1109 1378 1171 Licetetiam
1403 1122 1690 1183 utra-mque
1715 1109 1770 1164 in
1791 1122 2001 1184 partem
2015 1149 2051 1183 ,Ἀ
2071 1123 2132 1165 ut
2154 1108 2286 1168 soles
2302 1152 2321 1178 ,
2343 1115 2523 1189 dispu-

2414 1205 2521 1247 tes:
2544 1242 2547 1244 ,

1478 1294 1644 1334 Calvitio
1667 1292 1944 1334 offendebatur.
1973 1292 2005 1331 C
2019 1296 2042 1331 A
2054 1302 2162 1332 ΤΑΝ.

1527 1359 1561 1394 4.
1588 1349 1701 1385 Datus
1719 1360 1739 1383 a
1761 1345 1893 1396 Cara]
1922 1346 2094 1383 Porreeta
2104 1343 2329 1383 Domitiano
2351 1355 2371 1382 a
2389 1344 2517 1385 Metio
2538 1366 2545 1377 ‹

1476 1398 1575 1437 Caro
1588 1427 1597 1443 ,
1611 1397 1779 1436 delatore
1797 1396 1989 1435 adversum
2001 1408 2074 1434 me.
2109 1398 2166 1434 11>
2180 1406 2260 1432 EM.
2288 1394 2404 1434 Arnz.
2426 1397 2523 1434 Nam
2543 1413 2549 1420 ·

1473 1449 1508 1487 in
1533 1453 1634 1487 crine
1665 1448 1735 1496 ejus
1759 1449 1857 1486 datus
1890 1460 1978 1486 acro
2003 1448 2039 1486 de
2059 1461 2108 1486 me
2129 1446 2282 1491 libellum
2309 1447 2465 1485 Helmst.
2483 1447 2519 1487 ἀ
2542 1482 2544 1484 ,

1474 1501 1546 1539 Ed.
1576 1501 1664 1539 Vet.
1693 1501 1789 1537 Nam
1818 1499 1852 1536 in
1876 1500 2017 1537 crimen
2046 1497 2119 1544 ejus
2150 1498 2244 1535 datus
2265 1509 2350 1535 acer
2365 1498 2403 1536 dc
2422 1511 2470 1537 me
2492 1499 2515 1538 1.

1470 1551 1621 1590 inventus
1641 1552 1684 1601 cst
1699 1581 1708 1596 ‚
1736 1558 1923 1599 corrupte.
1963 1550 2138 1599 Optimus
2160 1548 2196 1588 &
2216 1548 2317 1588 Vosfi
2338 1549 2509 1600 vulgatae

1477 1603 1675 1642 consentit.

1529 1664 1562 1701 5.
1591 1654 1692 1707 Qia
1716 1652 1784 1691 rtis
1803 1653 1905 1691 moris
1924 1652 1970 1703 est
1979 1651 2175 1700 submittere
2188 1651 2384 1703 capillum]
2410 1653 2510 1691 Reo-
2526 1679 2528 1681 -

428 1314 460 1341 1.
487 1300 679 1352 Mediana]
707 1301 857 1350 Nempe
867 1297 953 1350 fuit.
981 1297 1079 1336 Vide
1098 1296 1145 1336 ad
1162 1296 1305 1334 Lucani
1317 1294 1400 1335 Lib.

371 1352 456 1392 VII.
483 1365 538 1392 vs.
563 1359 649 1400 463.
679 1355 780 1391 Hinc
800 1353 900 1390 medio
917 1359 1061 1400 tempore
1080 1379 1089 1395 ‚
1117 1348 1220 1386 medio
1243 1348 1401 1398 temporis

366 1406 464 1454 apud
481 1405 673 1448 Tacitum,
701 1404 878 1455 Justinum
900 1403 934 1441 δε
962 1404 1066 1439 alios.

417 1468 451 1493 2.
480 1455 724 1504 &magog-ia]
754 1455 893 1502 Lipsius
917 1453 962 1491 ad
982 1453 1065 1491 XV.
1086 1452 1273 1491 Annalem
1293 1451 1329 1489 T
1332 1452 1401 1489 aci-

365 1507 394 1544 ti
415 1518 495 1555 cap.
517 1507 654 1548 LXIX.
676 1508 766 1544 Puer
783 1519 798 1543 c
812 1505 1041 1556 paedagogio,
1055 1504 1169 1553 legit:
1198 1503 1302 1553 quod
1317 1513 1400 1552 pac-

365 1557 500 1606 dagogii
520 1569 598 1596 vox
619 1587 627 1602 ‚
668 1569 747 1596 non
768 1568 836 1605 pro
858 1558 944 1594 loco
965 1557 1165 1603 accipiatur
1183 1581 1195 1599 ‚
1235 1555 1298 1592 ubi
1317 1566 1401 1591 mo-

363 1620 493 1648 rantur
511 1610 616 1657 pueri
635 1635 645 1653 ‚
675 1608 994 1657 quemadmodum
1014 1606 1219 1645 Beroaldus
1239 1605 1285 1643 ad
1314 1604 1402 1643 Sue-

366 1661 511 1698 toniam
549 1662 809 1709 interpretatus
844 1659 922 1701 est3
962 1659 1023 1696 sed
1051 1670 1120 1706 pro
1151 1665 1264 1695 coetu
1292 1657 1398 1705 ipso,

358 1711 438 1750 five
460 1712 621 1759 collegio
643 1713 914 1760 elegantiorum
936 1721 1150 1758 puerorum.
1205 1710 1328 1760 Quam
1353 1707 1400 1745 ad

361 1774 442 1800 rem
460 1763 563 1811 plura
582 1763 769 1799 auctorum
793 1763 876 1800 loca
900 1761 1072 1804 addacit,
1101 1772 1196 1809 quae
1225 1761 1276 1797 ibi
1295 1758 1396 1797 vide.

363 1814 458 1851 Puer
475 1827 490 1851 c
504 1813 707 1863 paedagogio
718 1812 769 1850 est
781 1841 789 1857 ‚
811 1824 924 1862 quem
941 1811 1223 1861 paedagogianum
1235 1810 1399 1848 Ammia-

358 1876 429 1903 nus
447 1865 618 1912 appellat.
673 1863 747 1901 Sed
768 1863 954 1912 polsumus
972 1862 1007 1900 &
1027 1863 1234 1910 vulgatam,
1264 1861 1298 1898 in
1316 1871 1397 1910 pac-

358 1915 521 1965 dagogio‚
549 1926 618 1963 pro
638 1915 725 1953 inter
741 1914 999 1964 paedagogianos
1012 1939 1023 1957 ‚
1043 1913 1296 1963 interpretari.
1315 1913 1398 1949 Ne-

354 1978 430 2014 que
467 1968 568 2004 enim
602 1967 863 2015 infrequenter
892 1966 925 2002 in
951 1992 962 2008 ,
1008 1976 1078 2012 pro
1108 1964 1195 2002 inter
1229 1965 1394 2013 ponitur.

357 2019 388 2055 B
408 2029 431 2054 U
445 2029 575 2055 CHNE
590 2030 625 2056 R.
654 2019 693 2054 In
715 2015 957 2067 paedagogia]
986 2016 1194 2053 Catanaeus
1212 2014 1302 2064 legit
1315 2016 1396 2052 Pac-

355 2068 510 2116 rlagfflm,
540 2069 750 2106 existimans
769 2068 839 2106 effe
862 2068 1068 2105 membrum
1091 2067 1293 2112 d0111t15‚in
1317 2078 1395 2114 quo

357 2119 453 2163 servi
476 2129 756 2158 commorantur
779 2148 787 2164 ,
826 2121 885 2157 hic
906 2129 998 2157 vero
1026 2118 1238 2155 cubiculum
1268 2117 1394 2155 servo-

356 2182 439 2209 rum
460 2169 673 2219 significare.
726 2170 866 2207 Verum
885 2169 931 2207 fic
958 2177 1131 2216 corrupte
1153 2168 1224 2216 legi
1249 2167 1284 2205 δι’.
1311 2168 1394 2205 seri-

357 2222 420 2266 bi,
450 2222 575 2259 auftor
597 2221 648 2260 est
667 2221 781 2259 Turn.
811 2221 907 2258 Adv.
926 2221 1006 2258 Lib.
1030 2220 1166 2258 XXIII.
1193 2231 1270 2268 cap.
1292 2219 1391 2256 XIX.

356 2274 422 2310 ubi
435 2271 578 2310 &illum
592 2272 764 2310 Suetonii
775 2273 897 2310 locum
912 2273 947 2309 in
959 2272 1116 2308 Nerone
1130 2282 1208 2319 cap.
1218 2270 1393 2307 XXVIII.

360 2324 553 2362 examinat
573 2336 580 2359 :
600 2346 602 2348 -
630 2324 738 2373 Super
769 2324 980 2371 ingenuorum
1002 2322 1208 2371 paedagogia
1229 2350 1239 2367 ‚
1271 2321 1318 2360 &³
1337 2334 1395 2358 nu-

360 2384 500 2425 ptarum
511 2375 734 2413 concubinatus
747 2402 757 2419 ,
775 2374 895 2424 Vestali
919 2373 1047 2421 virgini
1064 2373 1211 2410 Rubriae
1222 2373 1294 2410 vim
1304 2372 1394 2409 intu-

356 2428 408 2464 lit.
463 2426 567 2464 Idem
589 2427 714 2464 auftor
732 2425 783 2463 est
802 2455 811 2468 ‚
849 2438 931 2462 cum
963 2424 1164 2462 Marcellus
1185 2423 1326 2461 Donat.
1349 2423 1395 2461 ad

355 2478 430 2522 loc.
455 2477 558 2520 Suet.
577 2490 598 2515 a
617 2477 836 2526 Paedngogiis
860 2485 1030 2519 veterum
1053 2475 1146 2520 dici,
1176 2487 1394 2523 quosvnunc

355 2532 553 2567 vernacula
571 2541 667 2566 voce
689 2529 811 2576 Pagfios
832 2539 1022 2572 vocamuS.
1051 2526 1197 2564 Notum
1218 2526 1268 2563 est
1279 2528 1394 2568 enim,

354 2592 442 2623 eos,
471 2582 534 2629 qui
557 2580 740 2618 brevitate
764 2592 899 2617 vocum
919 2578 1147 2616 delectantur
1165 2606 1173 2622 ‚
1201 2578 1317 2615 verba
1343 2579 1393 2615 ita

354 2633 575 2669 imminuere
601 2657 611 2673 ,
651 2640 691 2668 ut
726 2640 850 2668 tamen
882 2630 1070 2672 vetustatis
1094 2639 1209 2666 notae
1228 2628 1392 2676 reliquae

354 2683 434 2720 smt.
463 2683 578 2723 Conf.
608 2682 698 2725 Plin.
729 2693 863 2719 avunc.
905 2683 984 2719 Lib.
1011 2681 1182 2718 XXXIII.
1212 2691 1292 2727 cap.
1310 2680 1392 2716 XII.

357 2734 488 2782 Julian.
518 2735 553 2771 in
587 2732 794 2770 Ant10cbo.
834 2732 928 2780 Lips.
969 2732 1014 2770 ad
1052 2733 1190 2779 sranq.
1224 2731 1297 2768 loc.
1333 2732 1402 2768 cit.-

356 2785 521 2822 Turneb.
547 2784 582 2822 ἃ.
603 2785 705 2822 alios.
734 2784 870 2822 Vua
889 2795 925 2821 11.
954 2783 1081 2822 Nostri
1105 2793 1237 2823 omnes
1261 2782 1399 2832 inpete-

363 2834 506 2881 dagogio.
1341 2833 1344 2837 ’

411 2893 442 2926 3.
476 2886 644 2931 infla-{1:20
663 2885 770 2936 cius.]
809 2888 852 2924 In
882 2888 1038 2926 armario
1071 2897 1288 2924 arcanorum
1311 2884 1393 2922 Do-

357 2933 500 2969 mitiani
525 2938 747 2981 scriptorum.
786 2938 841 2974 Vel
861 2938 894 2974 ‘in
915 2938 1036 2975 crinem
1055 2937 1137 2983 ejus.
1158 2936 1172 2986 ]
1203 2935 1304 2974 Sicut
1317 2936 1392 2986 pas-

1474 1717 1556 1744 rum
1583 1707 1755 1743 habitum
1784 1704 1956 1742 describit
1975 1705 2119 1742 Gellius
2149 1704 2231 1741 Lib.
2255 1705 2321 1741 III.
2344 1716 2422 1753 cap.
2447 1704 2531 1742 IV..

1474 1758 1537 1794 ubi
1560 1756 1596 1795 ὅτ,
1617 1756 1664 1795 de
1683 1755 1935 1794 summiffione
1966 1756 2183 1804 capillorum
2201 1755 2329 1793 habes.
2358 1757 2387 1794 B
2400 1767 2423 1793 u
2438 1767 2509 1794 crt-

1472 1818 1583 1846 NER.
1651 1807 1751 1845 Vide
1798 1807 1969 1845 Wower.
2019 1806 2064 1844 ad
2104 1806 2258 1844 Petron.
2300 1818 2383 1856 pag.
2422 1815 2506 1854 445.
2526 1840 2530 1843 ,

1470 1860 1656 1897 BARTH.
1685 1857 1794 1897 Adde
1819 1859 1877 1895 Fr.
1903 1859 2070 1909 Juretum
2098 1857 2144 1895 ad
2177 1857 2333 1895 Paullini
2362 1859 2443 1896 Lib.
2466 1858 2508 1896 V.

1470 1910 1517 1948 de
1540 1909 1616 1948 Vit.
1637 1910 1750 1947 Mart.
1771 1921 1825 1948 vs.
1852 1915 1936 1957 265.
1965 1909 2002 1948 dt
2023 1910 2251 1959 interpretes
2273 1907 2318 1946 ad
2341 1909 2532 1960 Juvenal...

1472 1961 1545 2000 Sat.
1567 1962 1651 2001 XV.
1676 1973 1728 1999 vs.
1758 1965 1841 2008 136.
1860 2000 1863 2002 .

1803 2064 1896 2111 cujus
1915 2065 2080 2103 manantia
2096 2065 2209 2112 fletu.-

1522 2118 1600 2153 ΟΜ
1611 2116 1777 2166 puellares
1788 2117 1924 2168 faciunt
1942 2117 2066 2154 incerta
2089 2115 2217 2165 capilli.

1522 2087 1635 2098 ——-.

1520 2222 1556 2257 6.
1585 2216 1821 2268 Szcbnzittcrc.]
1850 2219 1893 2256 In
1920 2217 2196 2267 longitudmem
2226 2215 2418 2255 dimittere.
2445 2213 2498 2252 Ο-“

1467 2267 1531 2305 lim
1552 2271 1651 2306 enim
1680 2270 1748 2307 viri
1768 2281 1847 2307 non
1870 2270 2061 2308 habebant
2081 2281 2227 2307 comam
2249 2297 2258 2312 ,
2298 2267 2359 2306 sed
2377 2266 2491 2304 brevi-

1468 2320 1535 2357 bus
1558 2320 1762 2358 admodum
1785 2321 1925 2369 capillis
1954 2321 2128 2358 contenti
2150 2346 2162 2364 ,
2202 2319 2268 2358 nili
2298 2326 2433 2357 tantum
2459 2317 2495 2353 in
2517 2342 2522 2349 ‚

1468 2382 1655 2458 igoerore.
1686 2381 1774 2411 tunc
1795 2372 1947 2411 barbam
1976 2370 2011 2410 δε
2028 2371 2201 2421 capillum
2221 2369 2494 2420 promittebant.

1512 2433 1536 2459 A
1548 2433 1607 2459 TA
1621 2434 1660 2460 N.

1523 2483 1555 2519 7.
1586 2473 1715 2522 Rcrifhs
1739 2473 1917 2525 capium]
1947 2473 2078 2512 Suidas
2100 2472 2259 2512 tondere
2279 2470 2430 2521 capillos
2449 2468 2496 2506 de

1469 2526 1609 2565 vertice
1623 2551 1633 2570 ‚
1661 2526 1741 2564 vult
1765 2525 1995 2574 portendere
2018 2525 2280 2563 detrImentum
2301 2518 2496 2560 rerumtfic

1467 2576 1639 2625 capillum
1664 2577 1837 2615 decidere
1868 2588 2042 2626 magnum
2064 2575 2277 2625 periculum.
2304 2574 2320 2607 1
2330 2579 2441 2624 near.

1521 2632 1553 2668 8.
1582 2627 1762 2678 Dcpnlfi.]
1791 2627 1850 2665 Sic
1870 2627 2091 2669 Mediceus,
2131 2622 2229 2661 Vols.
2251 2621 2285 2657 δι
2306 2618 2406 2654 multi
2427 2627 2490 2652 un-

1467 2678 1598 2726 preffi,
1614 2690 1685 2717 nec
1698 2679 1802 2716 aliter
1825 2679 1899 2728 legi
1919 2678 2115 2720 convenit:
2135 2673 2185 2709 At
2206 2665 2357 2723 Hel-mst-
2376 2665 2489 2704 Arnz.

1466 2728 1502 2767 ὃ(
1521 2730 1588 2767 Ed.
1611 2730 1698 2769 Vet.
1720 2730 1856 2780 depulsis
1868 2744 1883 2772 ;
1910 2728 2025 2766 Aldus
2042 2718 2220 2804 depuvlfiffi3
2250 2716 2394 2754 Vlthse-

1518 2791 1553 2825 9.
1583 2781 1644 2818 Ne
1668 2794 1725 2830 ego
1745 2781 1872 2830 quidem
1888 2772 2073 2824 indignus-J
2140 2766 2201 2804 Off
2215 2766 2358 2824 Heln-¹1}
2382 2768 2492 2805 ΑΓΠΖ-

1467 2831 1537 2869 E'd.
1562 2832 1648 2869 Vct.
1675 2844 1733 2880 ego
1754 2830 1882 2879 quidem
1909 2827 2057 2872 indignus
2077 2847 2085 2861 ‚
2113 2817 2194 2874 'fine
2227 2816 2406 2855 Partlcula
2429 2831 2496 2856 ne-

1467 2883 1603 2931 gandi,
1632 2894 1708 2931 quo
1728 2881 1824 2918 fatto
1847 2874 1996 2915 absurda
2016 2866 2180 2907 redditur
2202 2866 2394 2906 sententia.
2423 2870 2496 2907 Pri-

1467 2935 1624 2974 marius;
1655 2944 1702 2969 ne
1724 2941 1780 2977 ego
1798 2927 1922 2976 quidem
1942 2950 1952 2964 ‚
1979 2918 2124 2958 mallem
2144 2926 2269 2955 tamen
2289 2920 2362 2967 ipse
2385 2936 2395 2957 ,-
2422 2933 2494 2958 nec

360 2982 419 3016 Iun
441 2983 616 3037 liabetur,
645 2987 747 3032 quod
780 2988 916 3025 scilicet
943 2989 1058 3026 Carus
1091 2987 1304 3027 Secundum
1330 2999 1392 3024 ac-
1420 2988 1426 3040 f
1468 2995 1525 3030 ego
1545 2982 1675 3032 quidem
1699 2979 1856 3030 indignus.
1894 2970 1990 3007 Vide
2015 2968 2060 3005 ild
2084 2969 2164 3005 Lib·
2187 2970 2231 3005 11.
2263 2970 2496 3031 Epist.X1V·.

361 3031 506 3067 :usallet
536 3042 707 3080 tanquam
741 3038 875 3073 raritati
908 3039 1123 3085 capillorum
1151 3039 1392 3085 Imperatoris
1419 3052 1423 3064 ¹
1469 3044 1505 3068 n·
1543 3043 1577 3077 7·
1611 3030 1701 3079 apud
1737 3038 1795 3064 '¹07¹
1827 3021 2045 3072 ⁷7¹14'Il'307'205
2077 3048 2085 3065 ²
2125 3030 2195 3059 nec
2227 3021 2390 3061 “umente-5
2422 3035 2526 3072 qu¹··

360 3081 524 3120 ill-alill‘ct.
555 3083 651 3121 Nam
678 3085 942 3133 Donatianus,
971 3088 1117 3128 auctore
1139 3088 1391 3138 Tranquillo,
1416 3071 1423 3120 l
1468 3080 1564 3121 dem.

2380 3134 2424 3162 1·.·‘
2437 3121 2524 3162 Ne.-
