<?xml version="1.0" encoding="UTF-8"?>
<!DOCTYPE html PUBLIC "-//W3C//DTD XHTML 1.0 Transitional//EN"
    "http://www.w3.org/TR/xhtml1/DTD/xhtml1-transitional.dtd">
<html xmlns="http://www.w3.org/1999/xhtml" xml:lang="en" lang="en">
 <head>
  <title>
</title>
<meta http-equiv="Content-Type" content="text/html;charset=utf-8" />
  <meta name='ocr-system' content='tesseract 3.04.00' />
  <meta name='ocr-capabilities' content='ocr_page ocr_carea ocr_par ocr_line ocrx_word'/>
</head>
<body>
  <div class='ocr_page' id='page_1' title='image "./caiipliniicaecil00plin_0189.png"; bbox 0 0 2616 3686; ppageno 0'>
   <div class='ocr_carea' id='block_1_1' title="bbox 549 194 1869 262">
    <p class='ocr_par' dir='ltr' id='par_1_1' title="bbox 549 194 1869 262">
     <span class='ocr_line' id='line_1_1' title="bbox 549 194 1869 262; baseline 0.001 -12"><span class='ocrx_word' id='word_1_1' title='bbox 549 196 926 262; x_wconf 76' lang='lat' dir='ltr'>,LIBER</span> <span class='ocrx_word' id='word_1_2' title='bbox 977 195 1071 245; x_wconf 90' lang='lat'>.11.</span> <span class='ocrx_word' id='word_1_3' title='bbox 1137 194 1709 247; x_wconf 80' lang='lat' dir='ltr'>EPISTOLA</span> <span class='ocrx_word' id='word_1_4' title='bbox 1775 203 1869 251; x_wconf 80' lang='lat' dir='ltr'>xi.</span> 
     </span>
    </p>
   </div>
   <div class='ocr_carea' id='block_1_2' title="bbox 2206 223 2300 273">
    <p class='ocr_par' dir='ltr' id='par_1_2' title="bbox 2206 223 2300 273">
     <span class='ocr_line' id='line_1_2' title="bbox 2206 223 2300 273; baseline 0 -16"><span class='ocrx_word' id='word_1_5' title='bbox 2206 223 2300 273; x_wconf 74' lang='lat'>¹²7</span> 
     </span>
    </p>
   </div>
   <div class='ocr_carea' id='block_1_3' title="bbox 203 277 2300 566">
    <p class='ocr_par' dir='ltr' id='par_1_3' title="bbox 203 277 2300 566">
     <span class='ocr_line' id='line_1_3' title="bbox 210 277 2300 359; baseline -0.007 -9"><span class='ocrx_word' id='word_1_6' title='bbox 210 309 325 357; x_wconf 75' lang='lat' dir='ltr'>mm</span> <span class='ocrx_word' id='word_1_7' title='bbox 363 288 474 359; x_wconf 81' lang='lat' dir='ltr'>ejus</span> <span class='ocrx_word' id='word_1_8' title='bbox 511 286 803 339; x_wconf 74' lang='lat' dir='ltr'>¹¹¹ultimam</span> <span class='ocrx_word' id='word_1_9' title='bbox 841 295 1099 351; x_wconf 86' lang='lat' dir='ltr'>poenam:</span> <span class='ocrx_word' id='word_1_10' title='bbox 1141 277 1451 332; x_wconf 84' lang='lat' dir='ltr'>Marcianus</span> <span class='ocrx_word' id='word_1_11' title='bbox 1489 280 1644 332; x_wconf 84' lang='lat' dir='ltr'>unius</span> <span class='ocrx_word' id='word_1_12' title='bbox 1694 281 1889 350; x_wconf 82' lang='lat' dir='ltr'>equitis</span> <span class='ocrx_word' id='word_1_13' title='bbox 1937 281 2173 337; x_wconf 86' lang='lat' dir='ltr'>Romani</span> <span class='ocrx_word' id='word_1_14' title='bbox 2219 289 2300 340; x_wconf 87' lang='lat' dir='ltr'>se-</span> 
     </span>
     <span class='ocr_line' id='line_1_4' title="bbox 209 350 2295 438; baseline -0.024 -16"><span class='ocrx_word' id='word_1_15' title='bbox 209 350 497 438; x_wconf 72' lang='lat' dir='ltr'>ptingentis</span> <span class='ocrx_word' id='word_1_16' title='bbox 535 357 763 413; x_wconf 86' lang='lat' dir='ltr'>millibus</span> <span class='ocrx_word' id='word_1_17' title='bbox 806 355 953 426; x_wconf 81' lang='lat' dir='ltr'>plura</span> <span class='ocrx_word' id='word_1_18' title='bbox 1004 351 1255 420; x_wconf 87' lang='lat' dir='ltr'>supplicia</span> <span class='ocrx_word' id='word_1_19' title='bbox 1304 350 1627 421; x_wconf 76' lang='lat' dir='ltr'>arguebatur</span> <span class='ocrx_word' id='word_1_20' title='bbox 1673 350 1870 404; x_wconf 79' lang='lat' dir='ltr'>emisse.</span> <span class='ocrx_word' id='word_1_21' title='bbox 1948 352 2078 407; x_wconf 57' lang='lat' dir='ltr'>Erat</span> <span class='ocrx_word' id='word_1_22' title='bbox 2153 358 2295 411; x_wconf 55' lang='lat' dir='ltr'>enim</span> 
     </span>
     <span class='ocr_line' id='line_1_5' title="bbox 205 421 2295 493; baseline -0.017 0"><span class='ocrx_word' id='word_1_23' title='bbox 205 450 227 493; x_wconf 62' lang='lat'>¹?</span> <span class='ocrx_word' id='word_1_24' title='bbox 258 435 476 492; x_wconf 82' lang='lat' dir='ltr'>fustibus</span> <span class='ocrx_word' id='word_1_25' title='bbox 515 427 1006 492; x_wconf 77' lang='lat' dir='ltr'>caesuS,darnnatus</span> <span class='ocrx_word' id='word_1_26' title='bbox 1051 429 1073 454; x_wconf 43' lang='lat'>³*</span> <span class='ocrx_word' id='word_1_27' title='bbox 1097 424 1151 478; x_wconf 90' lang='lat' dir='ltr'>in</span> <span class='ocrx_word' id='word_1_28' title='bbox 1187 423 1461 477; x_wconf 86' lang='lat' dir='ltr'>metallum</span> <span class='ocrx_word' id='word_1_29' title='bbox 1494 461 1509 485; x_wconf 89' lang='lat'><strong>,</strong></span> <span class='ocrx_word' id='word_1_30' title='bbox 1545 433 1564 458; x_wconf 81' lang='lat'>⁴</span> <span class='ocrx_word' id='word_1_31' title='bbox 1586 421 1932 492; x_wconf 75' lang='lat' dir='ltr'>strangulatus</span> <span class='ocrx_word' id='word_1_32' title='bbox 1970 425 2024 476; x_wconf 73' lang='lat' dir='ltr'>jn</span> <span class='ocrx_word' id='word_1_33' title='bbox 2064 443 2295 482; x_wconf 46' lang='lat' dir='ltr'>carcere·</span> 
     </span>
     <span class='ocr_line' id='line_1_6' title="bbox 203 495 2292 566; baseline -0.009 -1"><span class='ocrx_word' id='word_1_34' title='bbox 203 495 295 564; x_wconf 77' lang='lat' dir='ltr'>sed</span> <span class='ocrx_word' id='word_1_35' title='bbox 348 508 693 561; x_wconf 80' lang='lat' dir='ltr'>Honoratum</span> <span class='ocrx_word' id='word_1_36' title='bbox 741 497 1039 566; x_wconf 82' lang='lat' dir='ltr'>cognitioni</span> <span class='ocrx_word' id='word_1_37' title='bbox 1091 497 1314 550; x_wconf 85' lang='lat' dir='ltr'>Senatus</span> <span class='ocrx_word' id='word_1_38' title='bbox 1365 511 1511 550; x_wconf 88' lang='lat' dir='ltr'>mors</span> <span class='ocrx_word' id='word_1_39' title='bbox 1579 503 1591 529; x_wconf 89' lang='lat'><em>⁵</em></span> <span class='ocrx_word' id='word_1_40' title='bbox 1645 508 1951 565; x_wconf 85' lang='lat' dir='ltr'>opportuna</span> <span class='ocrx_word' id='word_1_41' title='bbox 2012 496 2292 554; x_wconf 80' lang='lat' dir='ltr'>subtraxit:</span> 
     </span>
    </p>
   </div>
   <div class='ocr_carea' id='block_1_4' title="bbox 202 567 1451 639">
    <p class='ocr_par' dir='ltr' id='par_1_4' title="bbox 202 567 1451 639">
     <span class='ocr_line' id='line_1_7' title="bbox 202 567 1451 639; baseline -0.011 -1"><span class='ocrx_word' id='word_1_42' title='bbox 202 581 510 639; x_wconf 82' lang='lat' dir='ltr'>Marcianus</span> <span class='ocrx_word' id='word_1_43' title='bbox 545 569 565 594; x_wconf 82' lang='lat'><strong><em>⁶</em></strong></span> <span class='ocrx_word' id='word_1_44' title='bbox 597 570 847 628; x_wconf 68' lang='lat' dir='ltr'>indufius</span> <span class='ocrx_word' id='word_1_45' title='bbox 883 569 959 624; x_wconf 91' lang='lat' dir='ltr'>est</span> <span class='ocrx_word' id='word_1_46' title='bbox 994 568 1208 626; x_wconf 84' lang='lat' dir='ltr'>absente</span> <span class='ocrx_word' id='word_1_47' title='bbox 1248 567 1451 624; x_wconf 66' lang='lat' dir='ltr'>Prisca</span> 
     </span>
    </p>
   </div>
   <div class='ocr_carea' id='block_1_5' title="bbox 199 779 1210 1090">
    <p class='ocr_par' dir='ltr' id='par_1_5' title="bbox 201 779 1210 935">
     <span class='ocr_line' id='line_1_8' title="bbox 229 779 1209 831; baseline -0.008 -2"><span class='ocrx_word' id='word_1_48' title='bbox 229 790 326 829; x_wconf 76' lang='lat' dir='ltr'>uibus</span> <span class='ocrx_word' id='word_1_49' title='bbox 361 791 584 829; x_wconf 81' lang='lat' dir='ltr'><em>Honoratus,</em></span> <span class='ocrx_word' id='word_1_50' title='bbox 611 781 775 821; x_wconf 76' lang='lat' dir='ltr'>familiari</span> <span class='ocrx_word' id='word_1_51' title='bbox 814 781 854 819; x_wconf 90' lang='lat'>&amp;</span> <span class='ocrx_word' id='word_1_52' title='bbox 892 779 1075 830; x_wconf 83' lang='lat' dir='ltr'>frequenti</span> <span class='ocrx_word' id='word_1_53' title='bbox 1113 781 1209 831; x_wconf 76' lang='lat' dir='ltr'>lapsu</span> 
     </span>
     <span class='ocr_line' id='line_1_9' title="bbox 216 831 1210 883; baseline -0.008 -5"><span class='ocrx_word' id='word_1_54' title='bbox 216 840 304 878; x_wconf 80' lang='lat' dir='ltr'>criba</span> <span class='ocrx_word' id='word_1_55' title='bbox 326 835 483 875; x_wconf 87' lang='lat' dir='ltr'>Medicei</span> <span class='ocrx_word' id='word_1_56' title='bbox 507 834 638 872; x_wconf 82' lang='lat' dir='ltr'>omifit.</span> <span class='ocrx_word' id='word_1_57' title='bbox 691 833 724 871; x_wconf 88' lang='lat' dir='ltr'>Is</span> <span class='ocrx_word' id='word_1_58' title='bbox 755 840 883 870; x_wconf 87' lang='lat' dir='ltr'>tamen</span> <span class='ocrx_word' id='word_1_59' title='bbox 914 831 1037 882; x_wconf 85' lang='lat' dir='ltr'>postea</span> <span class='ocrx_word' id='word_1_60' title='bbox 1068 832 1210 883; x_wconf 85' lang='lat' dir='ltr'>semper</span> 
     </span>
     <span class='ocr_line' id='line_1_10' title="bbox 201 884 721 935; baseline -0.013 -7"><span class='ocrx_word' id='word_1_61' title='bbox 201 889 429 929; x_wconf 76' lang='lat' dir='ltr'><em>Marcianum</em></span> <span class='ocrx_word' id='word_1_62' title='bbox 450 897 515 935; x_wconf 84' lang='lat' dir='ltr'>per</span> <span class='ocrx_word' id='word_1_63' title='bbox 545 890 575 922; x_wconf 94' lang='lat' dir='ltr'>C</span> <span class='ocrx_word' id='word_1_64' title='bbox 597 884 721 922; x_wconf 76' lang='lat' dir='ltr'>scribit.</span> 
     </span>
    </p>

    <p class='ocr_par' dir='ltr' id='par_1_6' title="bbox 199 933 1210 1090">
     <span class='ocr_line' id='line_1_11' title="bbox 247 933 1210 986; baseline -0.003 -10"><span class='ocrx_word' id='word_1_65' title='bbox 247 952 263 978; x_wconf 89' lang='lat'>1</span> <span class='ocrx_word' id='word_1_66' title='bbox 294 937 464 975; x_wconf 75' lang='lat' dir='ltr'>Ultimum</span> <span class='ocrx_word' id='word_1_67' title='bbox 479 933 666 986; x_wconf 73' lang='lat' dir='ltr'>poenam]</span> <span class='ocrx_word' id='word_1_68' title='bbox 697 936 853 974; x_wconf 88' lang='lat' dir='ltr'>Necem.</span> <span class='ocrx_word' id='word_1_69' title='bbox 881 934 991 973; x_wconf 84' lang='lat' dir='ltr'>Hanc</span> <span class='ocrx_word' id='word_1_70' title='bbox 1020 936 1118 974; x_wconf 88' lang='lat' dir='ltr'>enim</span> <span class='ocrx_word' id='word_1_71' title='bbox 1143 935 1210 982; x_wconf 87' lang='lat' dir='ltr'>JC.</span> 
     </span>
     <span class='ocr_line' id='line_1_12' title="bbox 199 985 1208 1035; baseline -0.004 -8"><span class='ocrx_word' id='word_1_72' title='bbox 199 988 378 1029; x_wconf 81' lang='lat' dir='ltr'>interdum</span> <span class='ocrx_word' id='word_1_73' title='bbox 400 988 612 1031; x_wconf 87' lang='lat' dir='ltr'>summum,</span> <span class='ocrx_word' id='word_1_74' title='bbox 638 985 756 1023; x_wconf 88' lang='lat' dir='ltr'>modo</span> <span class='ocrx_word' id='word_1_75' title='bbox 788 986 962 1023; x_wconf 87' lang='lat' dir='ltr'>ultimum</span> <span class='ocrx_word' id='word_1_76' title='bbox 994 986 1208 1035; x_wconf 87' lang='lat' dir='ltr'>supplicium</span> 
     </span>
     <span class='ocr_line' id='line_1_13' title="bbox 199 1035 1209 1090; baseline -0.003 -13"><span class='ocrx_word' id='word_1_77' title='bbox 199 1039 385 1090; x_wconf 77' lang='lat' dir='ltr'>appellant.</span> <span class='ocrx_word' id='word_1_78' title='bbox 413 1039 446 1077; x_wconf 88' lang='lat' dir='ltr'>C</span> <span class='ocrx_word' id='word_1_79' title='bbox 460 1051 483 1075; x_wconf 74' lang='lat' dir='ltr'>A</span> <span class='ocrx_word' id='word_1_80' title='bbox 498 1051 520 1076; x_wconf 80' lang='lat' dir='ltr'>T</span> <span class='ocrx_word' id='word_1_81' title='bbox 535 1049 607 1075; x_wconf 74' lang='grc' dir='ltr'>ΑΝ.</span> <span class='ocrx_word' id='word_1_82' title='bbox 635 1037 806 1075; x_wconf 81' lang='lat' dir='ltr'>Lucanus</span> <span class='ocrx_word' id='word_1_83' title='bbox 828 1035 909 1074; x_wconf 86' lang='lat' dir='ltr'>Lib.</span> <span class='ocrx_word' id='word_1_84' title='bbox 931 1036 1040 1074; x_wconf 90' lang='lat' dir='ltr'>VIII.</span> <span class='ocrx_word' id='word_1_85' title='bbox 1061 1048 1112 1076; x_wconf 86' lang='lat' dir='ltr'>vs.</span> <span class='ocrx_word' id='word_1_86' title='bbox 1126 1049 1209 1087; x_wconf 82' lang='lat'>395.</span> 
     </span>
    </p>
   </div>
   <div class='ocr_carea' id='block_1_6' title="bbox 243 1137 1074 1229">
    <p class='ocr_par' dir='ltr' id='par_1_7' title="bbox 243 1137 1074 1229">
     <span class='ocr_line' id='line_1_14' title="bbox 243 1137 1074 1190; baseline -0.002 -13"><span class='ocrx_word' id='word_1_87' title='bbox 243 1159 316 1170; x_wconf 90' lang='lat'>—</span> <span class='ocrx_word' id='word_1_88' title='bbox 369 1159 432 1170; x_wconf 87' lang='lat'>·—-</span> <span class='ocrx_word' id='word_1_89' title='bbox 482 1139 649 1190; x_wconf 80' lang='lat' dir='ltr'>quoniam</span> <span class='ocrx_word' id='word_1_90' title='bbox 670 1151 763 1176; x_wconf 81' lang='lat' dir='ltr'>mors</span> <span class='ocrx_word' id='word_1_91' title='bbox 780 1137 907 1177; x_wconf 83' lang='lat' dir='ltr'>ultima</span> <span class='ocrx_word' id='word_1_92' title='bbox 928 1147 1049 1188; x_wconf 81' lang='lat' dir='ltr'>poena</span> <span class='ocrx_word' id='word_1_93' title='bbox 1062 1165 1074 1183; x_wconf 93' lang='lat'><strong><em>,</em></strong></span> 
     </span>
     <span class='ocr_line' id='line_1_15' title="bbox 245 1190 646 1229; baseline 0.002 -3"><span class='ocrx_word' id='word_1_94' title='bbox 245 1195 320 1228; x_wconf 87' lang='lat' dir='ltr'>Nec</span> <span class='ocrx_word' id='word_1_95' title='bbox 339 1194 527 1229; x_wconf 79' lang='lat' dir='ltr'>metuenda</span> <span class='ocrx_word' id='word_1_96' title='bbox 548 1190 646 1228; x_wconf 84' lang='lat' dir='ltr'>viris.</span> 
     </span>
    </p>
   </div>
   <div class='ocr_carea' id='block_1_7' title="bbox 193 1290 950 1342">
    <p class='ocr_par' dir='ltr' id='par_1_8' title="bbox 193 1290 950 1342">
     <span class='ocr_line' id='line_1_16' title="bbox 193 1290 950 1342; baseline 0 -11"><span class='ocrx_word' id='word_1_97' title='bbox 193 1290 406 1332; x_wconf 78' lang='lat' dir='ltr'>Prudentius</span> <span class='ocrx_word' id='word_1_98' title='bbox 427 1305 510 1339; x_wconf 65' lang='grc' dir='ltr'>πεξι</span> <span class='ocrx_word' id='word_1_99' title='bbox 533 1290 720 1337; x_wconf 63' lang='grc' dir='ltr'><strong><em>ςεφ.-Ρ3Π“.</em></strong></span> <span class='ocrx_word' id='word_1_100' title='bbox 741 1291 792 1330; x_wconf 91' lang='lat' dir='ltr'>V.</span> <span class='ocrx_word' id='word_1_101' title='bbox 813 1302 864 1330; x_wconf 89' lang='lat' dir='ltr'>vs.</span> <span class='ocrx_word' id='word_1_102' title='bbox 887 1291 950 1342; x_wconf 79' lang='lat'>63.</span> 
     </span>
    </p>
   </div>
   <div class='ocr_carea' id='block_1_8' title="bbox 243 1393 831 1493">
    <p class='ocr_par' dir='ltr' id='par_1_9' title="bbox 243 1393 831 1493">
     <span class='ocr_line' id='line_1_17' title="bbox 244 1393 831 1443; baseline 0 -11"><span class='ocrx_word' id='word_1_103' title='bbox 244 1397 367 1442; x_wconf 79' lang='lat' dir='ltr'>Atque</span> <span class='ocrx_word' id='word_1_104' title='bbox 386 1393 459 1443; x_wconf 83' lang='lat' dir='ltr'>ipsa</span> <span class='ocrx_word' id='word_1_105' title='bbox 476 1404 681 1443; x_wconf 85' lang='lat' dir='ltr'>poenarum</span> <span class='ocrx_word' id='word_1_106' title='bbox 701 1395 831 1432; x_wconf 82' lang='lat' dir='ltr'>ultima</span> 
     </span>
     <span class='ocr_line' id='line_1_18' title="bbox 243 1443 777 1493; baseline 0 -11"><span class='ocrx_word' id='word_1_107' title='bbox 243 1450 343 1482; x_wconf 83' lang='lat' dir='ltr'>Mors</span> <span class='ocrx_word' id='word_1_108' title='bbox 366 1444 577 1492; x_wconf 78' lang='lat' dir='ltr'>Christianis</span> <span class='ocrx_word' id='word_1_109' title='bbox 597 1444 702 1482; x_wconf 80' lang='lat' dir='ltr'>ludus</span> <span class='ocrx_word' id='word_1_110' title='bbox 723 1443 777 1493; x_wconf 80' lang='lat' dir='ltr'>est.</span> 
     </span>
    </p>
   </div>
   <div class='ocr_carea' id='block_1_9' title="bbox 186 1542 1228 3058">
    <p class='ocr_par' dir='ltr' id='par_1_10' title="bbox 186 1542 1221 1793">
     <span class='ocr_line' id='line_1_19' title="bbox 195 1542 1214 1593; baseline -0.003 -10"><span class='ocrx_word' id='word_1_111' title='bbox 195 1545 305 1583; x_wconf 83' lang='lat' dir='ltr'>Adde</span> <span class='ocrx_word' id='word_1_112' title='bbox 326 1546 419 1593; x_wconf 90' lang='lat' dir='ltr'>Leg.</span> <span class='ocrx_word' id='word_1_113' title='bbox 441 1557 477 1593; x_wconf 88' lang='lat'>9.</span> <span class='ocrx_word' id='word_1_114' title='bbox 501 1546 534 1586; x_wconf 85' lang='lat'>§.</span> <span class='ocrx_word' id='word_1_115' title='bbox 559 1556 588 1582; x_wconf 91' lang='lat'>1.</span> <span class='ocrx_word' id='word_1_116' title='bbox 611 1559 653 1579; x_wconf 78' lang='grc' dir='ltr'>π.</span> <span class='ocrx_word' id='word_1_117' title='bbox 674 1543 720 1579; x_wconf 82' lang='lat' dir='ltr'>ad</span> <span class='ocrx_word' id='word_1_118' title='bbox 743 1544 789 1580; x_wconf 89' lang='lat' dir='ltr'>L.</span> <span class='ocrx_word' id='word_1_119' title='bbox 807 1543 943 1592; x_wconf 88' lang='lat' dir='ltr'><strong>Pomp.</strong></span> <span class='ocrx_word' id='word_1_120' title='bbox 964 1542 1010 1580; x_wconf 90' lang='lat' dir='ltr'>de</span> <span class='ocrx_word' id='word_1_121' title='bbox 1047 1542 1214 1581; x_wconf 83' lang='lat' dir='ltr'>Parricid.</span> 
     </span>
     <span class='ocr_line' id='line_1_20' title="bbox 196 1592 1221 1643; baseline -0.002 -12"><span class='ocrx_word' id='word_1_122' title='bbox 196 1595 421 1632; x_wconf 84' lang='lat' dir='ltr'>Mediceus:</span> <span class='ocrx_word' id='word_1_123' title='bbox 449 1595 646 1643; x_wconf 75' lang='lat' dir='ltr'>septemque</span> <span class='ocrx_word' id='word_1_124' title='bbox 675 1594 911 1630; x_wconf 84' lang='lat' dir='ltr'>inimicorum</span> <span class='ocrx_word' id='word_1_125' title='bbox 941 1593 1012 1630; x_wconf 85' lang='lat' dir='ltr'>eius</span> <span class='ocrx_word' id='word_1_126' title='bbox 1045 1592 1221 1631; x_wconf 77' lang='lat' dir='ltr'>ult-imam-</span> 
     </span>
     <span class='ocr_line' id='line_1_21' title="bbox 186 1640 1216 1693; baseline 0 -13"><span class='ocrx_word' id='word_1_127' title='bbox 186 1653 349 1693; x_wconf 76' lang='lat' dir='ltr'>poenam.</span> <span class='ocrx_word' id='word_1_128' title='bbox 404 1644 461 1682; x_wconf 91' lang='lat' dir='ltr'>Sic</span> <span class='ocrx_word' id='word_1_129' title='bbox 506 1643 575 1681; x_wconf 84' lang='lat' dir='ltr'>eius</span> <span class='ocrx_word' id='word_1_130' title='bbox 623 1640 782 1691; x_wconf 80' lang='lat' dir='ltr'>positum</span> <span class='ocrx_word' id='word_1_131' title='bbox 821 1641 906 1681; x_wconf 82' lang='lat' dir='ltr'>ess&#39;et</span> <span class='ocrx_word' id='word_1_132' title='bbox 944 1654 1012 1692; x_wconf 86' lang='lat' dir='ltr'>pro</span> <span class='ocrx_word' id='word_1_133' title='bbox 1040 1643 1190 1691; x_wconf 79' lang='lat' dir='ltr'>suorum</span> <span class='ocrx_word' id='word_1_134' title='bbox 1205 1671 1216 1688; x_wconf 95' lang='lat'><strong>,</strong></span> 
     </span>
     <span class='ocr_line' id='line_1_22' title="bbox 197 1693 1217 1743; baseline 0.001 -12"><span class='ocrx_word' id='word_1_135' title='bbox 197 1694 301 1743; x_wconf 83' lang='lat' dir='ltr'>quod</span> <span class='ocrx_word' id='word_1_136' title='bbox 333 1707 373 1732; x_wconf 78' lang='lat' dir='ltr'>ea</span> <span class='ocrx_word' id='word_1_137' title='bbox 407 1702 524 1732; x_wconf 80' lang='lat' dir='ltr'>aetate</span> <span class='ocrx_word' id='word_1_138' title='bbox 556 1704 635 1730; x_wconf 91' lang='lat' dir='ltr'>non</span> <span class='ocrx_word' id='word_1_139' title='bbox 666 1700 740 1731; x_wconf 87' lang='lat' dir='ltr'>erat</span> <span class='ocrx_word' id='word_1_140' title='bbox 768 1693 933 1731; x_wconf 86' lang='lat' dir='ltr'>insolens.</span> <span class='ocrx_word' id='word_1_141' title='bbox 962 1693 1070 1732; x_wconf 90' lang='lat' dir='ltr'>Scioli</span> <span class='ocrx_word' id='word_1_142' title='bbox 1091 1702 1217 1732; x_wconf 87' lang='lat' dir='ltr'>tamen</span> 
     </span>
     <span class='ocr_line' id='line_1_23' title="bbox 198 1741 978 1793; baseline -0.003 -11"><span class='ocrx_word' id='word_1_143' title='bbox 198 1746 319 1793; x_wconf 87' lang='lat' dir='ltr'>potius</span> <span class='ocrx_word' id='word_1_144' title='bbox 342 1754 402 1782; x_wconf 74' lang='lat' dir='ltr'>aut</span> <span class='ocrx_word' id='word_1_145' title='bbox 422 1745 551 1783; x_wconf 77' lang='lat' dir='ltr'>librarii</span> <span class='ocrx_word' id='word_1_146' title='bbox 573 1754 735 1780; x_wconf 89' lang='lat' dir='ltr'>errorem</span> <span class='ocrx_word' id='word_1_147' title='bbox 757 1741 828 1780; x_wconf 86' lang='lat' dir='ltr'>effe</span> <span class='ocrx_word' id='word_1_148' title='bbox 849 1743 978 1782; x_wconf 88' lang='lat' dir='ltr'>statuo.</span> 
     </span>
    </p>

    <p class='ocr_par' dir='ltr' id='par_1_11' title="bbox 191 1791 1228 2601">
     <span class='ocr_line' id='line_1_24' title="bbox 246 1791 1216 1845; baseline 0 -13"><span class='ocrx_word' id='word_1_149' title='bbox 246 1808 268 1832; x_wconf 90' lang='lat'><em>2</em></span> <span class='ocrx_word' id='word_1_150' title='bbox 300 1793 494 1845; x_wconf 49' lang='lat' dir='ltr'>Fastibus]</span> <span class='ocrx_word' id='word_1_151' title='bbox 543 1791 705 1832; x_wconf 85' lang='lat' dir='ltr'>Nodofis</span> <span class='ocrx_word' id='word_1_152' title='bbox 748 1791 918 1842; x_wconf 85' lang='lat' dir='ltr'>stipitibus</span> <span class='ocrx_word' id='word_1_153' title='bbox 940 1822 951 1839; x_wconf 92' lang='lat'><strong>,</strong></span> <span class='ocrx_word' id='word_1_154' title='bbox 1011 1795 1051 1833; x_wconf 86' lang='lat'>&amp;</span> <span class='ocrx_word' id='word_1_155' title='bbox 1098 1795 1216 1843; x_wconf 83' lang='lat' dir='ltr'>virgis.</span> 
     </span>
     <span class='ocr_line' id='line_1_25' title="bbox 200 1843 1219 1896; baseline 0 -13"><span class='ocrx_word' id='word_1_156' title='bbox 200 1845 292 1883; x_wconf 86' lang='lat' dir='ltr'>Sunt</span> <span class='ocrx_word' id='word_1_157' title='bbox 313 1848 378 1896; x_wconf 89' lang='lat' dir='ltr'>qui</span> <span class='ocrx_word' id='word_1_158' title='bbox 396 1847 519 1894; x_wconf 84' lang='lat' dir='ltr'>legant</span> <span class='ocrx_word' id='word_1_159' title='bbox 540 1843 722 1894; x_wconf 82' lang='lat' dir='ltr'>fascibus:</span> <span class='ocrx_word' id='word_1_160' title='bbox 751 1843 811 1882; x_wconf 90' lang='lat' dir='ltr'>sed</span> <span class='ocrx_word' id='word_1_161' title='bbox 820 1844 971 1891; x_wconf 87' lang='lat' dir='ltr'>fustibus</span> <span class='ocrx_word' id='word_1_162' title='bbox 997 1844 1047 1883; x_wconf 90' lang='lat' dir='ltr'>est</span> <span class='ocrx_word' id='word_1_163' title='bbox 1082 1846 1120 1883; x_wconf 89' lang='lat' dir='ltr'>in</span> <span class='ocrx_word' id='word_1_164' title='bbox 1147 1846 1219 1884; x_wconf 84' lang='lat' dir='ltr'>fre-</span> 
     </span>
     <span class='ocr_line' id='line_1_26' title="bbox 200 1893 1218 1944; baseline 0.002 -12"><span class='ocrx_word' id='word_1_165' title='bbox 200 1897 386 1943; x_wconf 83' lang='lat' dir='ltr'>quentiori</span> <span class='ocrx_word' id='word_1_166' title='bbox 405 1896 480 1933; x_wconf 85' lang='lat' dir='ltr'>usu.</span> <span class='ocrx_word' id='word_1_167' title='bbox 508 1896 660 1934; x_wconf 67' lang='lat' dir='ltr'>Cum.</span> <span class='ocrx_word' id='word_1_168' title='bbox 688 1894 789 1932; x_wconf 88' lang='lat' dir='ltr'>Hinc</span> <span class='ocrx_word' id='word_1_169' title='bbox 809 1893 1032 1942; x_wconf 74' lang='lat' dir='ltr'>Fustuarium</span> <span class='ocrx_word' id='word_1_170' title='bbox 1057 1923 1069 1941; x_wconf 93' lang='lat'><strong>,</strong></span> <span class='ocrx_word' id='word_1_171' title='bbox 1096 1907 1218 1944; x_wconf 88' lang='lat' dir='ltr'>poena</span> 
     </span>
     <span class='ocr_line' id='line_1_27' title="bbox 201 1943 1220 2033; baseline 0.003 -53"><span class='ocrx_word' id='word_1_172' title='bbox 201 1945 360 1984; x_wconf 77' lang='lat' dir='ltr'>militaris</span> <span class='ocrx_word' id='word_1_173' title='bbox 376 1973 386 1990; x_wconf 88' lang='lat'>,</span> <span class='ocrx_word' id='word_1_174' title='bbox 413 1957 486 2033; x_wconf 57' lang='lat' dir='ltr'>qiua</span> <span class='ocrx_word' id='word_1_175' title='bbox 507 1946 636 1984; x_wconf 87' lang='lat' dir='ltr'>milites</span> <span class='ocrx_word' id='word_1_176' title='bbox 651 1971 660 1987; x_wconf 88' lang='lat'><em>,</em></span> <span class='ocrx_word' id='word_1_177' title='bbox 686 1945 750 1993; x_wconf 92' lang='lat' dir='ltr'>qui</span> <span class='ocrx_word' id='word_1_178' title='bbox 773 1943 1021 1996; x_wconf 89' lang='lat' dir='ltr'>deliquerant,</span> <span class='ocrx_word' id='word_1_179' title='bbox 1050 1945 1142 1984; x_wconf 87' lang='lat' dir='ltr'>fuste</span> <span class='ocrx_word' id='word_1_180' title='bbox 1166 1946 1220 1984; x_wconf 90' lang='lat' dir='ltr'>fe-</span> 
     </span>
     <span class='ocr_line' id='line_1_28' title="bbox 202 1993 1221 2044; baseline 0.006 -15"><span class='ocrx_word' id='word_1_181' title='bbox 202 1994 389 2033; x_wconf 77' lang='lat' dir='ltr'>riebantur.</span> <span class='ocrx_word' id='word_1_182' title='bbox 443 1993 588 2033; x_wconf 77' lang='lat' dir='ltr'>&#39;estatur</span> <span class='ocrx_word' id='word_1_183' title='bbox 608 1995 646 2034; x_wconf 91' lang='lat' dir='ltr'>id</span> <span class='ocrx_word' id='word_1_184' title='bbox 668 1995 751 2033; x_wconf 90' lang='lat' dir='ltr'>Liv.</span> <span class='ocrx_word' id='word_1_185' title='bbox 775 1995 856 2035; x_wconf 89' lang='lat' dir='ltr'>Lib.</span> <span class='ocrx_word' id='word_1_186' title='bbox 889 1997 938 2035; x_wconf 91' lang='lat' dir='ltr'>V.</span> <span class='ocrx_word' id='word_1_187' title='bbox 994 1996 1221 2044; x_wconf 69' lang='lat' dir='ltr'>rustuarium</span> 
     </span>
     <span class='ocr_line' id='line_1_29' title="bbox 204 2044 1220 2097; baseline 0.007 -18"><span class='ocrx_word' id='word_1_188' title='bbox 204 2057 382 2092; x_wconf 80' lang='lat' dir='ltr'>merctur,</span> <span class='ocrx_word' id='word_1_189' title='bbox 410 2047 467 2096; x_wconf 75' lang='lat' dir='ltr'>qui</span> <span class='ocrx_word' id='word_1_190' title='bbox 480 2044 586 2095; x_wconf 81' lang='lat' dir='ltr'>signa</span> <span class='ocrx_word' id='word_1_191' title='bbox 605 2044 773 2096; x_wconf 77' lang='lat' dir='ltr'>relinquit</span> <span class='ocrx_word' id='word_1_192' title='bbox 797 2074 808 2091; x_wconf 93' lang='lat'>,</span> <span class='ocrx_word' id='word_1_193' title='bbox 840 2057 907 2084; x_wconf 86' lang='lat' dir='ltr'>aut</span> <span class='ocrx_word' id='word_1_194' title='bbox 923 2047 1093 2097; x_wconf 67' lang='lat' dir='ltr'>praesidio</span> <span class='ocrx_word' id='word_1_195' title='bbox 1127 2049 1220 2087; x_wconf 49' lang='lat' dir='ltr'>dece*</span> 
     </span>
     <span class='ocr_line' id='line_1_30' title="bbox 203 2095 1221 2145; baseline 0.004 -14"><span class='ocrx_word' id='word_1_196' title='bbox 203 2095 256 2131; x_wconf 78' lang='lat' dir='ltr'>dit</span> <span class='ocrx_word' id='word_1_197' title='bbox 272 2113 282 2131; x_wconf 90' lang='lat'><em>:</em></span> <span class='ocrx_word' id='word_1_198' title='bbox 312 2096 359 2134; x_wconf 91' lang='lat' dir='ltr'>Et</span> <span class='ocrx_word' id='word_1_199' title='bbox 379 2096 573 2145; x_wconf 83' lang='lat' dir='ltr'>Polybius:</span> <span class='ocrx_word' id='word_1_200' title='bbox 601 2097 852 2143; x_wconf 72' lang='grc' dir='ltr'>ξυλοκοπῧτοιι</span> <span class='ocrx_word' id='word_1_201' title='bbox 879 2095 918 2134; x_wconf 68' lang='grc' dir='ltr'>δὲ</span> <span class='ocrx_word' id='word_1_202' title='bbox 941 2099 1006 2135; x_wconf 73' lang='grc' dir='ltr'>καὶ</span> <span class='ocrx_word' id='word_1_203' title='bbox 1034 2098 1050 2134; x_wconf 81' lang='grc' dir='ltr'><strong><em>ό</em></strong></span> <span class='ocrx_word' id='word_1_204' title='bbox 1074 2097 1221 2145; x_wconf 71' lang='grc' dir='ltr'><strong><em>κλέψας</em></strong></span> 
     </span>
     <span class='ocr_line' id='line_1_31' title="bbox 198 2145 1228 2201; baseline 0.007 -22"><span class='ocrx_word' id='word_1_205' title='bbox 198 2158 232 2180; x_wconf 74' lang='grc' dir='ltr'>τι</span> <span class='ocrx_word' id='word_1_206' title='bbox 254 2147 321 2201; x_wconf 60' lang='lat' dir='ltr'>MT:</span> <span class='ocrx_word' id='word_1_207' title='bbox 340 2146 381 2184; x_wconf 71' lang='grc' dir='ltr'>ἐκ</span> <span class='ocrx_word' id='word_1_208' title='bbox 411 2148 460 2184; x_wconf 74' lang='grc' dir='ltr'><strong><em>τὲ</em></strong></span> <span class='ocrx_word' id='word_1_209' title='bbox 490 2145 711 2196; x_wconf 59' lang='lat' dir='ltr'>reatos-63⁸⁸.</span> <span class='ocrx_word' id='word_1_210' title='bbox 746 2145 808 2183; x_wconf 72' lang='lat' dir='ltr'>noc)</span> <span class='ocrx_word' id='word_1_211' title='bbox 841 2146 906 2191; x_wconf 69' lang='grc' dir='ltr'>μῆν</span> <span class='ocrx_word' id='word_1_212' title='bbox 943 2149 958 2184; x_wconf 82' lang='grc' dir='ltr'><strong><em>ὁ</em></strong></span> <span class='ocrx_word' id='word_1_213' title='bbox 995 2150 1228 2198; x_wconf 50' lang='lat' dir='ltr'>azymis-ag</span> 
     </span>
     <span class='ocr_line' id='line_1_32' title="bbox 198 2194 1220 2248; baseline 0.009 -18"><span class='ocrx_word' id='word_1_214' title='bbox 198 2194 316 2238; x_wconf 60' lang='grc' dir='ltr'>ψευὲη</span> <span class='ocrx_word' id='word_1_215' title='bbox 349 2197 620 2247; x_wconf 56' lang='grc' dir='ltr'>παραπλησίως.</span> <span class='ocrx_word' id='word_1_216' title='bbox 674 2198 888 2248; x_wconf 82' lang='lat' dir='ltr'>Quomodo</span> <span class='ocrx_word' id='word_1_217' title='bbox 928 2199 1020 2238; x_wconf 81' lang='lat' dir='ltr'>haec</span> <span class='ocrx_word' id='word_1_218' title='bbox 1053 2198 1220 2239; x_wconf 58' lang='lat' dir='ltr'>animadss</span> 
     </span>
     <span class='ocr_line' id='line_1_33' title="bbox 198 2245 1219 2298; baseline 0.009 -14"><span class='ocrx_word' id='word_1_219' title='bbox 198 2245 317 2286; x_wconf 75' lang='lat' dir='ltr'>verfio</span> <span class='ocrx_word' id='word_1_220' title='bbox 347 2247 409 2287; x_wconf 82' lang='lat' dir='ltr'>fiat</span> <span class='ocrx_word' id='word_1_221' title='bbox 458 2249 543 2288; x_wconf 91' lang='lat' dir='ltr'>vide</span> <span class='ocrx_word' id='word_1_222' title='bbox 583 2248 679 2298; x_wconf 87' lang='lat' dir='ltr'>apud</span> <span class='ocrx_word' id='word_1_223' title='bbox 721 2248 886 2288; x_wconf 87' lang='lat' dir='ltr'>Turneb.</span> <span class='ocrx_word' id='word_1_224' title='bbox 930 2250 1081 2290; x_wconf 88' lang='lat' dir='ltr'>Advers.</span> <span class='ocrx_word' id='word_1_225' title='bbox 1135 2251 1219 2293; x_wconf 87' lang='lat' dir='ltr'>Lib.</span> 
     </span>
     <span class='ocr_line' id='line_1_34' title="bbox 198 2295 1216 2350; baseline 0.009 -18"><span class='ocrx_word' id='word_1_226' title='bbox 198 2295 378 2337; x_wconf 81' lang='lat' dir='ltr'>XXVIII.</span> <span class='ocrx_word' id='word_1_227' title='bbox 425 2312 500 2350; x_wconf 88' lang='lat' dir='ltr'>cap.</span> <span class='ocrx_word' id='word_1_228' title='bbox 544 2312 598 2350; x_wconf 85' lang='lat'>34</span> <span class='ocrx_word' id='word_1_229' title='bbox 646 2299 802 2339; x_wconf 56' lang='lat' dir='ltr'>vianna.</span> <span class='ocrx_word' id='word_1_230' title='bbox 847 2300 956 2338; x_wconf 87' lang='lat' dir='ltr'>Unus</span> <span class='ocrx_word' id='word_1_231' title='bbox 1004 2302 1118 2340; x_wconf 87' lang='lat' dir='ltr'>Arnz.</span> <span class='ocrx_word' id='word_1_232' title='bbox 1171 2315 1216 2341; x_wconf 85' lang='lat' dir='ltr'>ex</span> 
     </span>
     <span class='ocr_line' id='line_1_35' title="bbox 194 2347 1213 2400; baseline 0.008 -17"><span class='ocrx_word' id='word_1_233' title='bbox 194 2347 322 2388; x_wconf 87' lang='lat' dir='ltr'>nostris</span> <span class='ocrx_word' id='word_1_234' title='bbox 345 2351 501 2400; x_wconf 75' lang='lat' dir='ltr'>fascibus</span> <span class='ocrx_word' id='word_1_235' title='bbox 533 2351 648 2399; x_wconf 83' lang='lat' dir='ltr'>caesus</span> <span class='ocrx_word' id='word_1_236' title='bbox 679 2351 809 2398; x_wconf 88' lang='lat' dir='ltr'>ingerit</span> <span class='ocrx_word' id='word_1_237' title='bbox 833 2378 845 2395; x_wconf 89' lang='lat'><strong>,</strong></span> <span class='ocrx_word' id='word_1_238' title='bbox 882 2352 974 2390; x_wconf 76' lang='lat' dir='ltr'>vitio</span> <span class='ocrx_word' id='word_1_239' title='bbox 1010 2352 1213 2391; x_wconf 87' lang='lat' dir='ltr'>manifesto.</span> 
     </span>
     <span class='ocr_line' id='line_1_36' title="bbox 195 2395 1212 2447; baseline 0.006 -13"><span class='ocrx_word' id='word_1_240' title='bbox 195 2395 327 2438; x_wconf 82' lang='lat' dir='ltr'>Insulse</span> <span class='ocrx_word' id='word_1_241' title='bbox 347 2410 473 2439; x_wconf 84' lang='lat' dir='ltr'>autem</span> <span class='ocrx_word' id='word_1_242' title='bbox 493 2398 946 2447; x_wconf 76' lang='lat' dir='ltr'>Veenhusiusfustuarium</span> <span class='ocrx_word' id='word_1_243' title='bbox 960 2401 1114 2439; x_wconf 87' lang='lat' dir='ltr'>militare</span> <span class='ocrx_word' id='word_1_244' title='bbox 1126 2413 1212 2440; x_wconf 88' lang='lat' dir='ltr'>cum</span> 
     </span>
     <span class='ocr_line' id='line_1_37' title="bbox 193 2447 1212 2500; baseline 0.004 -15"><span class='ocrx_word' id='word_1_245' title='bbox 193 2447 264 2485; x_wconf 83' lang='lat' dir='ltr'>hac</span> <span class='ocrx_word' id='word_1_246' title='bbox 286 2450 432 2489; x_wconf 87' lang='lat' dir='ltr'>fustium</span> <span class='ocrx_word' id='word_1_247' title='bbox 455 2463 574 2500; x_wconf 80' lang='lat' dir='ltr'>poena</span> <span class='ocrx_word' id='word_1_248' title='bbox 588 2448 792 2488; x_wconf 89' lang='lat' dir='ltr'>confundit.</span> <span class='ocrx_word' id='word_1_249' title='bbox 818 2449 957 2488; x_wconf 87' lang='lat' dir='ltr'>Modus</span> <span class='ocrx_word' id='word_1_250' title='bbox 970 2453 1069 2488; x_wconf 90' lang='lat' dir='ltr'>enim</span> <span class='ocrx_word' id='word_1_251' title='bbox 1083 2453 1212 2490; x_wconf 88' lang='lat' dir='ltr'>utrius-</span> 
     </span>
     <span class='ocr_line' id='line_1_38' title="bbox 191 2499 1213 2551; baseline 0.006 -16"><span class='ocrx_word' id='word_1_252' title='bbox 191 2507 267 2547; x_wconf 87' lang='lat' dir='ltr'>que</span> <span class='ocrx_word' id='word_1_253' title='bbox 289 2513 433 2549; x_wconf 89' lang='lat' dir='ltr'>poenae</span> <span class='ocrx_word' id='word_1_254' title='bbox 453 2502 565 2551; x_wconf 87' lang='lat' dir='ltr'>longe</span> <span class='ocrx_word' id='word_1_255' title='bbox 587 2500 743 2540; x_wconf 84' lang='lat' dir='ltr'>diversus</span> <span class='ocrx_word' id='word_1_256' title='bbox 761 2499 835 2546; x_wconf 83' lang='lat' dir='ltr'>est,</span> <span class='ocrx_word' id='word_1_257' title='bbox 861 2500 965 2550; x_wconf 88' lang='lat' dir='ltr'>quod</span> <span class='ocrx_word' id='word_1_258' title='bbox 987 2512 1032 2539; x_wconf 86' lang='lat' dir='ltr'>ex</span> <span class='ocrx_word' id='word_1_259' title='bbox 1054 2500 1213 2551; x_wconf 82' lang='lat' dir='ltr'>Polybio</span> 
     </span>
     <span class='ocr_line' id='line_1_39' title="bbox 194 2549 514 2601; baseline 0.009 -13"><span class='ocrx_word' id='word_1_260' title='bbox 194 2549 343 2601; x_wconf 81' lang='lat' dir='ltr'>aliisque</span> <span class='ocrx_word' id='word_1_261' title='bbox 365 2551 514 2591; x_wconf 87' lang='lat' dir='ltr'>constat.</span> 
     </span>
    </p>

    <p class='ocr_par' dir='ltr' id='par_1_12' title="bbox 188 2599 1211 3058">
     <span class='ocr_line' id='line_1_40' title="bbox 242 2599 1211 2653; baseline 0.003 -14"><span class='ocrx_word' id='word_1_262' title='bbox 242 2613 261 2650; x_wconf 84' lang='lat'>3</span> <span class='ocrx_word' id='word_1_263' title='bbox 293 2608 334 2639; x_wconf 84' lang='lat' dir='ltr'>1n</span> <span class='ocrx_word' id='word_1_264' title='bbox 365 2602 595 2653; x_wconf 70' lang='lat' dir='ltr'>metallum]</span> <span class='ocrx_word' id='word_1_265' title='bbox 645 2603 725 2652; x_wconf 85' lang='lat' dir='ltr'>Qui</span> <span class='ocrx_word' id='word_1_266' title='bbox 754 2602 800 2640; x_wconf 83' lang='lat' dir='ltr'>ad</span> <span class='ocrx_word' id='word_1_267' title='bbox 834 2599 1043 2641; x_wconf 77' lang='lat' dir='ltr'>effodienda</span> <span class='ocrx_word' id='word_1_268' title='bbox 1065 2603 1211 2642; x_wconf 83' lang='lat' dir='ltr'>metalla</span> 
     </span>
     <span class='ocr_line' id='line_1_41' title="bbox 192 2648 1211 2703; baseline 0.003 -13"><span class='ocrx_word' id='word_1_269' title='bbox 192 2648 350 2692; x_wconf 81' lang='lat' dir='ltr'>damnati</span> <span class='ocrx_word' id='word_1_270' title='bbox 372 2661 496 2698; x_wconf 86' lang='lat' dir='ltr'>erant,</span> <span class='ocrx_word' id='word_1_271' title='bbox 525 2666 610 2693; x_wconf 87' lang='lat' dir='ltr'>cum</span> <span class='ocrx_word' id='word_1_272' title='bbox 634 2654 692 2692; x_wconf 89' lang='lat' dir='ltr'>die</span> <span class='ocrx_word' id='word_1_273' title='bbox 714 2652 905 2703; x_wconf 66' lang='lat' dir='ltr'>noctuque</span> <span class='ocrx_word' id='word_1_274' title='bbox 928 2654 965 2691; x_wconf 90' lang='lat' dir='ltr'>in</span> <span class='ocrx_word' id='word_1_275' title='bbox 985 2652 1108 2691; x_wconf 90' lang='lat' dir='ltr'>labore</span> <span class='ocrx_word' id='word_1_276' title='bbox 1130 2665 1211 2702; x_wconf 89' lang='lat' dir='ltr'>per-</span> 
     </span>
     <span class='ocr_line' id='line_1_42' title="bbox 194 2699 1207 2753; baseline 0.004 -13"><span class='ocrx_word' id='word_1_277' title='bbox 194 2699 417 2751; x_wconf 77' lang='lat' dir='ltr'>severarent,</span> <span class='ocrx_word' id='word_1_278' title='bbox 443 2708 618 2744; x_wconf 87' lang='lat' dir='ltr'>continua</span> <span class='ocrx_word' id='word_1_279' title='bbox 641 2704 902 2753; x_wconf 79' lang='lat' dir='ltr'>defatigatione</span> <span class='ocrx_word' id='word_1_280' title='bbox 936 2703 1207 2744; x_wconf 85' lang='lat' dir='ltr'>moriebantur:</span> 
     </span>
     <span class='ocr_line' id='line_1_43' title="bbox 192 2755 1208 2807; baseline 0.002 -16"><span class='ocrx_word' id='word_1_281' title='bbox 192 2759 276 2807; x_wconf 59' lang='lat' dir='ltr'>qum</span> <span class='ocrx_word' id='word_1_282' title='bbox 294 2756 388 2794; x_wconf 86' lang='lat' dir='ltr'>nulla</span> <span class='ocrx_word' id='word_1_283' title='bbox 411 2757 460 2795; x_wconf 91' lang='lat' dir='ltr'>eis</span> <span class='ocrx_word' id='word_1_284' title='bbox 481 2756 525 2794; x_wconf 90' lang='lat' dir='ltr'>ab</span> <span class='ocrx_word' id='word_1_285' title='bbox 548 2768 659 2806; x_wconf 88' lang='lat' dir='ltr'>opere</span> <span class='ocrx_word' id='word_1_286' title='bbox 684 2755 827 2794; x_wconf 85' lang='lat' dir='ltr'>daretur</span> <span class='ocrx_word' id='word_1_287' title='bbox 849 2756 992 2804; x_wconf 76' lang='lat' dir='ltr'>requies</span> <span class='ocrx_word' id='word_1_288' title='bbox 1012 2763 1074 2793; x_wconf 86' lang='lat' dir='ltr'>aut</span> <span class='ocrx_word' id='word_1_289' title='bbox 1106 2755 1208 2793; x_wconf 86' lang='lat' dir='ltr'>labo-</span> 
     </span>
     <span class='ocr_line' id='line_1_44' title="bbox 194 2803 1209 2847; baseline -0.002 -1"><span class='ocrx_word' id='word_1_290' title='bbox 194 2807 240 2839; x_wconf 78' lang='lat' dir='ltr'>ns</span> <span class='ocrx_word' id='word_1_291' title='bbox 256 2803 483 2846; x_wconf 74' lang='lat' dir='ltr'>interminio:</span> <span class='ocrx_word' id='word_1_292' title='bbox 511 2807 570 2847; x_wconf 91' lang='lat' dir='ltr'>sed</span> <span class='ocrx_word' id='word_1_293' title='bbox 593 2806 798 2845; x_wconf 85' lang='lat' dir='ltr'>verberibus</span> <span class='ocrx_word' id='word_1_294' title='bbox 822 2806 941 2845; x_wconf 68' lang='lat' dir='ltr'>coacti</span> <span class='ocrx_word' id='word_1_295' title='bbox 965 2817 1046 2843; x_wconf 81' lang='lat' dir='ltr'>raro</span> <span class='ocrx_word' id='word_1_296' title='bbox 1067 2805 1130 2843; x_wconf 89' lang='lat' dir='ltr'>diu</span> <span class='ocrx_word' id='word_1_297' title='bbox 1154 2808 1209 2845; x_wconf 89' lang='lat' dir='ltr'>vi-</span> 
     </span>
     <span class='ocr_line' id='line_1_45' title="bbox 196 2856 1207 2909; baseline 0.003 -17"><span class='ocrx_word' id='word_1_298' title='bbox 196 2857 328 2892; x_wconf 57' lang='lat' dir='ltr'>verm.</span> <span class='ocrx_word' id='word_1_299' title='bbox 375 2856 583 2897; x_wconf 88' lang='lat' dir='ltr'>Robustiori</span> <span class='ocrx_word' id='word_1_300' title='bbox 603 2857 755 2909; x_wconf 86' lang='lat' dir='ltr'>quidam</span> <span class='ocrx_word' id='word_1_301' title='bbox 778 2867 932 2906; x_wconf 87' lang='lat' dir='ltr'>corpore</span> <span class='ocrx_word' id='word_1_302' title='bbox 956 2858 994 2894; x_wconf 87' lang='lat'>&amp;</span> <span class='ocrx_word' id='word_1_303' title='bbox 1015 2857 1130 2895; x_wconf 88' lang='lat' dir='ltr'>animi</span> <span class='ocrx_word' id='word_1_304' title='bbox 1152 2859 1207 2896; x_wconf 86' lang='lat' dir='ltr'>vi-</span> 
     </span>
     <span class='ocr_line' id='line_1_46' title="bbox 192 2906 1203 2958; baseline 0.002 -14"><span class='ocrx_word' id='word_1_305' title='bbox 192 2906 300 2957; x_wconf 62' lang='grc' dir='ltr'>Εῡῐς,</span> <span class='ocrx_word' id='word_1_306' title='bbox 322 2906 713 2958; x_wconf 82' lang='lat' dir='ltr'>plurimum-temporis</span> <span class='ocrx_word' id='word_1_307' title='bbox 734 2909 772 2946; x_wconf 91' lang='lat' dir='ltr'>in</span> <span class='ocrx_word' id='word_1_308' title='bbox 795 2909 853 2946; x_wconf 89' lang='lat' dir='ltr'>illa</span> <span class='ocrx_word' id='word_1_309' title='bbox 876 2907 1109 2945; x_wconf 81' lang='lat' dir='ltr'>versabantur</span> <span class='ocrx_word' id='word_1_310' title='bbox 1144 2920 1203 2946; x_wconf 82' lang='lat' dir='ltr'>ca-</span> 
     </span>
     <span class='ocr_line' id='line_1_47' title="bbox 188 2946 1201 3006; baseline 0.011 -20"><span class='ocrx_word' id='word_1_311' title='bbox 188 2946 341 2990; x_wconf 71' lang='lat' dir='ltr'>lamitate</span> <span class='ocrx_word' id='word_1_312' title='bbox 362 2969 371 2992; x_wconf 89' lang='lat'>:</span> <span class='ocrx_word' id='word_1_313' title='bbox 406 2960 533 3006; x_wconf 84' lang='lat' dir='ltr'>quibus</span> <span class='ocrx_word' id='word_1_314' title='bbox 563 2968 689 2998; x_wconf 83' lang='lat' dir='ltr'>tamen</span> <span class='ocrx_word' id='word_1_315' title='bbox 712 2958 761 2996; x_wconf 89' lang='lat' dir='ltr'>ob</span> <span class='ocrx_word' id='word_1_316' title='bbox 782 2958 946 2997; x_wconf 82' lang='lat' dir='ltr'>miseriae</span> <span class='ocrx_word' id='word_1_317' title='bbox 969 2958 1201 3006; x_wconf 84' lang='lat' dir='ltr'>magnitudi-</span> 
     </span>
     <span class='ocr_line' id='line_1_48' title="bbox 189 3008 1200 3058; baseline -0.001 -8"><span class='ocrx_word' id='word_1_318' title='bbox 189 3008 281 3050; x_wconf 51' lang='lat' dir='ltr'>nem</span> <span class='ocrx_word' id='word_1_319' title='bbox 299 3011 393 3043; x_wconf 83' lang='lat' dir='ltr'>mors</span> <span class='ocrx_word' id='word_1_320' title='bbox 412 3017 486 3047; x_wconf 80' lang='lat' dir='ltr'>etat</span> <span class='ocrx_word' id='word_1_321' title='bbox 503 3011 578 3048; x_wconf 87' lang='lat' dir='ltr'>vita</span> <span class='ocrx_word' id='word_1_322' title='bbox 599 3009 801 3058; x_wconf 85' lang='lat' dir='ltr'>optabilior.</span> <span class='ocrx_word' id='word_1_323' title='bbox 816 3009 1005 3047; x_wconf 79' lang='lat' dir='ltr'>Diodorus.</span> <span class='ocrx_word' id='word_1_324' title='bbox 1037 3008 1200 3049; x_wconf 64' lang='lat' dir='ltr'>Canu.</span> 
     </span>
    </p>
   </div>
   <div class='ocr_carea' id='block_1_10' title="bbox 185 3047 1116 3115">
    <p class='ocr_par' dir='ltr' id='par_1_13' title="bbox 185 3047 1116 3115">
     <span class='ocr_line' id='line_1_49' title="bbox 185 3047 1116 3115; baseline 0.013 -27"><span class='ocrx_word' id='word_1_325' title='bbox 185 3047 261 3090; x_wconf 70' lang='lat' dir='ltr'>Adi</span> <span class='ocrx_word' id='word_1_326' title='bbox 280 3047 571 3101; x_wconf 62' lang='lat' dir='ltr'>Buchuauma</span> <span class='ocrx_word' id='word_1_327' title='bbox 590 3059 673 3101; x_wconf 74' lang='lat' dir='ltr'>Lib.</span> <span class='ocrx_word' id='word_1_328' title='bbox 694 3059 742 3101; x_wconf 83' lang='lat' dir='ltr'>x.</span> <span class='ocrx_word' id='word_1_329' title='bbox 760 3059 868 3115; x_wconf 73' lang='lat' dir='ltr'>Epist.</span> <span class='ocrx_word' id='word_1_330' title='bbox 892 3057 996 3101; x_wconf 82' lang='lat' dir='ltr'>xvi.</span> <span class='ocrx_word' id='word_1_331' title='bbox 1020 3069 1058 3102; x_wconf 80' lang='lat' dir='ltr'>n.</span> <span class='ocrx_word' id='word_1_332' title='bbox 1081 3070 1116 3109; x_wconf 81' lang='lat'>3.</span> 
     </span>
    </p>
   </div>
   <div class='ocr_carea' id='block_1_11' title="bbox 1542 563 2299 698">
    <p class='ocr_par' dir='ltr' id='par_1_14' title="bbox 1542 563 2299 698">
     <span class='ocr_line' id='line_1_50' title="bbox 1542 563 2296 639; baseline 0.007 -19"><span class='ocrx_word' id='word_1_333' title='bbox 1542 563 1727 639; x_wconf 88' lang='lat' dir='ltr'>Itaque</span> <span class='ocrx_word' id='word_1_334' title='bbox 1767 569 1783 595; x_wconf 92' lang='lat'>⁷</span> <span class='ocrx_word' id='word_1_335' title='bbox 1823 566 2023 622; x_wconf 87' lang='lat' dir='ltr'>Tutius</span> <span class='ocrx_word' id='word_1_336' title='bbox 2061 568 2296 626; x_wconf 80' lang='lat' dir='ltr'>Cerealis</span> 
     </span>
     <span class='ocr_line' id='line_1_51' title="bbox 2165 659 2299 698; baseline 0.022 -3"><span class='ocrx_word' id='word_1_337' title='bbox 2165 659 2299 698; x_wconf 88' lang='lat' dir='ltr'>con-</span> 
     </span>
    </p>
   </div>
   <div class='ocr_carea' id='block_1_12' title="bbox 1272 775 2325 3052">
    <p class='ocr_par' dir='ltr' id='par_1_15' title="bbox 1279 775 2316 1236">
     <span class='ocr_line' id='line_1_52' title="bbox 1328 775 2302 828; baseline 0.003 -12"><span class='ocrx_word' id='word_1_338' title='bbox 1328 791 1352 827; x_wconf 88' lang='lat'>4</span> <span class='ocrx_word' id='word_1_339' title='bbox 1379 777 1646 828; x_wconf 78' lang='lat' dir='ltr'>strangulatus.</span> <span class='ocrx_word' id='word_1_340' title='bbox 1668 778 1684 828; x_wconf 86' lang='lat'>]</span> <span class='ocrx_word' id='word_1_341' title='bbox 1742 775 1947 816; x_wconf 72' lang='lat' dir='ltr'>suffocatus</span> <span class='ocrx_word' id='word_1_342' title='bbox 1993 777 2139 827; x_wconf 75' lang='lat' dir='ltr'>laqueo.</span> <span class='ocrx_word' id='word_1_343' title='bbox 2194 777 2302 819; x_wconf 83' lang='lat' dir='ltr'>Haec</span> 
     </span>
     <span class='ocr_line' id='line_1_53' title="bbox 1281 828 2301 879; baseline 0.001 -12"><span class='ocrx_word' id='word_1_344' title='bbox 1281 832 1408 868; x_wconf 83' lang='lat' dir='ltr'>omnia</span> <span class='ocrx_word' id='word_1_345' title='bbox 1429 838 1633 879; x_wconf 79' lang='lat' dir='ltr'>patraverat</span> <span class='ocrx_word' id='word_1_346' title='bbox 1654 837 1782 867; x_wconf 90' lang='lat' dir='ltr'>contra</span> <span class='ocrx_word' id='word_1_347' title='bbox 1803 828 1924 876; x_wconf 87' lang='lat' dir='ltr'>legem</span> <span class='ocrx_word' id='word_1_348' title='bbox 1974 828 2105 876; x_wconf 86' lang='lat' dir='ltr'>Juliam</span> <span class='ocrx_word' id='word_1_349' title='bbox 2129 829 2174 867; x_wconf 90' lang='lat' dir='ltr'>de</span> <span class='ocrx_word' id='word_1_350' title='bbox 2197 839 2301 878; x_wconf 88' lang='lat' dir='ltr'>repe-</span> 
     </span>
     <span class='ocr_line' id='line_1_54' title="bbox 1279 879 2312 930; baseline 0.001 -12"><span class='ocrx_word' id='word_1_351' title='bbox 1279 880 1401 919; x_wconf 88' lang='lat' dir='ltr'>tundis</span> <span class='ocrx_word' id='word_1_352' title='bbox 1423 909 1434 925; x_wconf 87' lang='lat'>,</span> <span class='ocrx_word' id='word_1_353' title='bbox 1463 892 1535 930; x_wconf 78' lang='lat' dir='ltr'>qua</span> <span class='ocrx_word' id='word_1_354' title='bbox 1565 882 1782 930; x_wconf 85' lang='lat' dir='ltr'>praecipitur</span> <span class='ocrx_word' id='word_1_355' title='bbox 1806 907 1816 925; x_wconf 87' lang='lat'>‚</span> <span class='ocrx_word' id='word_1_356' title='bbox 1854 891 1901 916; x_wconf 88' lang='lat' dir='ltr'>ne</span> <span class='ocrx_word' id='word_1_357' title='bbox 1924 879 2002 928; x_wconf 88' lang='lat' dir='ltr'>quis</span> <span class='ocrx_word' id='word_1_358' title='bbox 2025 879 2074 917; x_wconf 93' lang='lat' dir='ltr'>ob</span> <span class='ocrx_word' id='word_1_359' title='bbox 2105 879 2312 919; x_wconf 81' lang='lat' dir='ltr'>hominem·</span> 
     </span>
     <span class='ocr_line' id='line_1_55' title="bbox 1280 929 2316 981; baseline -0.002 -10"><span class='ocrx_word' id='word_1_360' title='bbox 1280 934 1319 971; x_wconf 91' lang='lat' dir='ltr'>in</span> <span class='ocrx_word' id='word_1_361' title='bbox 1351 932 1497 970; x_wconf 87' lang='lat' dir='ltr'>vincula</span> <span class='ocrx_word' id='word_1_362' title='bbox 1528 931 1670 981; x_wconf 79' lang='lat' dir='ltr'>publica</span> <span class='ocrx_word' id='word_1_363' title='bbox 1703 929 1975 979; x_wconf 83' lang='lat' dir='ltr'>conjiciendum</span> <span class='ocrx_word' id='word_1_364' title='bbox 1999 960 2010 976; x_wconf 94' lang='lat'><em>‚</em></span> <span class='ocrx_word' id='word_1_365' title='bbox 2038 931 2316 977; x_wconf 73' lang='lat' dir='ltr'>vinciendum,-</span> 
     </span>
     <span class='ocr_line' id='line_1_56' title="bbox 1280 980 2304 1032; baseline -0.001 -13"><span class='ocrx_word' id='word_1_366' title='bbox 1280 983 1459 1022; x_wconf 75' lang='lat' dir='ltr'>vincirive</span> <span class='ocrx_word' id='word_1_367' title='bbox 1475 981 1682 1032; x_wconf 86' lang='lat' dir='ltr'>jubendum</span> <span class='ocrx_word' id='word_1_368' title='bbox 1697 1010 1707 1026; x_wconf 92' lang='lat'>,</span> <span class='ocrx_word' id='word_1_369' title='bbox 1736 992 1830 1019; x_wconf 78' lang='lat' dir='ltr'>exve</span> <span class='ocrx_word' id='word_1_370' title='bbox 1855 982 2004 1018; x_wconf 76' lang='lat' dir='ltr'>vinculis</span> <span class='ocrx_word' id='word_1_371' title='bbox 2017 980 2276 1019; x_wconf 83' lang='lat' dir='ltr'>dimittendum</span> <span class='ocrx_word' id='word_1_372' title='bbox 2292 1011 2304 1027; x_wconf 89' lang='lat'><em>‚</em></span> 
     </span>
     <span class='ocr_line' id='line_1_57' title="bbox 1282 1031 2304 1083; baseline -0.001 -12"><span class='ocrx_word' id='word_1_373' title='bbox 1282 1045 1381 1072; x_wconf 86' lang='lat' dir='ltr'>neve</span> <span class='ocrx_word' id='word_1_374' title='bbox 1403 1034 1482 1083; x_wconf 87' lang='lat' dir='ltr'>quis</span> <span class='ocrx_word' id='word_1_375' title='bbox 1505 1033 1553 1071; x_wconf 90' lang='lat' dir='ltr'>ob</span> <span class='ocrx_word' id='word_1_376' title='bbox 1573 1034 1770 1072; x_wconf 85' lang='lat' dir='ltr'>hominem</span> <span class='ocrx_word' id='word_1_377' title='bbox 1794 1031 2119 1069; x_wconf 75' lang='lat' dir='ltr'>condemmndum</span> <span class='ocrx_word' id='word_1_378' title='bbox 2144 1061 2154 1076; x_wconf 95' lang='lat'>,</span> <span class='ocrx_word' id='word_1_379' title='bbox 2192 1032 2304 1070; x_wconf 81' lang='lat' dir='ltr'>absol-</span> 
     </span>
     <span class='ocr_line' id='line_1_58' title="bbox 1283 1080 2303 1131; baseline 0 -10"><span class='ocrx_word' id='word_1_380' title='bbox 1283 1084 1499 1122; x_wconf 80' lang='lat' dir='ltr'>venduinve</span> <span class='ocrx_word' id='word_1_381' title='bbox 1524 1112 1534 1129; x_wconf 89' lang='lat'><strong>‚</strong></span> <span class='ocrx_word' id='word_1_382' title='bbox 1568 1095 1666 1122; x_wconf 84' lang='lat' dir='ltr'>neve</span> <span class='ocrx_word' id='word_1_383' title='bbox 1698 1083 1747 1120; x_wconf 92' lang='lat' dir='ltr'>ob</span> <span class='ocrx_word' id='word_1_384' title='bbox 1768 1082 1872 1120; x_wconf 88' lang='lat' dir='ltr'>litem</span> <span class='ocrx_word' id='word_1_385' title='bbox 1894 1080 2152 1119; x_wconf 70' lang='lat' dir='ltr'>aestimandam</span> <span class='ocrx_word' id='word_1_386' title='bbox 2168 1109 2178 1125; x_wconf 92' lang='lat'>‚</span> <span class='ocrx_word' id='word_1_387' title='bbox 2202 1083 2303 1131; x_wconf 87' lang='lat' dir='ltr'>judi-</span> 
     </span>
     <span class='ocr_line' id='line_1_59' title="bbox 1284 1132 2308 1184; baseline -0.001 -12"><span class='ocrx_word' id='word_1_388' title='bbox 1284 1136 1432 1173; x_wconf 79' lang='lat' dir='ltr'>ciumve</span> <span class='ocrx_word' id='word_1_389' title='bbox 1455 1137 1579 1184; x_wconf 73' lang='lat' dir='ltr'>capitis</span> <span class='ocrx_word' id='word_1_390' title='bbox 1601 1132 1846 1179; x_wconf 76' lang='lat' dir='ltr'>faciendum,</span> <span class='ocrx_word' id='word_1_391' title='bbox 1884 1133 2063 1182; x_wconf 76' lang='lat' dir='ltr'>pecuniae</span> <span class='ocrx_word' id='word_1_392' title='bbox 2085 1133 2221 1182; x_wconf 80' lang='lat' dir='ltr'>aliquid</span> <span class='ocrx_word' id='word_1_393' title='bbox 2246 1144 2308 1183; x_wconf 41' lang='lat' dir='ltr'>aes</span> 
     </span>
     <span class='ocr_line' id='line_1_60' title="bbox 1285 1185 1587 1236; baseline -0.007 -12"><span class='ocrx_word' id='word_1_394' title='bbox 1285 1186 1402 1236; x_wconf 78' lang='lat' dir='ltr'>cipiat.</span> <span class='ocrx_word' id='word_1_395' title='bbox 1431 1185 1587 1224; x_wconf 78' lang='lat' dir='ltr'>CATAN.</span> 
     </span>
    </p>

    <p class='ocr_par' dir='ltr' id='par_1_16' title="bbox 1283 1234 2320 1678">
     <span class='ocr_line' id='line_1_61' title="bbox 1333 1234 2309 1287; baseline 0.001 -14"><span class='ocrx_word' id='word_1_396' title='bbox 1333 1250 1352 1286; x_wconf 83' lang='grc' dir='ltr'><strong><em>ς</em></strong></span> <span class='ocrx_word' id='word_1_397' title='bbox 1383 1235 1628 1287; x_wconf 84' lang='lat' dir='ltr'>Opportuna.]</span> <span class='ocrx_word' id='word_1_398' title='bbox 1656 1235 1700 1273; x_wconf 91' lang='lat' dir='ltr'>In</span> <span class='ocrx_word' id='word_1_399' title='bbox 1720 1241 1901 1284; x_wconf 88' lang='lat' dir='ltr'>tempore.</span> <span class='ocrx_word' id='word_1_400' title='bbox 1929 1234 2029 1272; x_wconf 78' lang='lat' dir='ltr'>Nam</span> <span class='ocrx_word' id='word_1_401' title='bbox 2052 1241 2175 1272; x_wconf 87' lang='lat' dir='ltr'>morte</span> <span class='ocrx_word' id='word_1_402' title='bbox 2197 1234 2309 1274; x_wconf 88' lang='lat' dir='ltr'>decli-</span> 
     </span>
     <span class='ocr_line' id='line_1_62' title="bbox 1285 1282 2315 1337; baseline 0 -12"><span class='ocrx_word' id='word_1_403' title='bbox 1285 1289 1388 1326; x_wconf 87' lang='lat' dir='ltr'>navit</span> <span class='ocrx_word' id='word_1_404' title='bbox 1410 1287 1567 1326; x_wconf 82' lang='lat' dir='ltr'>dedecus</span> <span class='ocrx_word' id='word_1_405' title='bbox 1591 1289 1629 1327; x_wconf 84' lang='lat'>&amp;</span> <span class='ocrx_word' id='word_1_406' title='bbox 1651 1286 1820 1337; x_wconf 87' lang='lat' dir='ltr'>supplicia</span> <span class='ocrx_word' id='word_1_407' title='bbox 1849 1315 1858 1332; x_wconf 94' lang='lat'>,</span> <span class='ocrx_word' id='word_1_408' title='bbox 1886 1296 1980 1336; x_wconf 88' lang='lat' dir='ltr'>quae</span> <span class='ocrx_word' id='word_1_409' title='bbox 2001 1282 2180 1323; x_wconf 79' lang='lat' dir='ltr'>subivisset</span> <span class='ocrx_word' id='word_1_410' title='bbox 2204 1284 2230 1322; x_wconf 80' lang='lat' dir='ltr'>si</span> <span class='ocrx_word' id='word_1_411' title='bbox 2253 1289 2315 1325; x_wconf 57' lang='lat' dir='ltr'>vi«</span> 
     </span>
     <span class='ocr_line' id='line_1_63' title="bbox 1289 1335 2308 1386; baseline -0.003 -11"><span class='ocrx_word' id='word_1_412' title='bbox 1289 1337 1412 1377; x_wconf 85' lang='lat' dir='ltr'>xiffet:</span> <span class='ocrx_word' id='word_1_413' title='bbox 1442 1337 1684 1378; x_wconf 76' lang='lat' dir='ltr'>&amp;damnatus</span> <span class='ocrx_word' id='word_1_414' title='bbox 1695 1348 1811 1375; x_wconf 89' lang='lat' dir='ltr'>nemo</span> <span class='ocrx_word' id='word_1_415' title='bbox 1822 1336 1935 1374; x_wconf 81' lang='lat' dir='ltr'>videri</span> <span class='ocrx_word' id='word_1_416' title='bbox 1949 1335 2079 1385; x_wconf 86' lang='lat' dir='ltr'>possit,</span> <span class='ocrx_word' id='word_1_417' title='bbox 2105 1344 2308 1386; x_wconf 81' lang='lat' dir='ltr'>antequam</span> 
     </span>
     <span class='ocr_line' id='line_1_64' title="bbox 1287 1386 2314 1438; baseline 0.001 -13"><span class='ocrx_word' id='word_1_418' title='bbox 1287 1387 1333 1426; x_wconf 88' lang='lat' dir='ltr'>de</span> <span class='ocrx_word' id='word_1_419' title='bbox 1355 1401 1402 1428; x_wconf 92' lang='lat' dir='ltr'>eo</span> <span class='ocrx_word' id='word_1_420' title='bbox 1425 1389 1521 1427; x_wconf 90' lang='lat' dir='ltr'>forte</span> <span class='ocrx_word' id='word_1_421' title='bbox 1539 1389 1721 1438; x_wconf 85' lang='lat' dir='ltr'>judicium</span> <span class='ocrx_word' id='word_1_422' title='bbox 1745 1386 1929 1425; x_wconf 84' lang='lat' dir='ltr'>redditum</span> <span class='ocrx_word' id='word_1_423' title='bbox 1954 1388 1993 1424; x_wconf 65' lang='grc' dir='ltr'>ὃς</span> <span class='ocrx_word' id='word_1_424' title='bbox 2024 1388 2314 1436; x_wconf 79' lang='lat' dir='ltr'>pronunciatum</span> 
     </span>
     <span class='ocr_line' id='line_1_65' title="bbox 1288 1436 2313 1489; baseline 0.002 -15"><span class='ocrx_word' id='word_1_425' title='bbox 1288 1437 1375 1476; x_wconf 83' lang='lat' dir='ltr'>esset</span> <span class='ocrx_word' id='word_1_426' title='bbox 1397 1467 1409 1483; x_wconf 86' lang='lat'>‚</span> <span class='ocrx_word' id='word_1_427' title='bbox 1444 1451 1568 1489; x_wconf 88' lang='lat' dir='ltr'>neque</span> <span class='ocrx_word' id='word_1_428' title='bbox 1590 1437 1764 1487; x_wconf 84' lang='lat' dir='ltr'>cujusque</span> <span class='ocrx_word' id='word_1_429' title='bbox 1786 1438 1924 1474; x_wconf 85' lang='lat' dir='ltr'>mortui</span> <span class='ocrx_word' id='word_1_430' title='bbox 1945 1436 2044 1473; x_wconf 83' lang='lat' dir='ltr'>bona</span> <span class='ocrx_word' id='word_1_431' title='bbox 2070 1464 2081 1481; x_wconf 88' lang='lat'><strong>,</strong></span> <span class='ocrx_word' id='word_1_432' title='bbox 2108 1445 2313 1487; x_wconf 81' lang='lat' dir='ltr'>antequam</span> 
     </span>
     <span class='ocr_line' id='line_1_66' title="bbox 1287 1485 2308 1537; baseline 0.003 -13"><span class='ocrx_word' id='word_1_433' title='bbox 1287 1487 1335 1525; x_wconf 89' lang='lat' dir='ltr'>de</span> <span class='ocrx_word' id='word_1_434' title='bbox 1355 1499 1402 1526; x_wconf 90' lang='lat' dir='ltr'>eo</span> <span class='ocrx_word' id='word_1_435' title='bbox 1425 1490 1572 1527; x_wconf 86' lang='lat' dir='ltr'>Romae</span> <span class='ocrx_word' id='word_1_436' title='bbox 1590 1487 1875 1537; x_wconf 83' lang='lat' dir='ltr'>pronunciatum</span> <span class='ocrx_word' id='word_1_437' title='bbox 1898 1485 1940 1524; x_wconf 84' lang='lat' dir='ltr'>sit</span> <span class='ocrx_word' id='word_1_438' title='bbox 1963 1514 1973 1531; x_wconf 92' lang='lat'>‚</span> <span class='ocrx_word' id='word_1_439' title='bbox 2002 1486 2180 1534; x_wconf 82' lang='lat' dir='ltr'>publicata</span> <span class='ocrx_word' id='word_1_440' title='bbox 2203 1489 2308 1527; x_wconf 85' lang='lat' dir='ltr'>sunt:</span> 
     </span>
     <span class='ocr_line' id='line_1_67' title="bbox 1286 1537 2307 1588; baseline 0.001 -13"><span class='ocrx_word' id='word_1_441' title='bbox 1286 1549 1404 1588; x_wconf 90' lang='lat' dir='ltr'>eaque</span> <span class='ocrx_word' id='word_1_442' title='bbox 1425 1540 1522 1577; x_wconf 88' lang='lat' dir='ltr'>bona</span> <span class='ocrx_word' id='word_1_443' title='bbox 1543 1538 1716 1577; x_wconf 88' lang='lat' dir='ltr'>haeredes</span> <span class='ocrx_word' id='word_1_444' title='bbox 1729 1537 1907 1586; x_wconf 81' lang='lat' dir='ltr'>poffidere</span> <span class='ocrx_word' id='word_1_445' title='bbox 1921 1538 2064 1576; x_wconf 86' lang='lat' dir='ltr'>debent.</span> <span class='ocrx_word' id='word_1_446' title='bbox 2092 1537 2192 1575; x_wconf 89' lang='lat' dir='ltr'>Vide</span> <span class='ocrx_word' id='word_1_447' title='bbox 2205 1538 2307 1577; x_wconf 87' lang='lat' dir='ltr'>Mar-</span> 
     </span>
     <span class='ocr_line' id='line_1_68' title="bbox 1283 1586 2320 1637; baseline 0.002 -11"><span class='ocrx_word' id='word_1_448' title='bbox 1283 1589 1370 1626; x_wconf 86' lang='lat' dir='ltr'>tian.</span> <span class='ocrx_word' id='word_1_449' title='bbox 1401 1590 1456 1628; x_wconf 86' lang='lat' dir='ltr'>tit.</span> <span class='ocrx_word' id='word_1_450' title='bbox 1489 1589 1535 1628; x_wconf 90' lang='lat' dir='ltr'>de</span> <span class='ocrx_word' id='word_1_451' title='bbox 1566 1590 1673 1627; x_wconf 88' lang='lat' dir='ltr'>bonis</span> <span class='ocrx_word' id='word_1_452' title='bbox 1705 1599 1835 1626; x_wconf 86' lang='lat' dir='ltr'>eorum</span> <span class='ocrx_word' id='word_1_453' title='bbox 1861 1616 1872 1633; x_wconf 93' lang='lat'>,</span> <span class='ocrx_word' id='word_1_454' title='bbox 1899 1589 1964 1637; x_wconf 90' lang='lat' dir='ltr'>qui</span> <span class='ocrx_word' id='word_1_455' title='bbox 1983 1596 2068 1626; x_wconf 89' lang='lat' dir='ltr'>ante</span> <span class='ocrx_word' id='word_1_456' title='bbox 2091 1586 2320 1628; x_wconf 63' lang='lat' dir='ltr'>sententiam&lt;</span> 
     </span>
     <span class='ocr_line' id='line_1_69' title="bbox 1286 1637 1953 1678; baseline -0.001 -3"><span class='ocrx_word' id='word_1_457' title='bbox 1286 1647 1449 1677; x_wconf 87' lang='lat' dir='ltr'>mortem</span> <span class='ocrx_word' id='word_1_458' title='bbox 1471 1638 1535 1678; x_wconf 89' lang='lat' dir='ltr'>fibi</span> <span class='ocrx_word' id='word_1_459' title='bbox 1556 1639 1809 1677; x_wconf 86' lang='lat' dir='ltr'>consciverint.</span> <span class='ocrx_word' id='word_1_460' title='bbox 1836 1637 1953 1676; x_wconf 69' lang='lat' dir='ltr'>IDEM.</span> 
     </span>
    </p>

    <p class='ocr_par' dir='ltr' id='par_1_17' title="bbox 1282 1687 2315 2446">
     <span class='ocr_line' id='line_1_70' title="bbox 1332 1687 2310 1738; baseline 0.005 -13"><span class='ocrx_word' id='word_1_461' title='bbox 1332 1689 1356 1725; x_wconf 91' lang='lat'><em>6</em></span> <span class='ocrx_word' id='word_1_462' title='bbox 1384 1688 1594 1738; x_wconf 57' lang='lat' dir='ltr'>Industus]</span> <span class='ocrx_word' id='word_1_463' title='bbox 1626 1687 1756 1738; x_wconf 42' lang='lat' dir='ltr'>Sieest</span> <span class='ocrx_word' id='word_1_464' title='bbox 1776 1689 1815 1726; x_wconf 88' lang='lat' dir='ltr'>in</span> <span class='ocrx_word' id='word_1_465' title='bbox 1835 1689 1907 1726; x_wconf 80' lang='lat' dir='ltr'>Pal.</span> <span class='ocrx_word' id='word_1_466' title='bbox 1930 1690 2065 1727; x_wconf 60' lang='lat' dir='ltr'>&amp;ven</span> <span class='ocrx_word' id='word_1_467' title='bbox 2087 1688 2173 1727; x_wconf 80' lang='lat' dir='ltr'>edit.</span> <span class='ocrx_word' id='word_1_468' title='bbox 2215 1690 2310 1730; x_wconf 85' lang='lat' dir='ltr'>Vul-</span> 
     </span>
     <span class='ocr_line' id='line_1_71' title="bbox 1282 1737 2310 1789; baseline 0.004 -14"><span class='ocrx_word' id='word_1_469' title='bbox 1282 1740 1357 1787; x_wconf 87' lang='lat' dir='ltr'>gati</span> <span class='ocrx_word' id='word_1_470' title='bbox 1404 1751 1522 1788; x_wconf 88' lang='lat' dir='ltr'>nuper</span> <span class='ocrx_word' id='word_1_471' title='bbox 1557 1739 1805 1784; x_wconf 58' lang='lat' dir='ltr'>introductus,</span> <span class='ocrx_word' id='word_1_472' title='bbox 1845 1737 1977 1789; x_wconf 88' lang='lat' dir='ltr'>(quod</span> <span class='ocrx_word' id='word_1_473' title='bbox 2010 1742 2165 1789; x_wconf 75' lang='lat' dir='ltr'>explicat</span> <span class='ocrx_word' id='word_1_474' title='bbox 2200 1741 2310 1780; x_wconf 80' lang='lat' dir='ltr'>Cata-</span> 
     </span>
     <span class='ocr_line' id='line_1_72' title="bbox 1285 1789 2311 1840; baseline 0.007 -15"><span class='ocrx_word' id='word_1_475' title='bbox 1285 1800 1396 1828; x_wconf 84' lang='lat' dir='ltr'>naeus</span> <span class='ocrx_word' id='word_1_476' title='bbox 1418 1789 1634 1838; x_wconf 77' lang='lat' dir='ltr'>intromissus</span> <span class='ocrx_word' id='word_1_477' title='bbox 1656 1791 1694 1827; x_wconf 85' lang='lat' dir='ltr'>in</span> <span class='ocrx_word' id='word_1_478' title='bbox 1714 1790 1923 1839; x_wconf 80' lang='lat' dir='ltr'>Senatum.)</span> <span class='ocrx_word' id='word_1_479' title='bbox 1952 1790 2124 1828; x_wconf 84' lang='lat' dir='ltr'>Alterum</span> <span class='ocrx_word' id='word_1_480' title='bbox 2136 1793 2311 1840; x_wconf 84' lang='lat' dir='ltr'>repetitur</span> 
     </span>
     <span class='ocr_line' id='line_1_73' title="bbox 1286 1839 2312 1890; baseline 0.005 -14"><span class='ocrx_word' id='word_1_481' title='bbox 1286 1839 1410 1878; x_wconf 89' lang='lat' dir='ltr'>nostro</span> <span class='ocrx_word' id='word_1_482' title='bbox 1435 1841 1517 1880; x_wconf 90' lang='lat' dir='ltr'>Lib.</span> <span class='ocrx_word' id='word_1_483' title='bbox 1539 1841 1588 1878; x_wconf 89' lang='lat' dir='ltr'>V.</span> <span class='ocrx_word' id='word_1_484' title='bbox 1612 1841 1681 1890; x_wconf 91' lang='lat' dir='ltr'>Ep.</span> <span class='ocrx_word' id='word_1_485' title='bbox 1705 1839 1773 1877; x_wconf 92' lang='lat' dir='ltr'>IV.</span> <span class='ocrx_word' id='word_1_486' title='bbox 1802 1842 1993 1879; x_wconf 66' lang='lat' dir='ltr'>GRUTER.</span> <span class='ocrx_word' id='word_1_487' title='bbox 2033 1840 2156 1880; x_wconf 90' lang='lat' dir='ltr'>Nostri</span> <span class='ocrx_word' id='word_1_488' title='bbox 2179 1853 2312 1884; x_wconf 85' lang='lat' dir='ltr'>omnes</span> 
     </span>
     <span class='ocr_line' id='line_1_74' title="bbox 1286 1891 2314 1944; baseline 0.003 -15"><span class='ocrx_word' id='word_1_489' title='bbox 1286 1891 1451 1930; x_wconf 66' lang='lat' dir='ltr'>induetus</span> <span class='ocrx_word' id='word_1_490' title='bbox 1490 1891 1535 1941; x_wconf 82' lang='lat' dir='ltr'>est</span> <span class='ocrx_word' id='word_1_491' title='bbox 1560 1920 1571 1937; x_wconf 93' lang='lat'><strong>,</strong></span> <span class='ocrx_word' id='word_1_492' title='bbox 1614 1892 1718 1943; x_wconf 88' lang='lat' dir='ltr'>quod</span> <span class='ocrx_word' id='word_1_493' title='bbox 1749 1891 1858 1940; x_wconf 89' lang='lat' dir='ltr'>plene</span> <span class='ocrx_word' id='word_1_494' title='bbox 1890 1892 2041 1941; x_wconf 89' lang='lat' dir='ltr'>protulit</span> <span class='ocrx_word' id='word_1_495' title='bbox 2073 1891 2182 1941; x_wconf 87' lang='lat' dir='ltr'>Epist.</span> <span class='ocrx_word' id='word_1_496' title='bbox 2214 1893 2314 1944; x_wconf 85' lang='lat' dir='ltr'>sequ.</span> 
     </span>
     <span class='ocr_line' id='line_1_75' title="bbox 1288 1941 2315 1993; baseline 0.003 -14"><span class='ocrx_word' id='word_1_497' title='bbox 1288 1941 1371 1979; x_wconf 85' lang='lat' dir='ltr'>XII.</span> <span class='ocrx_word' id='word_1_498' title='bbox 1395 1953 1430 1981; x_wconf 92' lang='lat' dir='ltr'>n.</span> <span class='ocrx_word' id='word_1_499' title='bbox 1452 1955 1485 1981; x_wconf 87' lang='lat'>2.</span> <span class='ocrx_word' id='word_1_500' title='bbox 1539 1943 1718 1981; x_wconf 77' lang='lat' dir='ltr'>Firminus</span> <span class='ocrx_word' id='word_1_501' title='bbox 1740 1942 1910 1980; x_wconf 57' lang='lat' dir='ltr'>inductus</span> <span class='ocrx_word' id='word_1_502' title='bbox 1934 1943 1971 1980; x_wconf 88' lang='lat' dir='ltr'>in</span> <span class='ocrx_word' id='word_1_503' title='bbox 1993 1941 2157 1980; x_wconf 86' lang='lat' dir='ltr'>senatum</span> <span class='ocrx_word' id='word_1_504' title='bbox 2179 1944 2315 1993; x_wconf 84' lang='lat' dir='ltr'>respon-</span> 
     </span>
     <span class='ocr_line' id='line_1_76' title="bbox 1287 1991 2312 2042; baseline 0.004 -13"><span class='ocrx_word' id='word_1_505' title='bbox 1287 1993 1343 2031; x_wconf 87' lang='lat' dir='ltr'>dit</span> <span class='ocrx_word' id='word_1_506' title='bbox 1364 1994 1509 2032; x_wconf 81' lang='lat' dir='ltr'>crimini</span> <span class='ocrx_word' id='word_1_507' title='bbox 1529 2005 1620 2032; x_wconf 85' lang='lat' dir='ltr'>noto.</span> <span class='ocrx_word' id='word_1_508' title='bbox 1674 1991 1746 2033; x_wconf 91' lang='lat' dir='ltr'>Sed</span> <span class='ocrx_word' id='word_1_509' title='bbox 1768 2004 1909 2032; x_wconf 88' lang='lat' dir='ltr'>nomen</span> <span class='ocrx_word' id='word_1_510' title='bbox 1940 1993 2014 2031; x_wconf 87' lang='lat' dir='ltr'>loci</span> <span class='ocrx_word' id='word_1_511' title='bbox 2046 2002 2107 2031; x_wconf 86' lang='lat' dir='ltr'>aut</span> <span class='ocrx_word' id='word_1_512' title='bbox 2138 1997 2312 2042; x_wconf 87' lang='lat' dir='ltr'>termini,</span> 
     </span>
     <span class='ocr_line' id='line_1_77' title="bbox 1288 2043 2313 2094; baseline 0.001 -12"><span class='ocrx_word' id='word_1_513' title='bbox 1288 2054 1366 2093; x_wconf 91' lang='lat' dir='ltr'>quo</span> <span class='ocrx_word' id='word_1_514' title='bbox 1389 2044 1597 2090; x_wconf 85' lang='lat' dir='ltr'>ducuntur,</span> <span class='ocrx_word' id='word_1_515' title='bbox 1625 2055 1705 2082; x_wconf 88' lang='lat' dir='ltr'>non</span> <span class='ocrx_word' id='word_1_516' title='bbox 1727 2043 1846 2081; x_wconf 87' lang='lat' dir='ltr'>modo</span> <span class='ocrx_word' id='word_1_517' title='bbox 1869 2055 1982 2094; x_wconf 83' lang='lat' dir='ltr'>penes</span> <span class='ocrx_word' id='word_1_518' title='bbox 2017 2044 2174 2082; x_wconf 87' lang='lat' dir='ltr'>verbum</span> <span class='ocrx_word' id='word_1_519' title='bbox 2208 2045 2313 2083; x_wconf 83' lang='lat' dir='ltr'>indu-</span> 
     </span>
     <span class='ocr_line' id='line_1_78' title="bbox 1284 2093 2314 2145; baseline 0.003 -15"><span class='ocrx_word' id='word_1_520' title='bbox 1284 2106 1378 2141; x_wconf 84' lang='lat' dir='ltr'>cere,</span> <span class='ocrx_word' id='word_1_521' title='bbox 1405 2095 1467 2133; x_wconf 84' lang='lat' dir='ltr'>sed</span> <span class='ocrx_word' id='word_1_522' title='bbox 1491 2097 1601 2134; x_wconf 79' lang='lat' dir='ltr'>etiam</span> <span class='ocrx_word' id='word_1_523' title='bbox 1623 2106 1735 2145; x_wconf 86' lang='lat' dir='ltr'>penes</span> <span class='ocrx_word' id='word_1_524' title='bbox 1757 2095 1877 2132; x_wconf 82' lang='lat' dir='ltr'>ducere</span> <span class='ocrx_word' id='word_1_525' title='bbox 1900 2123 1911 2140; x_wconf 93' lang='lat'><strong><em>,</em></strong></span> <span class='ocrx_word' id='word_1_526' title='bbox 1940 2093 2082 2132; x_wconf 78' lang='lat' dir='ltr'>trahere</span> <span class='ocrx_word' id='word_1_527' title='bbox 2105 2122 2118 2140; x_wconf 93' lang='lat'>‚</span> <span class='ocrx_word' id='word_1_528' title='bbox 2152 2097 2314 2145; x_wconf 79' lang='lat' dir='ltr'>perduce-</span> 
     </span>
     <span class='ocr_line' id='line_1_79' title="bbox 1286 2145 2312 2196; baseline 0.002 -15"><span class='ocrx_word' id='word_1_529' title='bbox 1286 2158 1346 2191; x_wconf 87' lang='lat' dir='ltr'>re,</span> <span class='ocrx_word' id='word_1_530' title='bbox 1373 2147 1592 2185; x_wconf 75' lang='lat' dir='ltr'>introducere</span> <span class='ocrx_word' id='word_1_531' title='bbox 1615 2153 1794 2196; x_wconf 87' lang='lat' dir='ltr'>perpetuo</span> <span class='ocrx_word' id='word_1_532' title='bbox 1816 2145 1892 2184; x_wconf 86' lang='lat' dir='ltr'>fere</span> <span class='ocrx_word' id='word_1_533' title='bbox 1916 2146 2085 2183; x_wconf 87' lang='lat' dir='ltr'>reticetur</span> <span class='ocrx_word' id='word_1_534' title='bbox 2099 2173 2110 2190; x_wconf 91' lang='lat'><strong>,</strong></span> <span class='ocrx_word' id='word_1_535' title='bbox 2139 2156 2181 2183; x_wconf 91' lang='lat' dir='ltr'>ut</span> <span class='ocrx_word' id='word_1_536' title='bbox 2192 2146 2312 2184; x_wconf 87' lang='lat' dir='ltr'>osten-</span> 
     </span>
     <span class='ocr_line' id='line_1_80' title="bbox 1290 2194 2313 2245; baseline 0 -11"><span class='ocrx_word' id='word_1_537' title='bbox 1290 2195 1408 2236; x_wconf 80' lang='lat' dir='ltr'>dimus</span> <span class='ocrx_word' id='word_1_538' title='bbox 1428 2197 1475 2235; x_wconf 84' lang='lat' dir='ltr'>ad</span> <span class='ocrx_word' id='word_1_539' title='bbox 1499 2197 1632 2236; x_wconf 75' lang='lat' dir='ltr'>Sallust.</span> <span class='ocrx_word' id='word_1_540' title='bbox 1657 2197 1737 2234; x_wconf 84' lang='lat' dir='ltr'>Cat.</span> <span class='ocrx_word' id='word_1_541' title='bbox 1759 2207 1836 2245; x_wconf 88' lang='lat' dir='ltr'>cap.</span> <span class='ocrx_word' id='word_1_542' title='bbox 1858 2194 2002 2232; x_wconf 90' lang='lat' dir='ltr'>XLVI.</span> <span class='ocrx_word' id='word_1_543' title='bbox 2025 2207 2060 2233; x_wconf 90' lang='lat' dir='ltr'>n.</span> <span class='ocrx_word' id='word_1_544' title='bbox 2075 2208 2106 2243; x_wconf 85' lang='lat'>5.</span> <span class='ocrx_word' id='word_1_545' title='bbox 2120 2196 2313 2235; x_wconf 63' lang='lat' dir='ltr'>&amp;Lucam</span> 
     </span>
     <span class='ocr_line' id='line_1_81' title="bbox 1290 2245 2314 2296; baseline 0.001 -13"><span class='ocrx_word' id='word_1_546' title='bbox 1290 2246 1372 2285; x_wconf 88' lang='lat' dir='ltr'>Lib.</span> <span class='ocrx_word' id='word_1_547' title='bbox 1405 2248 1453 2286; x_wconf 90' lang='lat' dir='ltr'>II.</span> <span class='ocrx_word' id='word_1_548' title='bbox 1484 2259 1536 2286; x_wconf 87' lang='lat' dir='ltr'>vs.</span> <span class='ocrx_word' id='word_1_549' title='bbox 1569 2260 1650 2285; x_wconf 81' lang='lat'>202..</span> <span class='ocrx_word' id='word_1_550' title='bbox 1703 2246 1759 2284; x_wconf 80' lang='lat' dir='ltr'>lta</span> <span class='ocrx_word' id='word_1_551' title='bbox 1790 2249 1828 2285; x_wconf 91' lang='lat'>&amp;</span> <span class='ocrx_word' id='word_1_552' title='bbox 1858 2245 1969 2296; x_wconf 75' lang='lat' dir='ltr'>Epist.</span> <span class='ocrx_word' id='word_1_553' title='bbox 1990 2245 2098 2282; x_wconf 88' lang='lat' dir='ltr'>XIV.</span> <span class='ocrx_word' id='word_1_554' title='bbox 2120 2256 2155 2282; x_wconf 90' lang='lat' dir='ltr'>n.</span> <span class='ocrx_word' id='word_1_555' title='bbox 2176 2259 2211 2292; x_wconf 83' lang='lat'>4.</span> <span class='ocrx_word' id='word_1_556' title='bbox 2239 2253 2314 2284; x_wconf 84' lang='lat' dir='ltr'>Nec</span> 
     </span>
     <span class='ocr_line' id='line_1_82' title="bbox 1290 2295 2312 2347; baseline 0.002 -13"><span class='ocrx_word' id='word_1_557' title='bbox 1290 2297 1540 2343; x_wconf 89' lang='lat' dir='ltr'>inducuntur,</span> <span class='ocrx_word' id='word_1_558' title='bbox 1559 2299 1625 2347; x_wconf 86' lang='lat' dir='ltr'>sed</span> <span class='ocrx_word' id='word_1_559' title='bbox 1656 2296 1871 2346; x_wconf 83' lang='lat' dir='ltr'>irrumpunt.</span> <span class='ocrx_word' id='word_1_560' title='bbox 1917 2296 1999 2333; x_wconf 93' lang='lat' dir='ltr'>Lib.</span> <span class='ocrx_word' id='word_1_561' title='bbox 2021 2295 2087 2333; x_wconf 92' lang='grc' dir='ltr'>ΙΙΙ.</span> <span class='ocrx_word' id='word_1_562' title='bbox 2110 2295 2218 2345; x_wconf 89' lang='lat' dir='ltr'>Epist.</span> <span class='ocrx_word' id='word_1_563' title='bbox 2242 2297 2312 2337; x_wconf 89' lang='lat' dir='ltr'>1V.</span> 
     </span>
     <span class='ocr_line' id='line_1_83' title="bbox 1288 2346 2310 2398; baseline 0.001 -15"><span class='ocrx_word' id='word_1_564' title='bbox 1288 2358 1324 2384; x_wconf 91' lang='lat' dir='ltr'>n.</span> <span class='ocrx_word' id='word_1_565' title='bbox 1351 2360 1386 2394; x_wconf 84' lang='lat'>4.</span> <span class='ocrx_word' id='word_1_566' title='bbox 1412 2349 1535 2398; x_wconf 83' lang='lat' dir='ltr'>Legati</span> <span class='ocrx_word' id='word_1_567' title='bbox 1557 2347 1677 2396; x_wconf 82' lang='lat' dir='ltr'>rursus</span> <span class='ocrx_word' id='word_1_568' title='bbox 1697 2346 1836 2385; x_wconf 68' lang='lat' dir='ltr'>induffl</span> <span class='ocrx_word' id='word_1_569' title='bbox 1869 2347 1998 2384; x_wconf 78' lang='lat' dir='ltr'>iterum</span> <span class='ocrx_word' id='word_1_570' title='bbox 2029 2359 2084 2383; x_wconf 90' lang='lat' dir='ltr'>me</span> <span class='ocrx_word' id='word_1_571' title='bbox 2111 2346 2310 2396; x_wconf 81' lang='lat' dir='ltr'>postulave-</span> 
     </span>
     <span class='ocr_line' id='line_1_84' title="bbox 1287 2396 2224 2446; baseline 0.003 -14"><span class='ocrx_word' id='word_1_572' title='bbox 1287 2408 1376 2434; x_wconf 83' lang='lat' dir='ltr'>runt</span> <span class='ocrx_word' id='word_1_573' title='bbox 1396 2399 1626 2434; x_wconf 85' lang='lat' dir='ltr'>advocatum.</span> <span class='ocrx_word' id='word_1_574' title='bbox 1665 2399 1755 2434; x_wconf 85' lang='lat' dir='ltr'>item</span> <span class='ocrx_word' id='word_1_575' title='bbox 1779 2397 1860 2434; x_wconf 89' lang='lat' dir='ltr'>Lib.</span> <span class='ocrx_word' id='word_1_576' title='bbox 1883 2397 1931 2433; x_wconf 96' lang='lat' dir='ltr'>V.</span> <span class='ocrx_word' id='word_1_577' title='bbox 1954 2396 2022 2446; x_wconf 89' lang='lat' dir='ltr'>Ep.</span> <span class='ocrx_word' id='word_1_578' title='bbox 2043 2396 2112 2434; x_wconf 93' lang='lat' dir='ltr'>IV.</span> <span class='ocrx_word' id='word_1_579' title='bbox 2134 2409 2168 2434; x_wconf 91' lang='lat' dir='ltr'>n.</span> <span class='ocrx_word' id='word_1_580' title='bbox 2191 2409 2224 2436; x_wconf 85' lang='lat' dir='ltr'>z.</span> 
     </span>
    </p>

    <p class='ocr_par' dir='ltr' id='par_1_18' title="bbox 1272 2445 2325 3052">
     <span class='ocr_line' id='line_1_85' title="bbox 1339 2445 2323 2495; baseline 0.004 -11"><span class='ocrx_word' id='word_1_581' title='bbox 1339 2458 1358 2493; x_wconf 95' lang='lat'><em>7</em></span> <span class='ocrx_word' id='word_1_582' title='bbox 1388 2448 1511 2484; x_wconf 85' lang='lat' dir='ltr'>Tutius</span> <span class='ocrx_word' id='word_1_583' title='bbox 1539 2445 1731 2495; x_wconf 52' lang='lat' dir='ltr'>Cerealis]</span> <span class='ocrx_word' id='word_1_584' title='bbox 1771 2447 1929 2485; x_wconf 78' lang='lat' dir='ltr'>Cereales</span> <span class='ocrx_word' id='word_1_585' title='bbox 1961 2447 2097 2485; x_wconf 86' lang='lat' dir='ltr'>multos</span> <span class='ocrx_word' id='word_1_586' title='bbox 2128 2449 2220 2486; x_wconf 84' lang='lat' dir='ltr'>circa</span> <span class='ocrx_word' id='word_1_587' title='bbox 2253 2449 2323 2488; x_wconf 78' lang='lat' dir='ltr'>illa·</span> 
     </span>
     <span class='ocr_line' id='line_1_86' title="bbox 1285 2496 2311 2546; baseline -0.002 -12"><span class='ocrx_word' id='word_1_588' title='bbox 1285 2496 1579 2546; x_wconf 79' lang='lat' dir='ltr'>tempora-fuisse</span> <span class='ocrx_word' id='word_1_589' title='bbox 1602 2506 1706 2535; x_wconf 91' lang='lat' dir='ltr'>noto.</span> <span class='ocrx_word' id='word_1_590' title='bbox 1764 2499 1923 2536; x_wconf 85' lang='lat' dir='ltr'>Mimum</span> <span class='ocrx_word' id='word_1_591' title='bbox 1955 2497 2136 2536; x_wconf 84' lang='lat' dir='ltr'>Cerealem</span> <span class='ocrx_word' id='word_1_592' title='bbox 2168 2500 2207 2537; x_wconf 86' lang='lat'>&amp;</span> <span class='ocrx_word' id='word_1_593' title='bbox 2234 2499 2311 2544; x_wconf 82' lang='lat' dir='ltr'>Ju-</span> 
     </span>
     <span class='ocr_line' id='line_1_87' title="bbox 1287 2547 2312 2597; baseline 0.004 -13"><span class='ocrx_word' id='word_1_594' title='bbox 1287 2547 1388 2585; x_wconf 86' lang='lat' dir='ltr'>nium</span> <span class='ocrx_word' id='word_1_595' title='bbox 1411 2547 1527 2597; x_wconf 84' lang='lat' dir='ltr'>filium</span> <span class='ocrx_word' id='word_1_596' title='bbox 1550 2548 1611 2586; x_wconf 91' lang='lat' dir='ltr'>sub</span> <span class='ocrx_word' id='word_1_597' title='bbox 1635 2547 1812 2586; x_wconf 82' lang='lat' dir='ltr'>Adriano.</span> <span class='ocrx_word' id='word_1_598' title='bbox 1864 2549 1928 2587; x_wconf 91' lang='lat' dir='ltr'>Ad</span> <span class='ocrx_word' id='word_1_599' title='bbox 1951 2548 2100 2586; x_wconf 83' lang='lat' dir='ltr'>Vellium</span> <span class='ocrx_word' id='word_1_600' title='bbox 2133 2549 2312 2588; x_wconf 72' lang='lat' dir='ltr'>Cerealem</span> 
     </span>
     <span class='ocr_line' id='line_1_88' title="bbox 1286 2598 2325 2644; baseline 0.002 -8"><span class='ocrx_word' id='word_1_601' title='bbox 1286 2598 1366 2637; x_wconf 86' lang='lat' dir='ltr'>alibi</span> <span class='ocrx_word' id='word_1_602' title='bbox 1390 2599 1586 2638; x_wconf 87' lang='lat' dir='ltr'>Secundus.</span> <span class='ocrx_word' id='word_1_603' title='bbox 1616 2599 1714 2637; x_wconf 87' lang='lat' dir='ltr'>Sicut</span> <span class='ocrx_word' id='word_1_604' title='bbox 1736 2598 1913 2638; x_wconf 76' lang='lat' dir='ltr'>Martialis</span> <span class='ocrx_word' id='word_1_605' title='bbox 1934 2599 1980 2638; x_wconf 91' lang='lat' dir='ltr'>ad</span> <span class='ocrx_word' id='word_1_606' title='bbox 2003 2599 2150 2644; x_wconf 74' lang='lat' dir='ltr'>Julium</span> <span class='ocrx_word' id='word_1_607' title='bbox 2182 2605 2325 2639; x_wconf 87' lang='lat' dir='ltr'>Cerea--</span> 
     </span>
     <span class='ocr_line' id='line_1_89' title="bbox 1285 2648 2308 2699; baseline 0.004 -14"><span class='ocrx_word' id='word_1_608' title='bbox 1285 2648 1352 2687; x_wconf 88' lang='lat' dir='ltr'>lem</span> <span class='ocrx_word' id='word_1_609' title='bbox 1375 2650 1466 2688; x_wconf 91' lang='lat' dir='ltr'>libro</span> <span class='ocrx_word' id='word_1_610' title='bbox 1487 2649 1688 2689; x_wconf 89' lang='lat' dir='ltr'>undecimo</span> <span class='ocrx_word' id='word_1_611' title='bbox 1713 2678 1724 2694; x_wconf 92' lang='lat'>,</span> <span class='ocrx_word' id='word_1_612' title='bbox 1754 2652 1825 2699; x_wconf 73' lang='lat' dir='ltr'>,qui</span> <span class='ocrx_word' id='word_1_613' title='bbox 1848 2650 1983 2688; x_wconf 88' lang='lat' dir='ltr'>bellum</span> <span class='ocrx_word' id='word_1_614' title='bbox 2006 2651 2217 2698; x_wconf 72' lang='lat' dir='ltr'>giganteum</span> <span class='ocrx_word' id='word_1_615' title='bbox 2240 2652 2308 2689; x_wconf 82' lang='lat' dir='ltr'>he·</span> 
     </span>
     <span class='ocr_line' id='line_1_90' title="bbox 1286 2699 2322 2750; baseline 0.004 -14"><span class='ocrx_word' id='word_1_616' title='bbox 1286 2702 1388 2738; x_wconf 92' lang='lat' dir='ltr'>roico</span> <span class='ocrx_word' id='word_1_617' title='bbox 1407 2700 1548 2750; x_wconf 84' lang='lat' dir='ltr'>scripsit.</span> <span class='ocrx_word' id='word_1_618' title='bbox 1576 2700 1741 2739; x_wconf 81' lang='lat' dir='ltr'>Tertullii</span> <span class='ocrx_word' id='word_1_619' title='bbox 1763 2699 1917 2738; x_wconf 83' lang='lat' dir='ltr'>Cerealis</span> <span class='ocrx_word' id='word_1_620' title='bbox 1942 2702 1980 2738; x_wconf 86' lang='lat'>&amp;</span> <span class='ocrx_word' id='word_1_621' title='bbox 2004 2701 2119 2738; x_wconf 80' lang='lat' dir='ltr'>Petilii</span> <span class='ocrx_word' id='word_1_622' title='bbox 2150 2701 2322 2741; x_wconf 81' lang='lat' dir='ltr'>Tacitus-</span> 
     </span>
     <span class='ocr_line' id='line_1_91' title="bbox 1286 2750 2308 2800; baseline 0.004 -13"><span class='ocrx_word' id='word_1_623' title='bbox 1286 2762 1371 2788; x_wconf 87' lang='lat' dir='ltr'>cum</span> <span class='ocrx_word' id='word_1_624' title='bbox 1405 2750 1568 2800; x_wconf 82' lang='lat' dir='ltr'>Josepho</span> <span class='ocrx_word' id='word_1_625' title='bbox 1601 2753 1640 2790; x_wconf 67' lang='grc' dir='ltr'>δε</span> <span class='ocrx_word' id='word_1_626' title='bbox 1673 2751 1799 2789; x_wconf 80' lang='lat' dir='ltr'>Dione</span> <span class='ocrx_word' id='word_1_627' title='bbox 1822 2751 2038 2789; x_wconf 81' lang='lat' dir='ltr'>meminere.</span> <span class='ocrx_word' id='word_1_628' title='bbox 2067 2750 2191 2789; x_wconf 86' lang='lat' dir='ltr'>Suidas</span> <span class='ocrx_word' id='word_1_629' title='bbox 2213 2752 2308 2791; x_wconf 85' lang='lat' dir='ltr'>insu-</span> 
     </span>
     <span class='ocr_line' id='line_1_92' title="bbox 1283 2799 2308 2850; baseline 0.001 -10"><span class='ocrx_word' id='word_1_630' title='bbox 1283 2813 1346 2850; x_wconf 85' lang='lat' dir='ltr'>per</span> <span class='ocrx_word' id='word_1_631' title='bbox 1368 2803 1530 2840; x_wconf 80' lang='lat' dir='ltr'>Primum</span> <span class='ocrx_word' id='word_1_632' title='bbox 1555 2800 1733 2840; x_wconf 84' lang='lat' dir='ltr'>Cerealem</span> <span class='ocrx_word' id='word_1_633' title='bbox 1756 2803 1850 2840; x_wconf 84' lang='lat' dir='ltr'>citat.</span> <span class='ocrx_word' id='word_1_634' title='bbox 1878 2801 2034 2839; x_wconf 68' lang='lat' dir='ltr'>CATAN.</span> <span class='ocrx_word' id='word_1_635' title='bbox 2057 2806 2089 2839; x_wconf 83' lang='lat' dir='ltr'><em>T</em></span> <span class='ocrx_word' id='word_1_636' title='bbox 2087 2799 2222 2850; x_wconf 82' lang='lat' dir='ltr'>utius.]</span> <span class='ocrx_word' id='word_1_637' title='bbox 2253 2803 2308 2841; x_wconf 84' lang='lat' dir='ltr'>A-</span> 
     </span>
     <span class='ocr_line' id='line_1_93' title="bbox 1281 2851 2307 2902; baseline 0.003 -13"><span class='ocrx_word' id='word_1_638' title='bbox 1281 2853 1342 2890; x_wconf 81' lang='lat' dir='ltr'>lias</span> <span class='ocrx_word' id='word_1_639' title='bbox 1366 2853 1495 2902; x_wconf 83' lang='lat' dir='ltr'>legitur</span> <span class='ocrx_word' id='word_1_640' title='bbox 1525 2853 1638 2890; x_wconf 84' lang='lat' dir='ltr'>Titius</span> <span class='ocrx_word' id='word_1_641' title='bbox 1661 2881 1672 2899; x_wconf 91' lang='lat'><strong><em>,</em></strong></span> <span class='ocrx_word' id='word_1_642' title='bbox 1722 2851 1781 2890; x_wconf 88' lang='lat' dir='ltr'>sed</span> <span class='ocrx_word' id='word_1_643' title='bbox 1805 2863 1882 2890; x_wconf 90' lang='lat' dir='ltr'>non</span> <span class='ocrx_word' id='word_1_644' title='bbox 1905 2853 1941 2890; x_wconf 91' lang='lat' dir='ltr'>in</span> <span class='ocrx_word' id='word_1_645' title='bbox 1967 2851 2210 2902; x_wconf 75' lang='lat' dir='ltr'>antiquissima</span> <span class='ocrx_word' id='word_1_646' title='bbox 2231 2853 2307 2892; x_wconf 87' lang='lat' dir='ltr'>edi-</span> 
     </span>
     <span class='ocr_line' id='line_1_94' title="bbox 1280 2902 2307 2955; baseline 0 -15"><span class='ocrx_word' id='word_1_647' title='bbox 1280 2904 1381 2942; x_wconf 87' lang='lat' dir='ltr'>tione</span> <span class='ocrx_word' id='word_1_648' title='bbox 1395 2933 1405 2948; x_wconf 90' lang='lat'>,</span> <span class='ocrx_word' id='word_1_649' title='bbox 1434 2916 1530 2955; x_wconf 87' lang='lat' dir='ltr'>quae</span> <span class='ocrx_word' id='word_1_650' title='bbox 1552 2902 1673 2942; x_wconf 81' lang='lat' dir='ltr'>firmat</span> <span class='ocrx_word' id='word_1_651' title='bbox 1693 2903 1926 2954; x_wconf 80' lang='lat' dir='ltr'>publicatam.</span> <span class='ocrx_word' id='word_1_652' title='bbox 1953 2902 2004 2940; x_wconf 90' lang='lat' dir='ltr'>At</span> <span class='ocrx_word' id='word_1_653' title='bbox 2025 2903 2205 2941; x_wconf 83' lang='lat' dir='ltr'>Palatinus</span> <span class='ocrx_word' id='word_1_654' title='bbox 2237 2914 2307 2940; x_wconf 81' lang='lat' dir='ltr'>no-</span> 
     </span>
     <span class='ocr_line' id='line_1_95' title="bbox 1278 2952 2302 3000; baseline -0.002 -8"><span class='ocrx_word' id='word_1_655' title='bbox 1278 2955 1344 2992; x_wconf 89' lang='lat' dir='ltr'>ster</span> <span class='ocrx_word' id='word_1_656' title='bbox 1367 2956 1541 3000; x_wconf 57' lang='lat' dir='ltr'>mavult.</span> <span class='ocrx_word' id='word_1_657' title='bbox 1560 2954 1697 2992; x_wconf 79' lang='lat' dir='ltr'>Tucius.</span> <span class='ocrx_word' id='word_1_658' title='bbox 1726 2954 1916 2992; x_wconf 65' lang='lat' dir='ltr'>Gaurm.</span> <span class='ocrx_word' id='word_1_659' title='bbox 1945 2952 2137 2992; x_wconf 87' lang='lat' dir='ltr'>Mediceus</span> <span class='ocrx_word' id='word_1_660' title='bbox 2169 2966 2178 2991; x_wconf 93' lang='lat'>:</span> <span class='ocrx_word' id='word_1_661' title='bbox 2220 2957 2302 2990; x_wconf 85' lang='lat' dir='ltr'>Du-</span> 
     </span>
     <span class='ocr_line' id='line_1_96' title="bbox 1272 3002 2301 3052; baseline -0.002 -10"><span class='ocrx_word' id='word_1_662' title='bbox 1272 3006 1359 3043; x_wconf 67' lang='lat' dir='ltr'>c‘lt&#39;us</span> <span class='ocrx_word' id='word_1_663' title='bbox 1381 3005 1556 3049; x_wconf 50' lang='lat' dir='ltr'>Cerialia</span> <span class='ocrx_word' id='word_1_664' title='bbox 1598 3004 1799 3043; x_wconf 82' lang='lat' dir='ltr'>Lindenbr.</span> <span class='ocrx_word' id='word_1_665' title='bbox 1829 3003 1973 3041; x_wconf 82' lang='lat' dir='ltr'>Tuccius</span> <span class='ocrx_word' id='word_1_666' title='bbox 1997 3003 2160 3041; x_wconf 84' lang='lat' dir='ltr'>Cerealis.</span> <span class='ocrx_word' id='word_1_667' title='bbox 2194 3002 2301 3052; x_wconf 79' lang='lat' dir='ltr'>quod</span> 
     </span>
    </p>
   </div>
   <div class='ocr_carea' id='block_1_13' title="bbox 1265 3054 2314 3140">
    <p class='ocr_par' dir='ltr' id='par_1_19' title="bbox 1265 3054 2314 3140">
     <span class='ocr_line' id='line_1_97' title="bbox 1265 3054 2294 3108; baseline -0.006 -13"><span class='ocrx_word' id='word_1_668' title='bbox 1265 3057 1475 3106; x_wconf 74' lang='lat' dir='ltr'>probarem.</span> <span class='ocrx_word' id='word_1_669' title='bbox 1532 3055 1687 3098; x_wconf 77' lang='lat' dir='ltr'>Cerealis</span> <span class='ocrx_word' id='word_1_670' title='bbox 1711 3064 1836 3096; x_wconf 83' lang='lat' dir='ltr'>autem</span> <span class='ocrx_word' id='word_1_671' title='bbox 1859 3057 1899 3096; x_wconf 86' lang='lat'>&amp;</span> <span class='ocrx_word' id='word_1_672' title='bbox 1922 3054 2072 3096; x_wconf 78' lang='lat' dir='ltr'>Cerialis</span> <span class='ocrx_word' id='word_1_673' title='bbox 2087 3054 2294 3108; x_wconf 70' lang='lat' dir='ltr'>promiscue</span> 
     </span>
     <span class='ocr_line' id='line_1_98' title="bbox 2258 3112 2314 3140; baseline -0.018 0"><span class='ocrx_word' id='word_1_674' title='bbox 2258 3112 2314 3140; x_wconf 72' lang='lat' dir='ltr'>m·</span> 
     </span>
    </p>
   </div>
  </div>
 </body>
</html>
