2616 3686
312 193 411 244 688

516 165 1042 244 'C.PL1N1-1
1112 185 1618 239 CAECILII
1687 184 2202 237 SECUNDI

316 293 531 346 quaque
557 274 839 329 occasione
865 273 1020 328 mitte
1044 310 1059 334 ‚
1110 276 1124 301 ¹
1152 268 1401 344 appofitis
1430 266 1653 340 quidem
1676 266 1845 321 usuris
1873 305 1888 329 ‚
1929 283 2056 341 quas
2085 286 2188 341 ego
2217 267 2242 341 (
2266 273 2283 298 ²
2321 282 2452 323 num

318 355 529 424 parcius
551 349 838 426 poss‘tim?)
879 356 895 421 ἒ
923 344 1234 403 centesimas
1260 342 1611 417 computabO.
1655 341 1796 399 Vale.

486 502 703 558 XXIX.
778 501 844 556 C.
926 492 1929 555 PL1N1us⁴RusT1co
2004 493 2182 549 Suo
2257 494 2308 549 S.

322 652 666 727 Excusatsua
682 649 872 724 scripta
914 645 1045 722 quod
1079 663 1174 699 non
1195 644 1304 714 stnt
1341 642 1648 712 exafflzffima
1675 687 1688 707 ‚
1731 655 1898 698 tamen
1925 645 2045 718 qma
2058 643 2188 716 sunt
2215 642 2364 716 plura
2389 648 2453 706 &-

1024 721 1218 791 diversi
1222 723 1452 794 generis,
1491 720 1767 774 toleranda.

2096 808 2108 831 X

489 879 544 932 T
565 877 748 940 satiuS,
796 891 964 931 unum
990 880 1004 909 ⁵
1032 871 1232 945 aliquid
1259 869 1563 940 insigniter,
1601 882 1763 937 quarn
1787 868 1964 922 facere
1986 869 2216 940 plurima
2247 869 2457 924 medio-

488 955 674 1009 criter:
719 955 790 1007 ita
819 952 1046 1023 plurima
1069 947 1422 1002 mediocriter
1455 981 1469 1006 ,
1526 942 1560 995 fi
1588 959 1698 994 non
1732 941 1891 1012 pollis
1919 960 2089 996 unum
2112 944 2312 1017 aliquid
2338 945 2457 999 infi-

324 1033 516 1099 gniter.
553 1028 706 1102 quod
730 1031 939 1084 intuens
969 1042 1073 1097 ego
1099 1064 1114 1088 ‚
1166 1022 1318 1077 variis
1355 1037 1440 1074 rne
1479 1016 1780 1071 studiorum
1804 1017 2084 1089 generibus
2110 1055 2126 1080 ,
2183 1021 2313 1073 nulli
2339 1021 2454 1074 satis

381 1202 413 1229 1.
442 1192 613 1246 Appositis
631 1189 770 1241 quidem
798 1187 946 1236 usuris.]
987 1183 1174 1224 Addendo
1200 1183 1262 1222 illis
1292 1181 1363 1220 aliis

326 1244 479 1293 epistolis
492 1272 503 1288 ,
528 1255 614 1294 quas
635 1253 710 1280 non
724 1241 863 1289 recepi,
884 1239 964 1277 alias
983 1237 1146 1287 epistolas
1165 1245 1231 1283 pro
1246 1233 1366 1274 usuris.

328 1297 522 1334 Caram

381 1358 417 1384 2.
449 1352 527 1382 Non
540 1343 670 1394 poffum
689 1341 862 1392 parcius.]
890 1340 979 1378 Non
1000 1336 1144 1388 poffum
1164 1348 1183 1374 a
1204 1344 1240 1373 te
1259 1341 1361 1383 pete-

329 1409 369 1435 re
391 1396 439 1433 ad
459 1397 620 1444 praesens
642 1395 799 1430 minores
822 1394 1010 1430 usuraszut
1029 1389 1139 1428 befl'es
1154 1416 1163 1432 ‚
1182 1384 1337 1426 semisses
1350 1413 1361 1429 ,

330 1448 553 1497 quincunces
576 1474 586 1490 ‚
623 1446 768 1483 trientes
790 1471 801 1487 ‚
836 1453 930 1493 quae
961 1441 1042 1479 sane
1073 1446 1172 1478 erant
1204 1438 1363 1475 minores

331 1496 528 1537 centesima
547 1497 659 1534 usura.
685 1498 702 1533 I
717 1507 740 1530 D
758 1506 777 1531 ε
790 1506 832 1530 M.
860 1500 958 1530 Num
976 1491 1111 1542 parcius
1116 1489 1227 1539 poffim
1241 1488 1361 1538 ἔσω]

333 1552 389 1588 Sic
409 1551 476 1587 Pal,
500 1549 538 1586 ὃς
562 1549 666 1585 Vett.
694 1544 783 1582 Edd.
812 1543 930 1583 Iidem
961 1551 1086 1581 tamen
1114 1541 1190 1579 libri
1218 1539 1360 1583 adhuc,

333 1601 547 1652 centesimam
566 1597 702 1648 putabo.
728 1597 762 1634 G
775 1608 833 1633 Ru
849 1608 905 1633 TE
918 1607 954 1633 R.
990 1592 1142 1632 Modius
1164 1601 1248 1629 ante
1269 1590 1363 1628 Gru-

332 1662 452 1690 terum
485 1651 648 1688 Novant.
694 1647 800 1695 Epist.
829 1649 912 1685 XII.
950 1644 1207 1683 emendaverat
1232 1670 1242 1686 ,
1281 1654 1366 1678 num

329 1703 468 1754 parcius
483 1699 638 1751 possum?
666 1700 834 1745 Uterque
857 1696 1086 1735 dissimulavit
1104 1723 1115 1740 ‚
1142 1694 1188 1732 slC
1204 1693 1282 1743 jam
1302 1693 1370 1729 Al-

334 1755 423 1792 dum
446 1764 562 1801 priore
587 1750 654 1788 Ed.
683 1745 857 1797 scripfiffe.
877 1759 963 1785 nam
986 1746 1073 1796 quid
1095 1747 1194 1783 hunc
1216 1744 1367 1792 impule-

334 1806 377 1844 rit
391 1812 453 1849 ‚ut
475 1802 670 1852 posteriore
690 1801 894 1840 omitteret:
917 1811 1001 1847 quas
1021 1811 1074 1846 ego
1094 1797 1235 1833 minime
1251 1802 1373 1843 parcus

335 1854 542 1906 parciffimas
555 1852 683 1902 putabo
707 1879 716 1894 ‚
755 1861 868 1887 nemo
899 1848 1001 1886 facile
1022 1848 1159 1886 dixerit.
1196 1846 1238 1883 ln
1268 1845 1374 1882 MSS.

338 1906 464 1945 nostris
484 1905 531 1942 est
552 1917 608 1940 nec
630 1931 640 1948 ‚
676 1903 733 1938 vel
768 1913 860 1938 minc
886 1900 1022 1946 parcius
1037 1897 1163 1949 poffim.
1189 1897 1289 1934 Male
1310 1906 1372 1933 au*

336 1967 414 1996 tem
444 1958 607 2004 vulgatae
640 1955 752 2003 pofflm
795 1952 1016 2001 propinant,
1059 1961 1145 1987 cum
1178 1947 1339 1985 formula
1364 1975 1374 1991 ‚

337 2008 456 2048 Plinio
482 2006 585 2043 valde
606 2004 804 2046 familiaris,
828 2001 955 2052 possum
978 2002 1155 2049 requirat,
1182 1998 1284 2048 quod
1308 1998 1375 2035 Ai-

342 2060 408 2098 dus
418 2061 455 2096 &
467 2057 617 2095 Modius
630 2056 737 2092 etiam
752 2054 897 2091 habent.
908 2053 990 2090 Lib.
1002 2053 1070 2090 VI.
1082 2050 1188 2099 Epist.
1199 2048 1376 2089 XXXIII.

342 2123 380 2148 n.
407 2121 436 2147 r.
474 2115 572 2145 Num
594 2106 769 2156 superbius
798 2105 898 2152 potui
924 2103 939 2141 ?
977 2103 1060 2141 vide
1084 2102 1130 2140 ad
1167 2101 1250 2139 Lib.
1270 2099 1376 2137 VIII.

2198 1095 2426 1149 confisus
2441 1135 2457 1159 ,

1428 1179 1528 1216 Nam
1553 1177 1683 1216 Plinius
1710 1177 1791 1216 Lib.
1814 1176 1958 1215 XVIII.
1985 1188 2061 1226 cap.
2081 1177 2132 1216 V.
2157 1181 2312 1227 Rogatus
2334 1207 2344 1223 ‚
2378 1180 2459 1219 scri-

1421 1230 1495 1273 bit,
1522 1235 1613 1267 Cato
1634 1231 1708 1279 quis
1729 1229 1806 1279 effit
1826 1227 2044 1266 centesimus
2066 1230 2248 1278 quaestus:
2267 1231 2457 1279 Respondit,

1424 1282 1458 1318 Si
1477 1281 1556 1318 bene
1571 1281 1689 1330 pascas
1708 1292 1880 1330 tanquam
1905 1294 1946 1317 ex
1975 1289 2075 1328 prato
2104 1281 2160 1318 vel
2190 1280 2311 1330 pascuo
2341 1284 2457 1320 maxi-

1420 1345 1497 1369 mus
1513 1333 1648 1375 fructus
1669 1331 1848 1380 colligatur
1860 1359 1870 1374 ‚
1900 1331 1958 1381 qui
1975 1332 2142 1374 impendio
2158 1332 2302 1369 minimo
2321 1332 2454 1379 constet.

1419 1383 1539 1433 Hujus
1576 1383 1769 1431 centefimae
1807 1393 1892 1419 cum
1943 1383 2035 1430 prius
2082 1382 2258 1420 admoniti
2299 1381 2454 1421 essemus

1422 1446 1467 1471 ex
1497 1434 1627 1482 scriptis
1656 1434 1722 1471 viri
1750 1433 1940 1472 doetiffimi
1965 1460 1975 1476 ,
2022 1433 2146 1480 postea
2177 1433 2456 1472 bartholomeus

1424 1485 1648 1522 Raimundus
1667 1512 1677 1527 ‚
1706 1485 1769 1533 qui
1790 1482 1984 1520 Pandee'tas
2004 1484 2042 1520 in
2064 1491 2227 1521 veterem
2251 1484 2452 1524 leetionem

1421 1537 1591 1580 restituit,
1620 1536 1658 1572 δε
1678 1536 1715 1572 in
1735 1545 1792 1572 eas
1809 1544 1923 1571 novas
1946 1535 2199 1572 annotationes
2221 1543 2318 1584 parat
2337 1563 2348 1580 ‚
2385 1547 2455 1574 nos

1419 1589 1458 1625 in
1476 1589 1654 1636 maJ'orem
1684 1586 1759 1636 ejus
1789 1585 2039 1633 cognitionem
2070 1584 2224 1624 induxit.
2261 1586 2327 1622 CA
2343 1599 2366 1623 1·
2383 1603 2402 1623 n
2418 1600 2457 1626 N.

1428 1639 1531 1689 Quas
1551 1652 1604 1688 ego
1631 1637 1740 1686 (num
1757 1637 1893 1686 parcius
1905 1635 2019 1685 poffim
2033 1634 2073 1683 ?)
2103 1635 2296 1684 centesimas
2322 1646 2456 1687 compu-

1423 1689 1501 1726 tabo
1525 1690 1540 1740 ]
1571 1690 1700 1726 Oratio
1717 1688 1926 1736 allegorica:
1954 1688 2055 1730 vult,
2083 1688 2176 1726 mitti
2198 1686 2243 1724 ad
2263 1687 2296 1724 se
2315 1688 2454 1734 literas,

1425 1751 1502 1777 non
1520 1748 1658 1777 tantum
1680 1750 1736 1777 eas
1757 1767 1766 1783 ,
1795 1750 1882 1787 quas
1899 1738 1933 1776 se
1951 1736 2113 1786 scripfiffe
2144 1739 2331 1776 Romanus
2350 1737 2455 1787 figni-

1426 1790 1567 1835 ficarat,
1595 1790 1653 1828 sed
1675 1801 1788 1828 novas
1808 1801 1959 1839 quoque
1980 1817 1991 1833 ,
2027 1800 2121 1838 quae
2147 1788 2191 1826 ad
2212 1789 2284 1826 illas
2303 1789 2454 1828 accede-

1431 1850 1508 1878 rent
1532 1870 1541 1886 ,
1580 1840 1668 1879 ficut
1705 1843 1828 1879 usurae
1862 1852 1947 1878 cum
1984 1840 2077 1877 sorte
2113 1840 2293 1877 numerari
2330 1840 2455 1879 solent.

1401 1907 1404 1941 g
1429 1893 1623 1930 Usurarum
1647 1904 1722 1930 non
1745 1904 1859 1929 unum
1876 1902 2011 1940 genus:
2035 1890 2095 1928 sed
2117 1891 2366 1938 pervulgatum
2379 1904 2455 1929 cen-

1401 1947 1404 2004 Ι
1425 1942 1570 1993 tefimae.
1593 1955 1680 1987 vcum
1706 1942 1882 1992 centesima
1904 1942 2001 1980 sortis
2019 1952 2094 1991 pars
2114 1943 2151 1979 in
2173 1940 2326 1989 fingulOS
2347 1954 2453 1983 men-

1402 2008 1404 2038 i
1424 1996 1474 2032 ses
1496 1995 1669 2033 mercedis
1688 1995 1771 2031 loco
1792 1995 2000 2032 solveretur.
2053 1993 2130 2036 Ut,
2159 1991 2182 2028 si
2207 1995 2284 2041 quis
2302 2001 2453 2032 centum

1402 2040 1405 2065 ⁵
1428 2057 1601 2084 nummos
1618 2042 1861 2088 conduxisset,
1890 2046 1926 2082 in
1950 2044 2104 2093 singulos
2126 2044 2263 2081 menses
2277 2072 2286 2086 ‚
2301 2043 2452 2092 fingulos
2494 2075 2499 2082 .

1400 2076 1407 2159 i!
1428 2109 1602 2134 nummos
1627 2096 1806 2146 penderet.
1860 2095 1920 2132 De
1951 2096 2004 2132 his
2037 2094 2144 2132 usuris
2164 2094 2291 2131 eruditi
2313 2095 2387 2133 Viri
2407 2094 2451 2132 ad

342 2160 452 2210 Epist.
471 2159 557 2196 VII.
586 2169 620 2194 n.
645 2168 679 2193 2.
718 2155 863 2193 Deinde
885 2157 993 2193 etiam
1018 2152 1126 2191 nostri
1160 2151 1282 2191 Codd.
1303 2163 1373 2188 cen·
1431 2147 1628 2186 Horatium
1650 2148 1962 2195 Suetoniumque:
1991 2145 2050 2183 sed
2067 2144 2242 2182 videndus
2263 2146 2448 2194 praecipue

341 2225 374 2251 te
388 2223 499 2249 mnam
515 2207 641 2259 putabo
655 2235 664 2249 ‚
693 2205 752 2245 sed
773 2217 972 2255 perperam.
1009 2204 1107 2242 Prior
1127 2202 1280 2240 Aldina:
1302 2214 1375 2239 cen-

343 2264 463 2316 tefima
483 2257 689 2308 computabo.
720 2259 828 2294 Arnz.
855 2255 1067 2305 certiffimam
1086 2252 1223 2304 putabo.
1268 2252 1375 2291 Cata-

344 2326 455 2353 naeus
477 2314 513 2349 ὅ(
538 2310 719 2357 Gryphius
739 2316 778 2345 ut
800 2307 926 2345 editur.
954 2308 1024 2344 Co
1038 2317 1099 2344 a'r
1115 2317 1146 2343 ε.

401 2377 435 2414 3.
472 2361 680 2408 Centefimas
708 2358 940 2408 computah0.l
976 2358 1045 2396 Pro
1071 2356 1229 2394 maxima
1259 2355 1374 2392 usura-

346 2428 441 2454 rurn.
466 2413 610 2463 perstitit
628 2413 663 2449 in
684 2411 897 2460 proprietate
920 2409 1038 2452 verbi,
1066 2405 1221 2445 dicendo
1244 2433 1254 2450 ‚
1292 2418 1375 2443 com-

342 2466 472 2518 putabo
503 2494 512 2509 ‚
558 2463 732 2514 quoniam
766 2461 811 2499 de
832 2461 939 2499 usuris
954 2460 1033 2509 agit.
1086 2458 1295 2506 Centefimas
1315 2468 1362 2494 au

349 2528 426 2557 tem
450 2517 563 2554 usuras
581 2515 716 2562 antiqui
745 2513 918 2550 maximas
937 2512 974 2549 ὃ(
994 2510 1170 2558 legitimas
1190 2509 1379 2546 dixerunt:

351 2570 444 2608 diti-a
465 2567 550 2605 ideo
572 2564 746 2615 centefima
768 2591 778 2606 ‚
814 2562 915 2612 quod
948 2562 1084 2609 singulo
1107 2560 1230 2598 mense
1247 2559 1378 2610 centefi-

352 2634 449 2659 mum
473 2629 668 2656 nummum
689 2614 875 2659 redderet,
905 2614 942 2650 ὃ(
967 2612 1106 2661 fingulo
1128 2622 1226 2650 anno
1245 2610 1367 2648 duode

352 2684 431 2710 nos.
459 2669 554 2708 Vide
577 2668 693 2707 Cicer.
724 2666 801 2703 Lib.
828 2666 871 2702 V.
901 2663 948 2702 ad
978 2664 1153 2702 Atticum.
1205 2661 1382 2708 Juriscon-

348 2724 426 2761 sulii
463 2722 596 2769 saepius
631 2718 735 2768 hujus
770 2717 962 2769 centefimae
1000 2714 1203 2753 meminere
1222 2740 1232 2756 ,
1260 2712 1318 2750 sed
1345 2713 1379 2750 in

351 2774 472 2821 primis
494 2773 640 2813 Paulus,
660 2778 831 2817 tanquam
854 2767 1042 2805 ostendere
1063 2765 1169 2802 vellet
1184 2763 1270 2813 quid
1292 2761 1377 2801 effer

355 2824 400 2859 L.
420 2823 523 2859 lecta.
545 2820 694 2870 Digestis
712 2819 736 2856 li
756 2828 841 2857 cert.
863 2826 1001 2867 petatur
1023 2846 1032 2859 ‚
1055 2817 1170 2865 inquit
1191 2843 1201 2858 ‚
1231 2820 1324 2851 Tunc
1344 2829 1377 2851 eo

353 2873 499 2918 amplius
522 2885 584 2920 quo
597 2870 664 2920 pasl
680 2871 831 2919 solutam
857 2880 977 2915 poenae
1006 2869 1140 2905 nomine
1166 2867 1202 2903 in
1227 2867 1296 2903 dies
1315 2865 1378 2904 tri-

349 2923 450 2970 ginta
465 2949 473 2962 ‚
497 2921 598 2963 inque
620 2923 774 2958 denarios
790 2929 965 2958 centenos
984 2920 1140 2956 denarios
1156 2916 1299 2966 fingulos
1324 2916 1379 2956 sti-

348 2972 490 3021 pulatus
517 2972 556 3015 est
583 2999 592 3012 ‚
632 2973 794 3019 quoniam
817 2971 952 3019 singulis
983 2969 1149 3014 menfibus
1167 2974 1288 3016 usurae
1308 2967 1360 3016 fil

351 3031 527 3059 verentur.
578 3020 645 3058 Sed
667 3033 741 3057 non
764 3021 877 3057 solum
919 3020 1083 3057 dicebant
1103 3020 1238 3067 antiqui
1272 3027 1376 3055 cente-

340 3072 452 3124 simas
488 3071 608 3119 usuras
632 3097 643 3115 ,
693 3082 819 3108 verum
857 3071 893 3107 δε
933 3069 1146 3117 centcfimum
1189 3068 1376 3120 quaestum.

1431 2198 1616 2237 Salmafius
1655 2199 1704 2237 est
1738 2199 1783 2236 de
1821 2197 1937 2234 modo
1969 2197 2161 2234 usurarum.
2191 2195 2452 2233 Bucnntni

1429 2249 1456 2287 t.
1483 2250 1528 2286 Fr
1569 2250 1781 2287 Gronovius
1802 2249 1919 2297 potius
1950 2247 1995 2284 de
2022 2247 2176 2285 Pecunia
2211 2247 2322 2285 veteri
2347 2248 2382 2285 &
2409 2244 2447 2281 in

1424 2300 1659 2339 eruditissimis
1677 2299 1956 2338 Additamentis.

1486 2364 1521 2398 4.
1551 2357 1650 2391 RUS
1665 2357 1725 2389 TI
1737 2357 1765 2389 C
1781 2357 1810 2386 O
1835 2350 1849 2400 ]
1881 2349 1986 2387 Filius
2007 2348 2148 2386 Antistii
2168 2347 2307 2387 Rustici.
2342 2345 2450 2383 Mart.

1430 2405 1597 2442 meminit
1618 2400 1754 2452 periiffe
1772 2403 1807 2439 in
1836 2399 2078 2449 Cappadocia.
2107 2399 2170 2435 Ca
2185 2410 2285 2435 τΑΝ.

1483 2467 1517 2503 5.
1543 2454 1695 2505 Aliquid
1714 2451 1910 2502 inffigniter,
1930 2463 2035 2503 quam
2053 2451 2162 2493 facere
2175 2445 2361 2496 plurimas!
2390 2445 2449 2483 Est

1431 2517 1449 2542 a
1472 2505 1542 2543 Pal.
1567 2507 1604 2542 δε
1628 2505 1836 2543 Edd.Vett.
1859 2503 1956 2540 Nam
1979 2499 2098 2549 postea
2121 2498 2321 2545 vulgatizut
2337 2495 2450 2544 satius

1407 2594 1410 2633 ¹
1432 2557 1642 2646 ῗὲὲι-Σῖῗὲἶῖἷ
1658 2555 1793 2644 ..Q-3
1811 2545 2450 2648 ‡”{{”‘²‘1'taf2ffi{1{{nii‘ffl'sst'ffffg'f'ss‘

1433 2668 1526 2696 tertis
1540 2687 1550 2703 ,
1577 2668 1612 2697 at
1630 2660 1667 2697 in
1684 2657 1760 2707 ipso
1778 2663 1880 2694 textu
1901 2662 2033 2700 operae
2053 2647 2225 2686 dederunt
2277 2651 2322 2682 Ut
2338 2647 2450 2693 sat'us

1434 2711 1550 2748 facere
1569 2722 1678 2747 unum
1701 2706 1834 2757 aliquid
1850 2702 2022 2756 insigniter
2040 2726 2051 2742 ‚
2077 2710 2181 2748 quam
2213 2697 2362 2745 plurima
2382 2711 2453 2735 me-

1407 2757 1598 2799 ldinriter,
1650 2758 1784 2796 Vitiose
1817 2754 1852 2793 id
1884 2751 2040 2801 quidem.
2069 2748 2305 2785 Consentiunt
2335 2748 2454 2788 Codd.

1435 2812 1541 2849 nostri
1559 2806 1803 2848 emendationi
1823 2807 1859 2842 &
1877 2802 1967 2840 libris
1984 2798 2138 2835 Gruteri.
2173 2797 2228 2834 Sic
2260 2799 2337 2835 Lib.
2365 2798 2453 2838 VII.

1437 2863 1539 2908 Epist.
1558 2860 1691 2897 XXIX.
1717 2865 1805 2895 extr.
1841 2853 1959 2890 Ridere
1992 2849 2091 2886 satius
2116 2876 2125 2891 ‚
2164 2862 2204 2885 ne
2231 2847 2266 2896 se
2287 2862 2452 2897 magnum

1430 2907 1564 2962 aliquid
1582 2912 1716 2959 adeptos
1733 2914 1859 2949 putent.
1884 2902 1929 2940 ibi
1952 2899 2139 2943 vide‚nam
2161 2901 2199 2936 &
2217 2911 2299 2936 eum
2327 2901 2451 2939 locum

1431 2966 1707 3000 temeraverant.
1734 2955 1799 2993 Ed.
1829 2954 1915 2990 Vet.
1950 2952 1987 2987 ὃ(
2009 2949 2218 2998 Gryphius:
2258 2951 2354 2998 plura
2382 2965 2454 2988 me·
2500 2959 2515 2967 ²

1431 3013 1588 3049 diocriter
1635 3011 1817 3047 Praeterea
1857 3001 2009 3040 Helmst.
2049 3001 2158 3040 Arnz.
2197 3002 2235 3038 ὃ(
2271 3001 2337 3040 Ed.
2366 3002 2456 3040 Vct.

1436 3069 1489 3100 Ita
1504 3061 1659 3112 plurima
1678 3054 1888 3096 mediocriter
1901 3082 1911 3099 ,
1939 3051 2147 3090 omiserunt.

2350 3114 2382 3142 1.
2400 3089 2457 3143 Ita
