2616 3686
612 168 1244 267 LIBER-'L‘Ep

1280 208 1704 264 ISTOLA
1773 218 1839 264 X.
2247 227 2303 285 '41

222 306 315 381 ,ἣδε
341 298 656 374 persuadere
684 295 812 359 tibi,
848 295 1008 349 etiam
1032 308 1157 347 cum
1188 292 1534 365 persuaserit,
1574 295 1772 366 cupias.
1841 293 1958 364 Jam
1983 311 2117 351 vem
2139 308 2155 328 2
2179 298 2306 356 libe·

220 378 265 434 ri
294 389 430 442 txreS,
471 393 484 422 s
510 371 622 426 duo
649 386 849 430 mares,
886 381 1022 439 quos
1048 365 1452 436 diligentissime
1479 367 1716 424 instituit.
1793 376 1811 399 ⁴
1831 368 1997 419 Socer
2021 369 2308 440 Pompejus

211 448 480 521 JulianUS,
517 460 641 500 cum
667 452 872 498 caetera
899 439 1035 501 vita,
1071 450 1188 497 tum
1216 439 1300 493 vel
1330 439 1436 494 hoc
1462 457 1575 494 uno
1598 455 1820 510 magnus
1849 438 2120 504 &clarus‚
2159 444 2310 512 quod

218 522 328 594 ipse
366 518 671 592 PsOVissCiae
713 513 967 584 Princeps
1018 511 1163 566 hunc
1188 550 1203 574 2
1266 513 1406 566 inter
1450 512 1461 539 ⁵
1509 513 1773 567 altissimas
1802 510 2171 576 conditione8‚
2214 530 2307 584 ge-

219 611 410 650 nerum
438 630 454 654 ,
516 605 624 644 non
673 584 967 640 honoribus
1015 585 1317 656 principem
1351 624 1367 648 ,
1435 585 1527 640 sed
1576 585 1825 658 sapientia
1862 584 2042 655 elegit.

219 682 381 740 quam
422 661 552 734 quid
591 676 695 732 ego
733 659 883 731 plura
922 656 994 711 de
1044 658 1164 713 viro
1201 696 1217 724 ‚

217 867 414 909 inhaerere,
441 858 552 911 adfixi
569 861 638 910 effe.
690 859 790 901 Vide
812 856 1021 900 Weitzium
1043 861 1088 902 ad
1108 861 1235 904 Valet,

217 915 337 970 flacc.
365 914 444 954 Lib.
463 915 490 952 1.
512 924 562 952 vs·
578 913 664 960 481.

262 1055 334 1067 .-
361 1054 432 1065 -
457 1054 519 1065 --.
544 1028 728 1081 pendebat
747 1027 792 1066 ab
817 1027 936 1077 astro}

216 1155 253 1196 &
275 1153 577 1194 Dracltenborch.
597 1150 643 1190 ad
661 1149 738 1188 Silii
757 1147 839 1186 Lib.
855 1145 966 1187 VIII.
985 1157 1037 1186 vs.
1059 1157 1122 1196 93,

265 1284 367 1296 ...-
393 1287 495 1297 --
521 1278 620 1291 -—
647 1264 691 1303 ab
708 1262 860 1312 imagine
874 1261 1021 1312 pendet,

215 1387 394 1437 Quinem.
422 1386 502 1426 Lib.
522 1386 587 1424 XI.
609 1382 765 1433 cap.Ill.
796 1378 1013 1417 Dominatur
1024 1385 1141 1413 autem
1155 1386 1231 1412 ma-

214 1441 309 1477 ‘xt'me
328 1440 460 1477 vultus.
511 1444 582 1474 Hoc
603 1435 764 1484 pendent
779 1431 931 1468 homines
945 1457 956 1474 ,
984 1428 1075 1465 hunc
1094 1427 1233 1465 intuen-

215 1500 294 1536 tur,
323 1491 414 1528 hunc
436 1491 611 1539 sineb'lomt,
639 1486 747 1523 etiam
768 1493 959 1530 antequam
978 1480 1149 1516 dicamus.
1174 1477 1234 1514 Sic

212 1541 275 1578 ille
308 1543 346 1579 δε
375 1542 435 1579 alii
464 1540 612 1587 saepius
664 1538 774 1582 Quae
808 1532 925 1568 statim
947 1530 1232 1574 subiunguntur,

215 1591 320 1627 istam
344 1591 513 1627 vocabuli
537 1584 841 1633 significationem
871 1578 941 1616 esse
963 1576 1205 1624 arripiendam
1221 1603 1230 1620 ,

214 1639 294 1677 satis
317 1641 504 1677 evincunt.
561 1637 689 1683 Inepte
708 1627 876 1678 Bongars.
902 1629 939 1666 ὅ(
961 1626 1163 1666 Lindenbr.
1189 1638 1231 1666 ω’

211 1691 372 1739 prudens·
402 1692 559 1728 CORTE.

268 1753 283 1778 1
311 1746 356 1776 Et
379 1739 577 1789 persuadere
602 1734 691 1779 tibi,
718 1732 816 1781 ew]
855 1732 914 1769 Sic
942 1731 980 1767 &
1001 1729 1073 1767 Pal.
1090 1727 1228 1776 lepide-

214 1803 288 1841 que
308 1793 447 1840 prorsus
474 1789 636 1830 dietunn
667 1786 769 1835 cujus
784 1783 892 1834 gratia
912 1781 1109 1823 interierit,
1137 1777 1163 1815 fi
1190 1789 1226 1815 a·

214 1841 291 1880 liud
314 1843 401 1892 quid
417 1840 679 1880 admiserimus.
705 1837 947 1874 Gauranum.
981 1830 1078 1868 Ferri
1099 1828 1223 1867 fortas-

215 1890 252 1929 se
275 1893 388 1940 potest
404 1919 414 1936 ,
441 1890 529 1941 quid
557 1887 583 1926 fi
601 1897 727 1926 tamen
746 1884 885 1934 adjeeta
897 1881 1225 1931 negationelegas‚

215 1943 323 1979 etiam
341 1956 417 1979 cum
439 1955 507 1979 non
519 1939 719 1989 persuaserit
739 1964 750 1981 ,
778 1938 850 1974 hoc
872 1934 942 1978 est,
968 1931 1107 1970 etiamsi
1126 1931 1163 1969 in
1186 1942 1224 1968 re

213 1993 260 2030 ab
280 2004 327 2030 eo
349 1989 527 2030 dissentias
547 2017 557 2033 ,
585 1988 778 2027 dulcedine
796 1994 923 2024 tamen
948 1983 1123 2022 orationis
1146 1981 1223 2028 ejus

215 2041 397 2092 capiaris?
440 2042 665 2079 camazon.
720 2039 826 2076 Haec
854 2036 1023 2084 scriptura
1048 2034 1130 2071 sane
1153 2033 1223 2070 Pli-

213 2095 321 2132 niana
342 2092 492 2131 videtur.
509 2092 618 2129 Liber
630 2089 751 2128 noster
769 2100 847 2126 rem
869 2086 1039 2125 decidere
1061 2083 1197 2133 poterit
1214 2111 1224 2128 ‚

210 2145 421 2182 referendo:
438 2143 594 2194 Sequaris
611 2151 804 2178 monentem
815 2147 971 2177 attentus
982 2164 992 2181 ,
1016 2146 1058 2175 (φ
1067 2135 1225 2185 pendens.

210 2201 258 2232 Et
269 2195 463 2244 persuadere
473 2195 536 2232 tibi
545 2194 737 2230 etiamnum
749 2204 826 2228 cum
833 2188 1035 2239 persuaserit
1046 2214 1056 2230 ,
1095 2186 1223 2235 cupias.
1244 2227 1246 2231 ,

210 2246 263 2283 Ita
275 2246 526 2284 omninoliber
539 2261 546 2288 ;
561 2244 625 2282 etfi
635 2245 676 2282 ‘rb
686 2240 1004 2292 pendensvideatur
1015 2246 1223 2287 aequepru-

212 2298 294 2333 dens
309 2298 376 2345 legi
396 2296 517 2344 posse:
548 2296 572 2333 fi
597 2296 674 2344 quis
697 2305 758 2331 me
777 2292 992 2331 sententiam
1013 2289 1221 2337 poposcerit

209 2349 466 2388 Casaubonum
488 2347 652 2384 Pliniano
676 2344 799 2382 Genio
822 2340 1029 2381 satisfecisse
1060 2340 1220 2377 arbitrer.

207 2398 329 2438 Multa
356 2400 456 2437 enim
487 2398 567 2435 sunt
598 2397 636 2435 in
665 2394 898 2442 dogmatibus
933 2390 1218 2437 Pliilosophicis,

207 2452 337 2496 quibus
357 2450 466 2488 etiarn
488 2452 629 2486 summa
649 2445 826 2482 comitate
848 2444 884 2479 &
917 2437 1129 2487 eloquentia
1159 2439 1218 2476 sua

205 2501 378 2538 suadente
391 2499 664 2546 aliquoanimus
686 2494 872 2541 cujussibet
893 2502 969 2528 non
991 2487 1220 2538 acquiescat,

204 2552 268 2600 qui
289 2563 372 2588 cum
399 2550 544 2587 haereat
562 2577 572 2592 ‚
612 2547 656 2583 ab
675 2546 891 2583 auetoritate
915 2543 953 2578 &
975 2540 1217 2577 veneratione

201 2602 448 2651 praeceptoris
476 2598 743 2647 praejudicatae
773 2594 961 2631 doetrinae
997 2592 1035 2628 ὅ(
1065 2590 1217 2638 judicii,

201 2653 326 2691 mallet
345 2650 544 2699 persuaderi
566 2656 713 2696 propter
735 2645 956 2693 opinionem
981 2641 1134 2688 magistri
1159 2669 1168 2682 ,
1196 2640 1215 2678 a

201 2715 277 2754 quo
303 2703 483 2741 dissentire
503 2701 605 2737 nefas
625 2697 944 2737 velutarbitratur‚
973 2691 1034 2730 etsi
1047 2691 1213 2729 animum

202 2764 242 2792 ut
262 2755 458 2792 sententiae
478 2750 651 2793 accedat,
678 2749 826 2785 vincere
845 2745 987 2794 penitus
1005 2755 1081 2781 non
1096 2743 1213 2790 poffit.

200 2805 280 2843 Hic
296 2805 473 2854 genuinus
493 2802 607 2840 sensus
630 2800 795 2842 videtur,
823 2796 939 2834 nolim
960 2804 1086 2832 tamen
1111 2794 1214 2831 Gru-

204 2861 283 2894 teto
328 2856 453 2893 talium
502 2851 727 2892 exaesissimo
757 2848 907 2886 Censori
939 2845 1210 2889 contradicere,

208 2908 305 2954 eujus
329 2907 486 2944 rationes
514 2905 574 2942 isla
605 2903 758 2940 scribens
788 2911 866 2937 non
894 2898 999 2940 vidi3
1038 2896 1232 2944 petendas³

207 2956 305 2992 enim
336 2959 383 2994 ait
416 2957 488 3005 ipse
518 2968 562 2993 ex
589 2954 683 2991 libris
716 2952 958 2997 suspicionum
983 2975 992 2992 ,
1020 2959 1115 2997 quos
1142 2957 1208 2983 nos

207 3004 353 3053 quidem
373 3008 509 3045 dudum
533 3006 580 3044 est
599 3016 684 3041 cum
706 3001 949 3039 desideramus
964 3026 974 3042 ‚
1001 2999 1130 3047 quibus
1159 2998 1194 3034 fa

209 3056 391 3093 miliariori
411 3058 567 3105 quadam
594 3057 671 3093 acie
691 3054 824 3102 optimi
846 3054 884 3088 ὅ(
913 3050 1205 3099 perspicacissimi

204 3106 295 3158 seriis
314 3105 499 3155 ingenium
519 3107 709 3158 cognitum
731 3104 793 3144 est.
819 3102 1073 3142 ssmvmfioc
1086 3102 1204 3142 comi·
1242 3115 1318 3140 rum
1333 3129 1345 3147 ‚
1372 3099 1480 3140 Haec
1500 3098 1550 3138 est
1569 3097 1739 3147 scriptura
1751 3093 2084 3135 fidifiimiMedicei
2097 3120 2108 3139 ‚
2135 3101 2258 3136 neque

2121 587 2304 658 Quan-

1278 675 1390 730 quo
1439 660 1571 715 mini
1630 657 1736 714 frui
1795 672 1906 712 non
1969 658 2128 714 licet?
2183 662 2307 723 An,

2243 745 2305 786 ut

1273 862 1336 901 tati
1359 862 1461 907 eius,
1489 858 1536 899 de
1557 871 1630 910 qua
1657 862 1780 909 paullo
1802 870 1888 901 ante
1910 859 2070 905 Noster,
2098 855 2305 902 adscriben⁴

1275 913 1388 952 dum:
1412 921 1497 952 tum
1522 913 1698 951 orationis
1717 914 1904 952 dulcedini
1928 941 1937 956 ,
1977 923 2073 961 quae
2093 939 2104 956 ,
2133 921 2171 950 ut
2199 911 2305 963 supra

1273 965 1464 1011 laudabat,
1493 973 1738 1013 repugnantes
1768 964 1881 1002 etiam
1912 964 2063 1001 duceret
2095 971 2207 1012 atque
2236 967 2308 1004 im-

1273 1017 1435 1065 pelleret.
1488 1014 1617 1053 Sensus
1636 1016 1745 1063 igitur
1767 1016 1839 1053 est:
1866 1023 2006 1052 tantam
2031 1017 2249 1053 comitatem
2265 1016 2305 1054 δε

1270 1069 1423 1116 gratiam
1443 1067 1602 1107 orationi
1624 1068 1662 1104 &
1684 1067 1836 1105 monitis
1861 1065 1937 1104 eius
1958 1062 2128 1109 adfuisse,
2157 1073 2196 1102 ut
2214 1067 2305 1105 licet

1271 1121 1470 1168 corrigeret
1492 1119 1530 1156 &
1549 1118 1787 1162 emendaret,
1816 1125 1944 1155 tamen
1966 1127 2044 1153 non
2066 1123 2209 1152 tantum
2222 1128 2301 1156 non

1271 1171 1480 1210 offenderet
1497 1169 1563 1207 suis
1584 1168 1835 1213 sermonibus,
1859 1166 1920 1205 sed
1938 1168 1987 1205 ita
2006 1174 2149 1204 teneret
2171 1178 2213 1204 ac
2231 1167 2301 1206 du·

1271 1231 1371 1261 ceret
1390 1223 1601 1265 audientes,
1628 1228 1690 1266 ut,
1716 1221 1802 1258 licet
1833 1217 1983 1268 persuasi
2013 1218 2088 1255 iam
2119 1216 2233 1256 essent
2256 1230 2300 1257 ο·

1273 1276 1397 1320 mnia,
1424 1275 1524 1324 plura
1543 1281 1669 1310 tamen
1703 1275 1741 1310 in
1758 1282 1843 1308 eam
1865 1269 2083 1307 sententiam
2097 1269 2220 1306 audire
2234 1280 2300 1308 cu-

1270 1335 1422 1374 perent,
1449 1323 1550 1374 quasi
1570 1322 1741 1362 nondum
1760 1320 1874 1360 essent
1891 1318 2056 1368 persuasi.
2085 1321 2302 1359 BUCHNER.

1272 1377 1393 1415 Codd.
1414 1376 1525 1415 nostri
1547 1386 1678 1412 omnes
1706 1373 1866 1411 omn-ino
1889 1372 2052 1408 Grutero
2082 1372 2231 1416 favent,
2258 1372 2299 1410 ὃς

1270 1428 1505 1465 Casaubonus
1534 1425 1709 1473 pervertit
1740 1423 1878 1461 sensum
1904 1449 1915 1467 ,
1962 1420 2066 1458 suum
2099 1434 2167 1457 non
2186 1423 2300 1460 insat-¹

1269 1478 1414 1516 ciendo.
1466 1477 1543 1514 Vel
1571 1476 1632 1513 isia
1661 1484 1818 1511 attentus
1846 1483 1889 1512 ca·
1908 1471 2060 1520 pendens
2079 1472 2146 1508 alia
2165 1473 2297 1512 omnIa

1268 1527 1442 1571 suadent,
1467 1535 1530 1564 aut
1551 1535 1668 1562 nexus
1688 1533 1788 1562 totus
1809 1521 1993 1560 tollendus
2025 1520 2086 1559 est.
2138 1521 2294 1562 Iuterim

1271 1578 1482 1616 Mediceus:
1512 1587 1555 1616 ω’
1574 1574 1780 1624 persuaderi
1799 1572 1863 1610 tihi
1882 1600 1894 1617 ,
1921 1586 1947 1610 e.
1972 1584 1997 1610 c.
2011 1579 2044 1616 p.
2064 1572 2188 1621 cupias.
2213 1585 2292 1612 non

1270 1629 1387 1673 male,
1415 1637 1526 1676 atque
1546 1628 1595 1664 ita
1625 1626 1694 1662 Ed.
1720 1626 1758 1662 P.
1787 1622 1973 1670 Stephani.
2003 1621 2173 1660 Riccard.
2201 1634 2292 1661 vero

1268 1680 1306 1717 δε
1325 1679 1454 1727 reliqui
1468 1675 1684 1727 persuadere.
1710 1673 2135 1712 Helmstad.&Arnzen.
2152 1673 2297 1720 persua-s

1267 1730 1343 1767 dere
1360 1758 1371 1774 ,
1398 1730 1474 1766 sine
1495 1726 1672 1776 particula
1691 1736 1748 1766 (ρ’.
1774 1725 1872 1762 Infra
1899 1722 2066 1764 Voffian.
2097 1723 2256 1762 Iulianus
2277 1752 2291 1772 ,

1265 1794 1342 1818 cum
1373 1781 1485 1818 etiam
1511 1778 1650 1826 reliqua
1683 1805 1693 1822 ,
1726 1785 1836 1821 tunc,
1868 1775 1927 1811 vel
1952 1774 2034 1818 hoc,
2061 1782 2133 1812 cet.

1316 1844 1336 1870 2
1367 1828 1520 1878 Libera]
1571 1829 1698 1867 Liberi
1725 1838 1792 1876 pro
1825 1825 1902 1864 filiis
1923 1825 2127 1864 secundum
2152 1825 2290 1873 Caium

1264 1883 1405 1931 semper
1425 1882 1662 1930 proferuntur
1685 1889 1847 1918 numero
1869 1877 2026 1924 plurium
2046 1904 2057 1921 ‚
2084 1876 2288 1916 liberorum

1263 1934 1508 1982 appellatione
1536 1931 1650 1969 etiarn
1686 1929 1875 1969 foeminae
1902 1928 2154 1975 intelliguntur
2183 1956 2194 1972 ,
2222 1939 2289 1966 au·

1264 1985 1382 2023 <stores
1403 1985 1484 2023 sunt
1503 1982 1586 2032 JCti
1601 2010 1611 2027 ,
1638 1982 1675 2019 &
1697 1977 2079 2030 sequentiaindicant‚
2109 1990 2193 2016 cum
2207 1979 2288 2027 post

1262 2036 1397 2074 liberos
1430 2043 1501 2073 tres
1524 2063 1535 2081 ,
1582 2032 1698 2072 subdit
1728 2032 1820 2070 duos
1848 2041 1965 2068 mares
1993 2030 2031 2066 &
2061 2030 2287 2070 foeminam.

1263 2088 1491 2136 Quinimmo
1514 2087 1697 2124 referente
1717 2081 1941 2124 Callistrato,
1967 2088 2122 2129 nepotes
2140 2082 2177 2118 ἃ
2198 2092 2286 2129 pro-

1263 2148 1418 2186 nepotes
1436 2138 1666 2185 caeterique,
1693 2134 1816 2183 quiex
1837 2132 1892 2169 his
1915 2130 2163 2175 descendunt,
2190 2142 2288 2170 eon·

1262 2191 1446 2227 tinentur:
1475 2188 1544 2227 hos
1564 2186 1665 2225 enim
1687 2195 1820 2224 omnes
1840 2182 2041 2220 liberorum
2069 2181 2286 2229 appellatio-

1261 2252 1309 2279 ne
1329 2240 1388 2278 lex
1409 2239 1494 2277 Xll.
1509 2238 1716 2277 tabularum
1742 2232 2039 2281 comprehendit.
2071 2231 2228 2268 Carau-
2281 2227 2287 2231 ’

1311 2302 1330 2340 3
1362 2297 1441 2327 Duo
1466 2287 1616 2336 mares]
1657 2285 1815 2324 Subaudi
1834 2286 1871 2320 ὅ(
1891 2283 2037 2319 tertiam
2058 2281 2283 2320 foeminam:

1261 2342 1436 2379 Larianus
1464 2341 1500 2377 in
1534 2339 1698 2385 Dialogo
1718 2363 1728 2379 ,
1766 2335 1830 2384 qui
1861 2332 2062 2384 inscribitur
2082 2330 2279 2379 Philopfeu-

1259 2391 1338 2434 des,
1365 2399 1552 2428 memorat
1574 2388 1800 2434 Euphratem
1832 2380 1992 2420 habuisle
2022 2381 2116 2420 filios
2144 2381 2238 2420 duos
2263 2410 2275 2428 ,

1257 2452 1417 2488 quorum
1436 2440 1524 2476 alter
1541 2437 1687 2487 iuvenis
1707 2433 1869 2472 Mnuson
1882 2460 1892 2474 .
1921 2433 1958 2470 &
1974 2432 2096 2470 minor
2112 2432 2277 2482 Euphra-

1253 2491 1347 2528 tides
1367 2490 1540 2533 nomine,
1567 2485 1784 2537 quindecim
1802 2485 1906 2522 annis
1930 2492 2035 2520 natus
2058 2511 2069 2528 ‚
2096 2483 2132 2520 in
2153 2483 2279 2531 palae-2

1233 2541 1320 2578 lstra
1350 2540 1385 2578 se
1411 2540 1630 2577 exercebant
1652 2564 1662 2580 ,
1699 2545 1907 2585 eorumque
1934 2542 2091 2571 matrem
2114 2535 2273 2574 nornine

1257 2592 1490 2629 Demaneten
1506 2618 1517 2635 ‚
1542 2598 1632 2627 tunc
1653 2595 1840 2625 mortuam
1864 2583 1974 2622 visam
1996 2584 2039 2621 ab
2060 2585 2274 2634 Euphrate,

1255 2643 1342 2680 dum
1370 2641 1530 2680 libellum
1553 2639 1712 2678 Platonis
1741 2637 1787 2676 de
1814 2636 1937 2675 anima
1962 2634 2109 2684 legeret.
2161 2636 2271 2685 Haec

1257 2694 1398 2731 Luciam.
1430 2692 1547 2729 loen.

1303 2756 1327 2790 4
1352 2741 1483 2792 socen]
1515 2741 1716 2790 Euphratis·
1745 2739 1864 2778 IDEM.

1303 2808 1321 2842 ς
1353 2792 1546 2842 Altrfflmas
1579 2790 1820 2839 conditiones.]

1250 2854 1325 2892 rem
1347 2873 1357 2888 ‚
1379 2847 1562 2887 honores,
1584 2843 1713 2892 quibus
1739 2838 2150 2888 Julianusexcellebat,
2177 2839 2264 2885 An,

1249 2895 1351 2947 quod
1377 2897 1491 2944 magis
1511 2895 1650 2942 placet,
1680 2904 1763 2930 curn
1784 2890 1896 2930 essent
1924 2890 2033 2928 multi
2066 2890 2105 2928 ὅ(
2134 2890 2264 2928 natali·

1249 2951 1311 2985 bus
1341 2949 1378 2985 ὃς
1409 2947 1538 2995 opibus
1564 2957 1606 2982 ac
1636 2944 1786 2981 caeteris
1814 2944 1984 2980 fortunae
2016 2941 2120 2978 bonis
2158 2951 2261 2989 prae-

1871 2789 2028 2827 Divitias
2053 2814 2064 2832 ,
2097 2786 2272 2834 nobilita?

1246 3000 1397 3043 stantes,
1422 2999 1487 3045 qui
1515 2996 1658 3044 nuptias
1685 2993 1780 3032 filiae
1808 2993 1891 3030 suae
1911 2991 2062 3030 studiose
2083 2997 2262 3039 peterent.

1248 3051 1297 3087 ir>
1313 3063 1332 3087 Ε
1347 3063 1386 3087 Μ.
1426 3054 1527 3085 Hunc
1547 3075 1556 3090 ‚
1595 3047 1686 3083 inter
1708 3043 1888 3090 altiffimas
1909 3042 2137 3085 conditiones,
2161 3054 2259 3089 gene-

1735 3145 1765 3196 13
2165 3139 2258 3189 huns
