2616 3686
562 183 1901 246 LtssERv1.E1>18ToLAxv1.
2193 219 2292 273 427

146 265 294 334 tinae
329 269 566 328 classiarii
598 267 900 324 imminenti
941 266 1184 337 periculo
1219 264 1468 320 exterriti
1501 266 1551 330 (¹
1579 283 1700 319 nam
1727 269 1844 321 villa
1875 284 1933 322 ea
1958 266 2289 338 subjacebat,

153 362 254 405 nec
293 345 392 400 ulla
433 343 527 399 nisi
560 342 578 361 ²
613 340 830 396 navibus
873 339 1036 410 fuga)
1060 351 1120 392 ut
1144 337 1158 363 ³
1186 337 1238 390 se
1263 351 1415 392 tanto
1442 336 1731 392 discrimini
1757 342 2011 410 eriperet,
2052 344 2291 404 orabant.

154 436 174 464 ⁴
198 420 378 474 Vertit
401 418 487 474 ille
511 415 816 475 consilium,
856 413 910 465 δε
938 412 1087 483 quod
1116 409 1350 466 studioso
1376 411 1557 465 animo
1583 410 1960 474 inchoaverat,
1997 412 2109 468 obit
2138 419 2149 445 ⁵
2179 435 2286 474 ma-

152 492 345 552 xim0.'
396 497 414 520 ⁶
447 488 686 546 Deducit
719 484 736 513 ⁷
771 484 1137 557 quadriremes
1163 520 1180 549 ,
1227 482 1462 540 ascendit
1503 483 1611 555 ipse
1650 500 1761 538 non
1800 483 2032 539 Retinae
2087 491 2290 556 mod0,

207 705 353 745 Invenit
373 707 416 743 Φ·
437 700 582 751 pavidas
602 697 745 737 hiberno
759 696 872 748 fidere
894 697 1026 737 classes.

154 837 196 876 &
218 833 298 873 [ᾧ.
319 829 426 868 VIII.
446 841 497 869 vs.
521 840 605 879 592.

197 981 259 993 -
309 980 379 992 —-
428 981 500 991 —-
545 956 643 1006 stetit
666 959 773 996 anxia
797 957 907 995 ciaffis

197 1012 303 1051 Ducis
332 1011 382 1048 ad
411 1021 581 1050 eventum
605 1037 616 1056 ‚
644 1018 813 1048 metuens
833 1021 903 1047 non
927 1020 1035 1047 arma
1057 1008 1175 1056 nefas-

247 1075 310 1114 que
333 1070 403 1101 cet.

151 1193 302 1232 Coun.

201 1257 217 1283 1
250 1250 348 1281 Nam
381 1241 474 1280 villa
505 1256 556 1282 ea.
579 1242 594 1293 ]
628 1242 701 1281 Pal.
727 1253 814 1279 nam
839 1240 933 1280 villa
957 1242 1040 1290 ejus.
1068 1240 1171 1278 Vett.

150 1293 242 1333 Edd.
265 1294 438 1332 navicula
458 1294 765 1344 ejussubdi'acebat.
795 1294 868 1331 Gn
885 1305 908 1329 u
925 1307 947 1331 τ
961 1306 1032 1330 ER.
1062 1294 1172 1340 Quae

144 1344 254 1384 villa?
282 1346 328 1383 de
350 1346 446 1383 nuua
467 1342 835 1395 enim'praeceiserat.
861 1345 962 1382 Nam
976 1343 1079 1382 Plinii
1093 1345 1172 1392 qui-

145 1394 230 1435 dem
266 1397 400 1434 Miseni
434 1405 507 1434 erat
532 1425 543 1440 ,
583 1399 621 1434 &
653 1394 738 1433 inde
761 1393 960 1432 discesserat
983 1394 1169 1433 liburnica.

143 1447 302 1486 Veteres
327 1460 335 1484 z
375 1446 546 1483 navicula
579 1446 647 1483 eius
673 1473 683 1489 ‚
719 1444 829 1482 Palat.
861 1457 946 1480 nam
972 1445 1066 1482 villa
1087 1447 1171 1483 eius.

141 1498 240 1537 Puto
262 1509 388 1536 Veram
411 1496 642 1545 scripturam:
674 1496 794 1531 Navis
816 1493 880 1530 illa
914 1496 984 1531 eius
1009 1495 1169 1542 subiace-

140 1547 220 1587 bat.
248 1550 348 1597 Quia
384 1547 599 1596 praecedit3
642 1543 844 1582 imminenti
873 1545 1020 1590 periculo
1044 1559 1069 1589 ‚·
1081 1545 1168 1584 ideo

143 1601 192 1637 ait
216 1628 227 1645 ,
253 1597 453 1645 subjacebat
476 1597 580 1634 navis
605 1625 615 1641 ‚
654 1605 739 1645 puta
759 1594 932 1631 iiburnica
956 1624 967 1639 ‚
1005 1597 1168 1644 periculo

144 1650 201 1690 illi.
243 1652 300 1689 Sc
317 1661 338 1686 u
354 1662 374 1687 Ε
390 1661 407 1686 1³
424 1661 442 1685 ιτ
459 1660 480 1685 ε
494 1661 532 1686 n.
574 1647 688 1684 Arnz.
720 1647 758 1684 ὃς
792 1644 860 1682 Ed.
881 1646 967 1684 Vct.
992 1648 1166 1684 navicula

141 1702 215 1740 eius
239 1732 249 1746 ‚
287 1699 390 1738 Vofl.
424 1701 553 1737 Oxon.
589 1703 627 1739 δε
662 1696 815 1736 Helmst.
852 1709 938 1732 nam
960 1696 1052 1733 vllla
1070 1698 1164 1742 eius,

145 1750 344 1802 quomodo
370 1753 407 1789 ὃς
433 1749 556 1787 AIdus.
584 1749 812 1787 Vetcrrimus
835 1760 843 1784 ε
871 1760 957 1784 nam
978 1748 1062 1786 ville
1088 1752 1165 1788 eius

139 1802 344 1852 subiacebar
359 1830 370 1846 ‚
395 1813 441 1839 ex
463 1812 540 1850 quo
563 1800 681 1837 facere
715 1798 890 1837 debebant
912 1811 921 1835 z
950 1811 1036 1836 nam
1060 1800 1166 1839 vil'iae

147 1855 181 1891 ei
207 1851 410 1900 subiacebat
435 1880 446 1896 ,
493 1862 630 1900 nempe
662 1849 766 1898 claffls
790 1878 801 1895 ‚
847 1858 886 1887 ut
920 1861 987 1888 nos
1010 1851 1162 1901 quidem

148 1902 427 1940 emendavimus
441 1930 452 1945 ,
480 1902 517 1938 &
539 1901 725 1940 emendari
746 1902 835 1938 ratio
855 1899 1064 1940 suadetnon
1080 1915 1163 1940 una.

147 1953 204 1990 Ex
226 1953 253 1989 ei
279 1951 415 1989 fastum
438 1951 485 1990 est
507 1951 574 1989 eius
598 1959 743 2002 propter
755 1951 921 2000 syllabam
936 1952 1163 2003 sequentem.

147 2003 321 2039 subiacere
344 2012 466 2040 autem
492 2003 641 2040 verbum
664 2001 977 2042 Plinio‘famiiiare
991 2032 1001 2048 ‚
1024 2013 1063 2042 ut
1078 2005 1164 2054 snb-

146 2053 232 2090 iacet
269 2055 449 2102 Apennino
471 2082 482 2099 ,
520 2054 558 2091 &
591 2054 665 2092 alia.
690 2054 788 2092 Vide
810 2055 855 2092 ad
881 2054 960 2092 Lib.
982 2055 1033 2093 V.
1054 2056 1163 2106 Epist.

147 2102 213 2192 gi.
252 2117 283 2142 n.
326 2116 387 2154 23.
411 2104 542 2155 pijcina
568 2104 728 2153 fenestris
761 2105 882 2156 servit
917 2119 958 2143 ac
996 2106 1165 2148 subiacet.

188 2168 305 2193 ORTF.
439 2185 449 2196 ι

196 2218 216 2242 2
255 2205 452 2254 N.1vibus.]
482 2207 590 2246 Mari.
619 2207 774 2246 CATAN.

197 2268 215 2306 3
248 2264 283 2295 fe
318 2252 419 2294 tanto
455 2256 656 2296 discrimine
682 2257 872 2307 σῷσαι]
912 2261 966 2298 Ita
990 2261 1105 2300 Aldus
1128 2265 1167 2302 δε

147 2311 367 2346 recentiores
391 2309 451 2356 qui
466 2308 538 2344 {am
560 2309 728 2355 impressi.
767 2310 818 2347 At
841 2322 972 2349 omnes
995 2313 1104 2352 MSS.
1128 2316 1166 2353 ὃς

146 2357 238 2397 Edd.
262 2359 364 2396 Vctt.
383 2359 586 2407 distrimini.
615 2360 785 2398 Lucanus
809 2361 890 2399 Lib.
913 2362 961 2399 V.
986 2375 1037 2402 vs.
1057 2366 1117 2415 63.

193 2503 254 2514 —
308 2507 378 2516 —-
429 2505 490 2514 —-
545 2496 756 2533 regnumque
778 2483 891 2521 sorori

195 2536 375 2587 Ereptum
396 2537 464 2582 esi,
493 2536 695 2585 soceroque
719 2534 830 2581 nefas.

152 2656 231 2696 Lib.
249 2657 341 2698 VII.
363 2669 412 2696 vs.
436 2669 524 2707 233.

203 2784 309 2836 Eripe
330 2787 459 2826 victori
477 2799 608 2838 gentes.

163 2891 305 2950 Petroh.
323 2899 393 2938 Sat.
412 2911 488 2950 cap.
509 2898 629 2938 XXX.
650 2898 775 2948 eripere
792 2906 942 2947 peenae;
971 2907 1048 2946 cap.
1071 2894 1172 2932 XCI.

163 2952 284 2993 cupere
304 2946 440 2988 latroni.

215 3006 237 3038 4
265 3001 342 3033 Non
359 3001 467 3037 vertit
490 3001 546 3038 ille
563 3001 749 3047 confilium.
772 2999 788 3049 ]
819 3000 922 3036 Vctt.
944 2996 1039 3035 Edd.
1063 2998 1171 3034 ctiam

168 3042 321 3101 AIdina:
348 3051 521 3089 Vertitille
539 3052 714 3100 confilium
734 3081 744 3097 ,
771 3052 828 3100 [ed
849 3051 941 3098 quui
965 3050 1099 3097 absque
1114 3060 1177 3084 nc-

168 3105 286 3144 gaum
307 3098 482 3146 particula.
507 3103 539 3140 G
554 3115 580 3141 R
597 3116 618 3141 u
634 3117 657 3143 τ
672 3116 694 3143 ε
711 3117 751 3143 u.
779 3101 903 3142 Nostri
931 3101 1042 3140 etiam
1068 3099 1178 3138 MSS.

2187 564 2282 618 sed

1257 710 1336 736 uno
1359 710 1424 736 ore
1449 711 1458 735 ι
1498 698 1612 736 Vertit
1645 698 1704 736 ille
1723 697 1902 744 consilium
1930 725 1940 742 ‚
1970 699 2009 736 &
2032 700 2125 748 quod
2137 699 2289 751 studiofh

1253 750 1373 788 animo
1393 747 1627 786 inchoaverat
1643 778 1653 793 ,
1681 750 1748 788 obit
1762 751 1924 787 maximo
1938 778 1948 793 ‚
1978 750 2135 798 Optima
2148 751 2290 790 sentcn-

1253 801 1301 838 tia
1317 829 1327 844 ,
1355 799 1381 836 fi
1402 798 1598 848 studiosum
1633 804 1670 838 δε
1692 803 1898 838 maximum
1919 802 2086 838 animum
2111 802 2209 841 reffiie
2232 804 2288 842 in-

1252 852 1400 899 teiligas.
1441 851 1609 889 Primum
1646 851 1837 888 consilium
1872 860 1946 888 crat
1986 852 2122 889 nubem
2161 854 2258 892 illam
2273 883 2287 901 ,

1254 903 1468 940 eruditionis
1503 899 1619 938 caussa
1642 929 1653 942 ‚
1694 904 1842 951 propius
1866 901 2040 946 noscere,
2071 903 2109 940 ὃ(
2132 904 2207 942 boc
2227 917 2288 944 ce-

1254 961 1355 1001 perat
1369 952 1523 1002 studioso
1546 953 1667 989 animo
1685 980 1695 997 ,
1724 965 1757 990 n.
1783 964 1815 999 7.
1844 953 1921 989 Iam
1945 964 2034 990 vero
2058 953 2122 992 ubi
2143 957 2288 1003 pericu-

1252 1003 1373 1041 losum
1403 1005 1477 1042 hoc
1511 1003 1610 1040 videt
1636 1030 1647 1046 ‚
1674 1004 1922 1052 quadriremes
1943 1003 2088 1040 deducit
2111 1034 2120 1049 ‚
2151 1007 2189 1044 ὃς
2210 1007 2286 1046 Re-

1251 1056 1350 1092 tinae
1373 1055 1523 1104 ahisque
1547 1054 1669 1091 multis
1691 1057 1728 1092 in
1749 1055 1809 1092 taii
1824 1053 1986 1102 periculo
1999 1052 2175 1092 anicinum
2189 1056 2284 1097 ferre

1254 1112 1450 1155 properat,
1477 1104 1579 1154 quod
1609 1104 1763 1143 faciebat
1795 1105 1883 1142 forti
1916 1105 1954 1142 ὃς
1987 1102 2166 1143 constanti
2190 1106 2226 1144 h.
2253 1121 2286 1148 e.

1251 1157 1409 1197 maximo
1432 1158 1562 1194 animo.
1593 1155 1749 1194 Com-E.

1305 1218 1324 1255 5
1358 1209 1536 1246 Maximo.
1560 1206 1575 1255 ]
1628 1205 1832 1245 Franciscus
1863 1213 1992 1244 tamen
2021 1207 2217 1246 Petrarcha
2243 1211 2282 1248 in

1252 1260 1446 1309 triumphis
1473 1259 1541 1297 suis
1564 1286 1574 1302 ,
1610 1265 1787 1308 tanquam
1816 1260 2008 1297 incautum
2030 1259 2068 1296 in
2089 1258 2199 1298 obitu
2219 1260 2284 1300 suo

1251 1311 1414 1349 Plinium
1434 1309 1620 1348 monstrat.
1650 1310 1807 1348 Caram.

1301 1363 1325 1399 6
1351 1361 1542 1411 Deducit]
1568 1361 1741 1400 Immittit
1753 1362 1857 1400 mari:
1870 1367 1905 1397 at
1917 1359 2103 1404 subducit,
2119 1363 2288 1403 extrahit.

1262 1412 1456 1452 Contraria
1475 1416 1574 1451 enim
1587 1412 1667 1449 sunt
1679 1415 1773 1451 inter
1785 1411 1830 1450 se.
1856 1412 1975 1449 IDEM.
2005 1412 2159 1449 Deducit
2171 1416 2285 1464 quad.

1248 1463 1349 1513 cra]
1380 1463 1721 1508 Periodusisthuec,
1745 1464 1960 1511 aliquotque
1972 1462 2163 1510 sequentes
2178 1465 2298 1505 valde·

1250 1513 1419 1551 obscurae
1434 1542 1444 1559 ,
1473 1516 1639 1563 mireque
1661 1516 1696 1552 in
1723 1516 1763 1552 iis
1785 1514 1927 1551 variant
1952 1513 2043 1551 Edd.
2067 1514 2168 1552 Vett.
2190 1517 2286 1555 item

1211 1587 1214 1592 -
1247 1563 1440 1603 Palatinus.
1470 1565 1661 1603 GRUTER.
1691 1571 1774 1603 Non
1798 1564 1943 1602 Retinae
1965 1565 2066 1602 medo
2110 1565 2176 1614 sed
2190 1568 2286 1604 mul-

1246 1614 1301 1652 tis.
1326 1617 1424 1654 nulla
1447 1615 1496 1654 est
1517 1618 1609 1654 inter
1629 1617 1721 1654 haec
1744 1614 1942 1664 oppositio.
1970 1593 2286 1658 Debebntsaltem

1244 1664 1418 1712 scribere,
1445 1679 1515 1704 non
1539 1668 1686 1703 Retinae
1709 1668 1808 1704 modo
1834 1681 1845 1710 ;
1882 1665 1946 1714 sed
1967 1677 2010 1704 (9·
2032 1665 2119 1704 aiibi
2141 1668 2284 1707 multis.

1244 1714 1372 1766 Itaque
1394 1725 1456 1755 aut
1475 1717 1535 1754 hic
1558 1716 1654 1754 deest
1675 1716 1865 1766 quidpiam
1880 1744 1890 1760 ‚
1918 1727 1980 1754 aut
2002 1718 2038 1754 in
2061 1718 2124 1755 iiio
2147 1720 2279 1758 multis

1239 1766 1326 1805 latet
1344 1768 1417 1805 Ioci
1440 1768 1588 1806 alicuius
1611 1768 1834 1806 vocabqum
1849 1797 1859 1813 ,
1887 1767 1989 1817 quod
2015 1769 2121 1815 quale
2143 1770 2277 1810 debeat

1243 1815 1338 1864 effe,
1365 1830 1443 1856 non
1466 1819 1569 1856 facile
1592 1819 1671 1868 quis
1684 1818 1826 1857 dixerit.
1856 1820 2074 1857 Scnfirffin.
2102 1820 2248 1860 Mirum
2264 1851 2276 1869 ,

1242 1876 1282 1906 ut
1312 1870 1346 1909 se
1382 1870 1454 1919 ipse
1485 1870 1617 1918 decipit
1650 1870 1705 1907 vir
1729 1869 1965 1908 doffisfimus.
2021 1875 2103 1906 Non
2131 1872 2278 1912 Retinae

1239 1921 1340 1958 modo
1355 1949 1366 1964 ‚
1382 1922 1447 1968 sed
1468 1920 1590 1958 multis
1613 1928 1700 1970 puta
1722 1920 1820 1958 villis
1837 1950 1846 1966 ,
1872 1929 1935 1958 aut
1958 1919 2161 1960 hominibus
2183 1924 2280 1962 latu-

1241 1983 1298 2010 rus
1333 1973 1521 2010 auxilium.
1573 1971 1661 2009 Erat
1695 1972 1795 2009 enim
1828 1983 1891 2009 ora
1929 1971 1986 2011 ilia
2025 1974 2152 2012 musstis
2190 1975 2282 2015 villis

1242 2024 1404 2073 vicisque
1424 2024 1580 2062 habitata
1596 2052 1606 2067 ,
1634 2021 1736 2073 quod
1759 2034 1851 2061 mox
1873 2023 2006 2061 adiecit
2030 2051 2040 2067 ‚
2069 2025 2107 2061 ὃς
2135 2037 2181 2062 ex
2202 2026 2283 2064 Ta-

1241 2075 1315 2112 cito
1350 2076 1463 2113 etiam
1487 2074 1556 2111 VI.
1578 2075 1679 2112 Ann.
1699 2084 1776 2123 cap.
1800 2075 1845 2112 L.
1868 2075 1986 2112 Plinio
2011 2067 2162 2113 xvur.
2187 2077 2283 2116 Hist.

1241 2126 1325 2164 Nat.
1347 2138 1423 2175 cap.
1447 2126 1514 2164 VI.
1540 2127 1692 2175 aiiisque
1710 2125 1954 2175 cognoscitur.
1983 2125 2078 2163 illud
2091 2138 2184 2164 vero
2202 2140 2281 2166 non

1241 2177 1436 2216 ferendum
1452 2206 1462 2222 ‚
1486 2177 1589 2226 quod
1603 2176 1746 2215 additur
1762 2206 1771 2221 ,
1791 2177 1914 2216 saitem
1929 2177 2078 2214 scribere
2093 2175 2255 2218 debuisse
2268 2208 2280 2224 ,

1230 2228 1296 2277 sed
1325 2239 1369 2267 cy
1400 2229 1482 2267 alibi
1515 2228 1640 2265 multis
1669 2243 1679 2263 .·
1709 2227 1809 2274 quasi
1831 2230 1905 2270 nil,
1933 2226 1998 2264 nisi
2022 2226 2203 2264 vocabuia
2225 2230 2280 2266 lo-

1239 2290 1371 2316 corum
1386 2307 1396 2322 ‚
1425 2280 1600 2325 coniungi
1627 2277 1803 2315 deberent
1820 2305 1830 2320 ‚
1861 2280 1898 2315 &
1920 2278 2066 2314 Retinae
2088 2287 2156 2324 pro
2183 2280 2281 2317 Reti-

1241 2329 1400 2378 nensibus
1425 2329 1503 2377 capi
1527 2340 1604 2364 non
1628 2334 1739 2375 queat
1764 2343 1773 2370 ;
1814 2338 1899 2364 cum
1923 2335 2052 2364 contra
2075 2328 2187 2375 longe
2213 2329 2281 2368 du-

1241 2381 1352 2417 riores
1385 2377 1674 2427 compositiones
1709 2376 1776 2415 sint
1810 2379 1845 2415 in
1881 2376 1966 2421 usu,
1995 2377 2040 2415 de
2075 2379 2204 2426 quibus
2233 2381 2281 2420 ad

1243 2429 1376 2467 Sallust.
1409 2429 1489 2465 Cat.
1523 2440 1599 2476 cap.
1625 2429 1671 2465 V.
1695 2440 1730 2465 n.
1754 2429 1786 2465 8.
1817 2428 1897 2475 Iug.
1921 2440 1998 2475 cap.
2025 2428 2167 2467 LXVI.
2187 2443 2223 2467 n.
2246 2444 2281 2470 2..

1244 2480 1375 2518 Iniuste
1412 2491 1524 2528 porro
1558 2479 1795 2528 conqueritur
1824 2478 1868 2516 de
1899 2479 2113 2517 obscuritate
2145 2482 2280 2520 harum

1243 2532 1480 2580 periodorum
1516 2531 1706 2567 Gruterus.
1752 2530 1811 2567 Est
1845 2530 1996 2579 quidem
2034 2533 2071 2570 in
2095 2531 2167 2569 Ed.
2190 2534 2280 2571 Vct.

1247 2585 1367 2631 inepta
1392 2582 1565 2620 varietas:
1594 2581 1747 2630 ascendit
1766 2581 1852 2631 ipse,
1881 2594 1948 2618 non
1973 2583 2102 2620 retiner
2118 2583 2280 2622 modum

1240 2634 1303 2681 sed
1336 2633 1460 2671 multis
1487 2662 1496 2677 ,
1533 2643 1610 2670 erat
1639 2632 1731 2670 enim
1749 2633 1918 2681 frequens
1940 2633 2137 2670 amcem'tas
2159 2661 2170 2677 ‚
2199 2642 2280 2673 orat

1243 2685 1383 2722 laturus
1421 2684 1598 2721 auxilium
1622 2712 1632 2726 ,
1674 2682 1732 2720 sed
1765 2696 1810 2722 ex
1848 2683 1956 2722 MSS.
1990 2684 2093 2722 facile
2127 2684 2279 2732 videas,

1246 2736 1343 2773 unde
1383 2747 1424 2773 ea
1457 2735 1679 2784 profluxerit.
1727 2736 1855 2783 Scripti
1888 2747 2024 2783 nempe
2057 2737 2281 2776 recentiores

1248 2787 1419 2824 exhibent
1439 2799 1447 2823 2
1476 2799 1544 2823 non
1569 2786 1709 2823 Retinae
1730 2787 1876 2823 modum
1891 2815 1900 2830 ,
1929 2788 1966 2824 &
1991 2784 2078 2824 iil‘ud
2101 2798 2180 2823 orat
2195 2815 2206 2830 ,
2234 2799 2282 2825 ex

1246 2850 1325 2874 orae
1346 2847 1557 2885 corruptum
1580 2837 1653 2882 est,
1681 2845 1721 2873 ut
1743 2838 1781 2875 in
1806 2836 1961 2875 Helmst.
1985 2848 2030 2874 ex
2054 2837 2120 2876 isto
2136 2835 2278 2876 faCtum

1248 2887 1295 2926 cst
1324 2899 1412 2926 erat.
1467 2888 1658 2926 Mediceus
1691 2898 1789 2927 certe
1822 2887 2007 2936 vulgatam
2038 2895 2185 2931 tuetur,
2214 2888 2281 2926 nisi

1249 2940 1351 2987 qnod
1374 2941 1399 2977 is
1421 2939 1545 2977 laurus
1562 2969 1571 2983 ,
1598 2951 1666 2988 pro
1689 2938 1831 2977 laturus
1846 2967 1856 2984 ‚
1883 2950 1904 2976 a
1930 2937 2279 2977 festinanteiibrario

1251 2992 1441 3039 acceperit.
1469 2991 1625 3029 Com-E.

1299 3055 1316 3088 7
1347 3035 1612 3091 Qadrireme's.
1633 3040 1650 3090 Ἰ
1705 3040 1859 3090 Navigia
1906 3041 2077 3080 habentia
2115 3048 2273 3089 quatuor

1249 3104 1442 3137 remorum
1463 3093 1617 3183 οῑόὶῃῖἰ
1626 3090 1836 3182 1inhsinguiis
1854 3092 2023 3132 transtris.
2051 3094 2207 3130 Canu.

1575 3172 1577 3175 -
1637 3156 1652 3180 i
1717 3156 1739 3181 2.
2125 3151 2142 3179 x
2175 3145 2261 3177 Pro-
