2616 3686
556 175 1880 237 LIBERDECIMUS;÷
2106 183 2289 268 *709

133 266 344 327 steperque
363 257 459 319 sola
489 255 674 315 nostram
689 252 954 316 sententiam
985 252 1236 311 comprobat.
1305 253 1423 299 Eam
1456 258 1565 302 enim
1601 260 1647 302 in
1682 260 1757 307 hoc
1790 265 1925 311 libello
1959 270 2166 334 offendes,
2201 282 2271 325 cui

148 328 276 388 lubest
300 321 478 382 Trajam'
497 318 747 380 rescriptam
765 323 810 364 in
832 316 1005 363 eundem
1016 315 1188 377 sensttm
1209 332 1237 361 a
1257 319 1490 376 praedietis
1511 325 1754 370 (tutioribus
1773 331 2016 378 recitatum.
2068 342 2133 383 At
2161 343 2271 388 dicet

135 377 298 454 ‘aliquis
320 424 336 448 ‚
372 384 570 434 Sidonius
593 395 737 430 tamen
758 384 1022 443 Apollinaris
1041 381 1179 443 refert
1212 382 1412 429 Plinium
1443 402 1594 433 novem
1614 388 1833 437 duntaxat
1854 395 2120 453 epistolarum
2146 405 2281 451 libros.

134 457 308 521 posteris
328 452 551 514 reliquiffe.
598 450 685 498 Sed
701 465 801 512 quos
822 448 1004 509 ipfi’stbi
1024 448 1254 494 imitandvs
1271 449 1568 512 proposuerat,
1591 452 1675 512 sed
1695 471 1794 516 quos
1813 459 2063 509 eruditiores
2082 468 2276 515 arbitra-

145 524 277 570 batur
288 553 311 580 „
339 534 516 581 quosque
536 518 597 562 ad
615 519 772 562 amicos
781 515 1028 577 scripserat.
1098 515 1225 560 Nam
1247 516 1308 561 ad
1328 512 1567 576 Trajanum
1590 518 1805 580 epistolas,
1841 534 1985 582 utpote
2019 543 2086 574 res
2101 534 2278 593 graviſs-

133 591 271 651 fimas
291 587 551 646 complexus,
585 584 709 629 nulia?
714 582 804 642 fibi
822 582 966 627 oblata
975 581 1115 640 stmiii
1125 578 1348 641 facultate
1358 581 1598 642 scribendi,
1624 587 1806 648 consulte
1827 589 2048 642 subticuit,
2084 595 2276 644 Proinde

135 655 282 715 potuit
318 652 515 699 Sidonius
545 664 615 695 eas
645 648 861 710 ignoraffl.
886 647 1074 707 scriptor
1095 652 1203 704 >sarie
1222 647 1300 709 sui
1317 647 1454 708 seculi
1483 660 1701 697 contentus
1721 654 1987 715 eruditione,
2022 658 2078 710 {9⁹
2103 663 2177 720 qui
2195 678 2279 708 non

145 734 285 767 omnes.
302 716 570 763 bibliothecas
589 719 633 760 in
653 716 732 759 illa
751 713 956 759 librorum
980 715 1165 758 caritate
1199 713 1463 772 discuſjerat.
1532 718 1584 762 In
1596 715 1770 777 summa
1791 753 1806 778 ,
1852 726 1923 780 qui
1946 734 2099 784 negant
2120 725 2201 771 has
2220 729 2285 774 ad-

148 784 385 846 Trajanum
403 780 593 841 epistolas
616 779 693 839 eſje
715 779 857 824 Plinii
879 779 1089 835 Secundi,
1123 778 1379 839 confitentur
1402 798 1454 826 ex
1471 782 1649 843 profeffo
1674 795 1849 830 neutras
1871 787 1967 833 bene
1993 791 2141 850 le‘giffi’.
2188 793 2284 839 Fau

148 860 243 897 tear
264 859 408 894 tamen
429 846 579 906 neceſje
596 844 656 905 est
676 878 693 904 ,
718 846 910 905 primum
936 846 1051 890 nobis
1071 845 1118 888 in
1137 847 1278 890 animo
1290 845 1425 906 fuiffie
1447 847 1528 897 has
1558 850 1748 894 intaeias
1781 853 2012 913 relinquere
2036 888 2050 911 ,
2097 856 2153 908 ὅ
2177 862 2290 919 quia<

147 927 226 963 uno
246 923 418 959 tantum
439 913 669 972 exemplari
694 945 708 961 ,
745 922 922 970 praeter
945 907 1141 971 impreffa
1162 943 1180 969 ‚
1226 926 1298 956 nec
1325 912 1401 957 illo
1420 913 1645 959 admodum
1667 915 1829 976 vetusto
1851 918 1996 978 adjuti
2005 921 2185 982 sumus,
2223 926 2280 977 &³

143 996 194 1029 ue
215 981 368 1025 idcirco
391 978 540 1034 ansam
561 977 777 1023 maledicis
799 977 1051 1038 obiurgandi
1070 976 1283 1023 daremus.
1341 978 1429 1024 Sed
1446 995 1541 1025 cum
1560 981 1693 1025 altius
1714 983 2128 1045 confideraviffl’mns
2143 1021 2156 1043 ,
2181 992 2292 1037 nul--

143 1048 232 1094 lam
251 1059 331 1091 non
353 1043 584 1104 quamlibet
604 1043 850 1088 oblatrandi
872 1046 1145 1104 occastonem‚
1181 1044 1382 1103 quamvis
1402 1046 1594 1107 iniquam
1614 1046 1873 1093 detrai'tores
1896 1063 2204 1110 aucupaturos:
2221 1056 2279 1107 {9²

136 1113 377 1173 puritatem
403 1110 558 1155 Latini
568 1111 775 1169 sermonis
798 1110 844 1154 in
872 1110 947 1154 boc
979 1106 1170 1168 opusculo
1202 1109 1466 1156 intueremur
1485 1144 1508 1170 5
1548 1129 1599 1158 ex
1633 1112 1803 1173 ejusque
1837 1115 2010 1160 leiiione
2040 1121 2278 1167 multarum

141 1191 284 1224 terum
303 1175 560 1221 commodum
578 1176 732 1220 multos
756 1174 1043 1231 consecuturos
1064 1206 1083 1232 ,
1125 1174 1355 1235 quibusque
1382 1178 1577 1236 priorum
1600 1176 1730 1236 stilus
1751 1179 1927 1238 preffior
1961 1179 2015 1231 &³
2047 1188 2295 1234 emunitior

142 1257 222 1289 non
249 1241 495 1301 placuiffi’t,
525 1239 636 1300 poffl
655 1240 732 1286 hoc
739 1239 949 1302 solutiore
969 1241 1044 1286 vel
1052 1237 1255 1299 faciliore
1275 1240 1458 1287 detineri
1531 1243 1811 1289 adhibuimus
1829 1260 1922 1290 eam
1934 1279 1962 1304 Y
1985 1262 2112 1306 quam
2128 1254 2276 1309 potui-

141 1322 236 1354 mus
256 1339 278 1366 ,
319 1307 584 1368 diligentiam
606 1304 662 1357 ἐξ
686 1305 941 1352 emendando
962 1340 979 1365 ‚
1026 1304 1080 1356 ὅ
1108 1305 1427 1365 interpretando
1449 1341 1465 1366 ‚
1498 1312 1654 1370 spreta
1677 1310 1923 1356 invidorum
1944 1314 2292 1378 naalevolentiay

139 1375 347 1434 imprimis
364 1372 477 1418 illud
494 1371 676 1420 Secundi
694 1371 1031 1431 laudatiffimum
1047 1381 1293 1430 reputantes
1312 1407 1329 1429 ‚
1372 1385 1558 1434 oportere
1582 1376 1778 1436 privatis
1801 1378 2067 1423 utilitatibus
2078 1381 2288 1439 publicas-

137 1439 381 1500 anteferre:
393 1448 486 1484 tum
505 1439 638 1483 etiam
649 1439 890 1498 patrocinio
916 1447 989 1483 tuo
1001 1436 1146 1500 freti,
1168 1442 1241 1498 qui
1253 1437 1363 1500 fiilos
1382 1439 1520 1500 nostra
1539 1443 1633 1488 lata
1644 1442 1959 1500 praedicatione
1974 1446 2247 1508 circumferre

139 1520 212 1551 nec
226 1507 407 1566 favoris
429 1505 569 1549 minus
593 1504 637 1547 in
660 1519 732 1549 nos
755 1504 987 1549 collaturus
995 1505 1062 1563 sit
1085 1503 1225 1565 Jafiin
1247 1505 1323 1549 vir
1342 1505 1659 1567 consultiffimus
1680 1508 1813 1568 legum
1837 1508 2076 1555 moderator
2098 1512 2152 1563 {9³
2173 1516 2275 1560 illu-

131 1570 239 1632 stris
261 1571 495 1628 interpres,
530 1568 711 1630 quodam
725 1568 1024 1629 providentiae
1042 1567 1145 1613 dono
1166 1572 1420 1616 mortalibus
1442 1571 1572 1618 datus
1594 1607 1607 1628 ‚
1640 1571 1997 1636 fiibsequaturque
2011 1580 2167 1636 patrui
2197 1595 2287 1626 vem

131 1633 265 1697 stigia
289 1635 415 1696 paffii
443 1633 715 1694 robustifflmo
734 1650 751 1680 .·
786 1635 985 1695 quamvis
1018 1633 1251 1696 adolescens
1284 1636 1466 1683 Thomas
1488 1637 1614 1698 filius
1644 1648 1744 1683 tuus
1764 1672 1780 1696 ‚
1825 1654 1945 1700 quem
1957 1642 2206 1703 speramus,
2227 1650 2276 1706 st

142 1699 441 1757 virtutes-ejus
461 1699 518 1751 ζῇ*
541 1701 753 1762 ingenium
774 1701 1092 1757 maturuerint,
1120 1702 1292 1758 pariter
1313 1703 1367 1748 ab
1389 1704 1462 1748 illo
1482 1703 1734 1761 adoptatum
1756 1705 1815 1749 iri
1823 1738 1840 1763 ‚
1872 1705 2041 1766 ejusque
2059 1708 2278 1759 doetrinae

145 1781 196 1812 ac
214 1767 413 1812 bonorum
433 1766 663 1827 aliquando
679 1765 947 1826 succefforem
958 1763 1172 1826 futurum
1192 1799 1206 1820 ‚
1252 1776 1302 1812 ut
1326 1768 1623 1829 propemodum
1654 1769 1700 1815 in
1729 1769 1847 1815 dome
1868 1771 2012 1832 vestra
2036 1776 2124 1819 tale
2145 1777 2275 1835 qnod-

145 1831 246 1878 dam
266 1832 666 1893 conspeetu-ustinus
686 1866 700 1890 ‚
743 1830 853 1893 quod
879 1832 976 1877 olim
1007 1832 1053 1876 in
1085 1832 1222 1877 Curia
1247 1844 1454 1892 perpetua
1476 1835 1605 1895 serie.
1677 1835 1804 1880 Nam
1823 1846 1903 1895 tu,
1937 1841 2014 1897 etst
2032 1855 2112 1885 non
2131 1840 2276 1901 effeiie

140 1899 375 1956 praeceptis
395 1908 615 1943 oratorum
636 1897 770 1953 fueris
789 1895 1011 1957 institutus
1032 1931 1049 1956 ,
1081 1898 1149 1942 ita
1183 1907 1328 1944 tamen
1351 1915 1378 1944 a
1400 1911 1562 1948 natura
1586 1899 1766 1960 quedam
1789 1901 1954 1948 dicendi
1962 1903 2148 1961 flumine
2167 1923 2273 1953 exu-

144 1961 292 2018 beras,
330 1962 404 2007 vel
419 1961 541 2008 rebus
563 1965 763 2009 maximis
781 1964 1042 2009 exercitatus
1061 1996 1077 2020 ,
1121 1973 1172 2010 ut
1191 1963 1357 2010 dicendi
1377 1976 1493 2012 artes
1515 1966 1810 2028 edoiioslonge
1824 1971 2096 2027 praevenias.
2118 1972 2180 2017 ad
2195 1972 2272 2020 hoc

136 2027 372 2087 proceritas
395 2025 449 2077 {9⁹
475 2028 678 2075 habitudo
697 2030 905 2088 corporis,
941 2028 995 2080 Es?
1017 2029 1124 2075 bona
1137 2029 1384 2089 fortunam
1411 2047 1517 2093 quae
1537 2033 1652 2092 large
1674 2034 1753 2078 tibi
1763 2030 2100 2095 supercurrunt,
2134 2040 2272 2086 animi

141 2092 259 2138 binis
272 2094 506 2151 plurimum
527 2105 768 2142 ornamento
781 2101 901 2153 sunt.
974 2095 1021 2139 V
1018 2095 1123 2154 estro
1139 2098 1277 2158 igitur
1294 2098 1503 2158 praefidio
1523 2108 1646 2143 tutus
1671 2101 1815 2159 finam
1827 2114 1906 2160 per
1927 2116 2000 2146 ora
2020 2103 2168 2149 virum
2189 2121 2269 2151 vo·

142 2157 273 2204 litare
291 2157 353 2203 ad
374 2158 609 2218 Trajanum
629 2161 819 2221 epistolas
838 2161 931 2216 jam
951 2161 1167 2219 meliores,
1186 2161 1289 2220 jam
1301 2162 1524 2223 faciliores
1537 2179 1553 2210 .·
1587 2180 1639 2209 ex
1657 2165 1807 2227 quibus
1826 2199 1841 2225 ‚
1854 2188 1858 2193 ·
1867 2169 1911 2230 fi
1930 2167 2098 2228 aliquid
2114 2170 2175 2215 ad
2189 2184 2269 2217 vos

137 2225 301 2286 gloriae
317 2226 561 2284 perveniet,
595 2237 756 2272 certum
776 2225 906 2272 habeo
925 2229 1180 2276 tantundem
1198 2228 1367 2277 honoris
1389 2244 1468 2276 vos
1486 2230 1757 2293 suscepturos
1778 2266 1795 2292 ,
1841 2242 1988 2280 contra
2001 2265 2003 2267 ·
2017 2235 2269 2297 maledicos2

137 2300 227 2350 ἕνα.
240 2289 453 2350 Secundo,
479 2303 558 2356 pro
576 2292 804 2354 interprete
822 2293 1045 2356 cariffima.
2246 2300 2258 2328 ·’

2033 3004 2258 3091 Epistol&
