2616 3686
604 173 1888 259 ·L‚113ERI.EPXISTOLA11.
2288 232 2311 280 3

374 281 504 339 U1A
547 281 843 338 tardiorem
868 281 1165 337 adventum
1194 296 1347 338 tuum
1375 287 1673 358 prospiciO,
1699 287 1728 312 ⁴*
1754 289 1977 352 librum,
1999 307 2159 362 quem
2173 292 2320 362 prio-

219 293 516 444 Qribus
550 357 776 426 epistolis
806 354 1153 426 promiseram
1177 394 1192 417 ,
1243 358 1493 414 exhibeO.
1545 359 1716 414 Hune
1757 378 1895 431 rogo
1931 380 1999 416 ex
2037 363 2318 417 consuetu-

368 435 494 488 dine
520 446 608 486 tua
629 432 644 493 ⁸¹
671 429 727 482 &
751 429 892 500 legas
917 430 970 480 δε
1001 429 1287 484 emendes:
1315 448 1383 485 eo
1408 432 1602 504 magi3‚
1619 433 1769 506 quod
1787 433 1922 488 nihil
1948 447 2068 488 ante
2094 446 2110 463 ²
2135 451 2318 506 perae-

219 529 329 584 que
359 506 559 560 eodem
597 511 612 537 ³
636 501 751 554 stilo
773 498 1021 569 icripfiss'e
1044 502 1253 556 videor.
1330 503 1567 559 Tentavi
1593 508 1737 560 enim
1763 507 1959 560 imitari
1996 506 2319 561 Demosthe-

223 602 331 641 nen
353 579 793 649 ⁴1'empertuum,
831 573 1062 628 Calvum
1087 584 1099 611 ⁵
1137 591 1308 647 nuper
1325 594 1508 633 meum
1535 572 1791 634 duntaxat
1815 578 1832 601 ⁶
1852 579 2033 651 figuris
2049 580 2320 634 orationis.

1422 671 1423 674 ¹
2182 653 2321 706 Nam

224 769 386 812 fleriores
414 771 500 808 Suo,
528 763 635 811 plane
654 767 695 800 ut
715 760 798 798 Lib.
818 759 867 798 Il.
898 760 1086 808 Epist.Xl.
1112 762 1249 802 &XIL
1292 764 1519 810 aemulatio,
1546 766 1606 804 vel
1624 766 1831 805 vehemens
1859 766 2027 805 imitandi
2060 765 2214 803 studium
2242 792 2252 808 ,
2283 771 2323 802 ut

222 817 407 866 inscriptio
429 817 553 852 variat.
592 813 736 851 Multae
757 822 942 860 praeterea
966 812 1148 861 Epistolae
1176 826 1246 852 no·
1293 815 1452 863 explicat
1479 816 1592 865 steph.
1621 818 1813 866 Subjungit
1839 819 1939 856 enim
1962 831 1970 855 ε
2009 817 2158 855 Tentavi
2184 815 2325 852 imitari

223 881 309 911 men
338 866 490 904 Arriani
511 867 548 903 in
567 865 692 902 fronte
707 871 862 912 gerunt,
895 863 998 911 quod
1024 875 1148 914 neque
1173 865 1248 904 hoc
1298 866 1472 912 Demosth.
1527 868 1615 905 Hoc
1646 876 1773 905 tamen
1795 875 1975 906 Catanaeo
2011 880 2088 907 non
2127 867 2321 916 probatur:

217 921 311 960 Ioco
329 918 502 967 displicet.
1298 917 1396 954 Nam
1412 946 1423 962 ‚
1450 918 1522 961 ait,
1549 919 1611 967 qui
1633 930 1700 966 pro
1718 919 1797 956 stilo
1815 920 1942 967 legunt
1963 919 2086 967 ζήλῳ,
2115 929 2192 956 non
2222 916 2321 954 reste

269 970 292 992 ³*
318 969 464 1006 Librum
487 965 503 1015 ]
532 964 707 1014 Intelligit
723 963 913 1002 astionem
939 976 1008 1013 pro
1029 965 1145 1004 Accia
1172 966 1248 1004 Va·
1290 968 1481 1016 judicant,
1508 969 1572 1007 etsi
1595 969 1728 1007 Graeci
1744 969 1868 1007 dicant
1890 971 2022 1015 ζῆλον,
2050 969 2070 1006 e
2087 969 2216 1018 quibus
2242 968 2323 1005 Au·

221 1022 324 1062 riola.
352 1021 546 1057 Cri-rein.
573 1017 620 1054 de
645 1027 717 1064 qua
747 1015 918 1055 Lib.V1.
936 1016 1048 1064 Epist.
1067 1018 1248 1055 XXXIII.
1296 1017 1418 1057 sonius
1447 1021 1485 1057 &
1506 1020 1646 1058 Seneca
1675 1021 1712 1058 in
1746 1019 1951 1058 Proverbiis
1973 1049 1984 1065 ,
2011 1019 2072 1058 ubi
2095 1022 2207 1058 etiam
2238 1029 2322 1056 ver-

272 1084 288 1109 1
317 1076 362 1107 Et
379 1070 492 1120 legas,
520 1069 558 1106 &
581 1067 717 1115 relegas
734 1093 745 1109 ‚
772 1076 815 1105 ω’
834 1067 1026 1116 emenda]
1055 1068 1114 1106 Sic
1131 1068 1249 1106 Aldus
1296 1068 1385 1107 bum
1406 1070 1513 1108 zelari
1533 1071 1738 1120 usurpavit:
1766 1071 1830 1110 nisi
1854 1070 2000 1109 fortaffe
2022 1069 2194 1107 volumus
2210 1071 2323 1107 inter-

218 1121 359 1164 edidit,
390 1133 503 1170 quern
533 1117 700 1157 nonnulli
730 1115 841 1155 secuti
873 1117 960 1154 sunt.
1019 1117 1090 1155 Sed
1120 1119 1246 1157 Medi·
1295 1129 1428 1168 pretart
1448 1123 1571 1159 zelum
1592 1133 1659 1169 pro
1687 1123 1802 1160 nimia
1832 1120 1976 1160 decoris
2006 1121 2256 1159 affeetatione.
2283 1120 2322 1157 ὃ(

223 1186 309 1212 ceus
330 1200 340 1216 ,
378 1174 582 1219 omnesque
606 1169 665 1206 alii
696 1167 804 1206 MSS.
831 1167 1127 1207 additamentum
1156 1170 1245 1209 illud
1294 1180 1333 1208 ut
1352 1171 1562 1210 observatur
1588 1173 1686 1221 apud
1715 1173 1974 1221 cyprianum,
2009 1174 2048 1211 &
2077 1172 2096 1210 a
2125 1172 2324 1208 Gramma-

220 1236 265 1265 &
284 1223 408 1272 relegas
423 1227 607 1271 ignorant.
656 1221 784 1268 Quare
803 1219 1057 1257 inducendum
1080 1219 1141 1257 est.
1293 1221 1376 1259 ticis
1399 1222 1556 1268 dicitur,
1581 1225 1766 1261 cacozelia
1794 1224 1841 1262 est
1865 1225 1981 1262 nimia
2011 1223 2154 1261 decoris
2173 1221 2325 1260 affeeta-

271 1288 292 1312 2
323 1272 521 1324 Peraeque]
551 1271 700 1309 Pariter.
719 1269 840 1306 Caesar
860 1271 943 1307 Lib.
956 1270 1045 1308 V11.
1059 1271 1246 1321 Peraeque
1294 1273 1370 1317 tio,
1398 1281 1569 1322 corrupta
1590 1274 1778 1313 sententia.
1834 1274 2040 1324 [Quamvis
2069 1273 2322 1310 Hammonius

220 1326 238 1362 ἒ
266 1326 394 1375 regione
428 1325 614 1371 castrorum
649 1320 759 1368 castra
788 1321 948 1370 ponebat.
999 1322 1158 1361 Videtur
1195 1331 1248 1360 ta·
1291 1324 1415 1361 zelum
1443 1323 1515 1362 effe
1531 1325 1691 1363 voluerit
1712 1327 1963 1363 imitationem
1995 1325 2107 1362 boni:
2137 1333 2322 1362 verumta-

218 1388 307 1415 men
327 1376 547 1424 superfluum
559 1381 794 1422 autperaeque
815 1379 876 1409 aut
889 1372 1003 1408 eodem
1016 1371 1117 1419 stilo.-
1146 1372 1246 1411 idem
1295 1384 1383 1411 meri
1412 1377 1523 1414 etiam
1559 1376 1606 1414 de
1643 1377 1744 1414 malo
1773 1376 1845 1414 dici
1873 1376 1973 1414 idern
2000 1374 2159 1423 asseria]
2216 1374 2325 1412 Haec

223 1429 325 1466 enirn
355 1427 568 1475 fignificant.
598 1424 754 1461 CATAN.
795 1423 900 1460 MSS.
923 1423 1124 1461 Lindenbr.
1150 1424 1245 1462 Bon·
1297 1430 1431 1462 cotan.
1485 1427 1701 1476 Utrumque
1727 1428 1931 1476 genuinum
1961 1425 2032 1464 effe
2059 1425 2176 1474 potest
2199 1453 2210 1469 ,
2252 1436 2322 1463 nec

219 1478 306 1527 gars,
327 1478 486 1515 Arnzen.
507 1476 718 1517 Bodleiani‚
753 1473 925 1510 Lincoln.
944 1473 1066 1511 Barth.
1081 1483 1248 1524 peraeque
1297 1487 1415 1513 unum
1441 1476 1595 1514 alterum
1617 1477 1726 1514 tollit.
1778 1477 1963 1515 Videmur
1980 1479 2081 1514 enim
2097 1503 2107 1519 ‚
2134 1477 2320 1514 imitantes

216 1530 336 1566 eodem
356 1528 459 1574 stilo,
486 1536 526 1564 ut
556 1526 661 1573 Epist·
698 1521 809 1562 VIII.
837 1536 874 1560 n.
908 1537 942 1570 ς.
993 1525 1160 1560 Onerabit
1188 1525 1248 1561 hoc
1269 1563 1271 1578 1
1294 1525 1475 1572 imprimis
1504 1526 1616 1571 alios,
1645 1526 1734 1564 nihil
1772 1527 1832 1564 vel
1864 1539 1912 1564 eo
1940 1528 2019 1564 stilo
2053 1526 2112 1564 vel
2143 1538 2190 1563 eo
2220 1525 2320 1574 ζήλῳ

224 1579 423 1618 modestiam
443 1579 614 1622 nostram,
642 1576 750 1610 etiam
761 1574 795 1621 st
809 1573 905 1609 stilus
924 1573 988 1620 ipse
995 1574 1108 1618 fuerit
1126 1574 1248 1623 preffus
1269 1580 1271 1592 ¹
1292 1584 1399 1613 antea
1422 1575 1600 1625 scripsiffe.
1653 1577 1699 1614 Et
1729 1576 1865 1614 Plinius
1892 1577 1937 1615 ad
1969 1579 2081 1624 ζῆλον
2110 1577 2320 1614 aemulatio-

224 1626 459 1676 demifficsque.
515 1627 638 1672 Atque
657 1625 706 1660 ita
729 1621 969 1671 Quineiilian.
998 1623 1079 1661 Lib.
1101 1624 1145 1661 X.
1168 1636 1248 1674 cap.
1268 1594 1272 1660 l
1292 1637 1379 1662 nem
1423 1628 1537 1676 magis
1572 1627 1715 1675 respicit
1742 1627 1780 1663 in
1812 1627 2057 1676 sequentibus.
2106 1628 2172 1664 Per
2193 1627 2317 1672 stilum

225 1677 255 1716 1.
284 1678 436 1714 Sueton.
465 1676 561 1723 Aug·
591 1685 669 1719 cap.
697 1672 893 1710 LXXXV.
928 1673 966 1709 &
1006 1673 1066 1711 alii
1092 1674 1245 1721 stilum,
1287 1686 1335 1712 ex
1357 1676 1486 1714 Catan.
1511 1677 1723 1724 intelligitur
1759 1675 1904 1714 dicendi
1941 1689 2068 1726 genus.
2122 1677 2220 1714 Nam
2260 1677 2320 1715 sti-

223 1739 290 1777 pro
322 1727 495 1764 scribendi
537 1723 655 1761 modo
676 1749 687 1766 2
721 1723 901 1769 'usurpare
946 1721 1075 1760 solent.
1137 1724 1244 1763 Unus
1288 1724 1342 1762 lus
1369 1725 1418 1763 est
1446 1727 1585 1765 ferrum
1624 1735 1774 1764 acutum
1815 1729 1853 1765 ὃς
1879 1728 2083 1766 obtulum:
2125 1727 2204 1776 (illo
2227 1755 2236 1772 ,
2275 1736 2317 1767 ut

224 1777 429 1816 Helmstad.
447 1786 608 1826 peraeque
624 1773 736 1810 eodem
760 1772 843 1810 zelo.
879 1771 1003 1819 Ζήλῳ,
1031 1774 1134 1822 quod
1161 1782 1237 1813 tan·
1289 1783 1483 1815 notarent:
1510 1778 1606 1822 hoc,
1632 1786 1673 1815 ut
1704 1788 1970 1826 expungerent.
1996 1791 2082 1816 nam
2112 1788 2314 1827 utrumque

223 1836 354 1878 topere
373 1828 445 1865 aliis
466 1827 606 1874 placet,
634 1825 752 1861 minus
771 1826 977 1861 commode
997 1825 1058 1861 hic
1078 1825 1241 1863 inculca·
1285 1824 1366 1863 ssilo
1383 1825 1539 1876 fiebat:)
1570 1839 1647 1878 quo
1674 1829 1710 1865 in
1742 1829 1972 1877 pugillaribus
2000 1830 2182 1867 scribitur:
2211 1830 2315 1875 saepe

225 1886 306 1921 tur,
323 1889 410 1914 curn
431 1877 548 1914 statim
572 1876 715 1913 mentio
737 1874 799 1912 fiat
817 1873 1024 1912 imitationis
1041 1903 1050 1919 ‚
1076 1875 1244 1913 &aemu-
1285 1884 1409 1915 tamen
1439 1891 1506 1927 pro
1545 1879 1820 1928 compofitione
1856 1882 2020 1919 sumitur.
2072 1880 2195 1918 Verba
2231 1881 2315 1919 sunt

225 1928 377 1965 lationis.
428 1927 561 1975 Neque
595 1935 720 1963 tamen
761 1936 847 1962 cum
880 1924 1070 1963 Catanaeo
1112 1926 1242 1965 alteru·
1285 1938 1330 1964 ex
1351 1930 1472 1976 primo
1493 1930 1541 1968 de
1565 1931 1751 1975 Oratore,
1781 1931 1888 1968 Stilus
1905 1933 2070 1979 optimus
2090 1931 2235 1969 dicendi
2257 1932 2312 1970 ef-

224 1987 319 2016 trum
333 1985 414 2021 ,aut
428 1987 592 2026 peraeque
607 2004 615 2019 ‚
641 1983 703 2013 aut
723 1976 836 2012 eodem
847 1974 924 2021 stilo
945 1975 1164 2025 superfluum
1189 1982 1240 2016 es-
1282 1978 1403 2017 festor
1424 1982 1460 2018 ἃς
1475 1981 1642 2029 magister
1656 2008 1666 2024 ,
1680 1982 1717 2018 &
1731 1982 1876 2019 tardum
1897 1983 1936 2019 &
1955 1983 2169 2031 diligentem
2188 1983 2312 2031 Quin-

219 2028 256 2066 se
279 2029 450 2071 arbitror3
478 2039 548 2065 nec
570 2038 655 2064 cum
679 2027 888 2073 Stephano,
915 2026 1074 2075 Gryphii
1105 2032 1240 2078 margi·
1281 2029 1424 2068 tilianus
1456 2032 1575 2070 stilum
1621 2032 1762 2080 probat.
1799 2042 1835 2069 at
1866 2033 2038 2072 Donati-is
2059 2061 2069 2078 ,
2106 2042 2145 2070 ut
2185 2035 2241 2071 alii
2270 2035 2310 2072 &

222 2091 294 2123 ne,
322 2081 357 2114 ὃ(
377 2078 566 2116 Hackiana
588 2077 772 2126 Copulam
787 2105 797 2120 ,
825 2085 953 2114 contra
973 2078 1150 2116 librorum
1172 2092 1235 2118 au·
1280 2079 1508 2127 Euanthius,
1535 2082 1668 2120 volunt
1685 2082 1806 2121 stilum
1828 2084 1945 2122 verbis
1964 2113 1976 2130 ,
2005 2085 2214 2122 orationem
2229 2085 2309 2123 sen-

218 2129 423 2167 &toritatem
439 2156 449 2172 ,
477 2129 631 2166 infarcio
645 2157 656 2173 ,
684 2137 724 2165 ut
745 2127 785 2165 sit
800 2135 966 2177 peraeque
985 2129 1163 2179 eodemque
1175 2131 1236 2178 sti·
1277 2129 1314 2168 su
1334 2132 1509 2172 constare.
1538 2134 1570 2171 C
1585 2147 1605 2171 A
1620 2146 1728 2171 TAN.

218 2180 271 2216 lo.-
301 2180 386 2221 Sed,
417 2190 500 2218 cum
519 2191 636 2216 nemo
662 2178 872 2216 offendatur
901 2177 1035 2216 ulitatis
1061 2181 1233 2222 dictioni·
1328 2194 1349 2228 4
1377 2189 1510 2230 Semper
1548 2195 1661 2222 tuum.
1687 2184 1703 2235 ]
1751 2187 1844 2234 Quo
1887 2186 2052 2223 maxime
2096 2184 2303 2230 deleffirfs,

215 2229 280 2268 bus
305 2231 395 2268 idem
407 2230 608 2278 fere‚idem
623 2229 882 2278 propemodum,
910 2241 980 2267 nec
994 2243 1099 2280 aeque
1116 2233 1230 2279 idem,
1274 2244 1466 2282 quemque
1498 2236 1564 2273 tibi
1594 2235 1809 2285 proposuisti
1847 2237 2028 2285 imprimis
2067 2236 2303 2276 imitandum.

213 2289 276 2317 aut
292 2291 454 2331 peraeque
470 2282 561 2319 idem
576 2282 706 2318 dmum
734 2278 803 2317 effe
830 2279 962 2324 debet,
990 2282 1051 2319 ubi
1073 2283 1229 2330 praeser-
1278 2284 1290 2320 1
1309 2296 1332 2319 n
1348 2296 1367 2322 ε
1382 2298 1423 2322 m.

214 2334 280 2368 tim
304 2333 390 2369 aliae
419 2332 580 2370 duriorrs
614 2329 826 2381 hujusmodi
862 2331 1151 2378 compofitiones
1189 2336 1226 2372 in
1327 2348 1344 2381 ς
1378 2342 1495 2384 Nuper
1521 2336 1678 2387 meum]
1711 2340 1838 2387 Quem
1857 2337 1894 2373 in
1920 2337 1995 2375 hoc
2024 2335 2116 2373 libro
2138 2340 2300 2379 imitatus

213 2382 275 2419 usu
304 2383 408 2426 sunt,
436 2391 475 2420 ut
503 2382 660 2419 vidimus
684 2381 730 2418 ad
761 2379 874 2428 Crispi
905 2381 986 2418 Cat.
1014 2393 1092 2429 cap.
1121 2385 1228 2422 XIII.
1274 2383 1350 2421 sum
1385 2389 1563 2434 primum.
1596 2389 1680 2424 lui-3
1698 2401 1739 2424 Μ.
1778 2387 1994 2424 Omiserunt
2027 2389 2091 2424 viri
2110 2389 2209 2429 dofli
2238 2404 2301 2430 cx-

208 2442 303 2469 extr.
328 2439 376 2469 Eo
400 2434 577 2480 profusius
609 2432 781 2470 omnibus
803 2431 924 2468 modis
945 2433 1098 2480 quaestui
1122 2446 1229 2484 atque
1274 2434 1408 2480 plicare
1430 2438 1535 2474 nobis
1552 2439 1650 2474 hunc
1669 2438 1795 2474 locum
1812 2464 1822 2480 ‚
1853 2449 1940 2474 cum
1960 2446 2085 2475 tamen
2108 2440 2150 2478 fit
2170 2441 2295 2480 obscu-
2324 2452 2325 2456 ’

201 2482 343 2531 smnttei
359 2484 494 2519 deditus
518 2493 606 2520 erat.
663 2481 892 2517 Diflimulare
917 2490 1040 2518 tamen
1062 2494 1139 2520 non
1163 2486 1224 2520 de·
1274 2494 1331 2519 rus
1353 2510 1364 2527 ,
1401 2486 1664 2536 intellectuque
1691 2487 1856 2525 difficilis.
1910 2488 2039 2525 Nemo
2076 2501 2174 2529 enim
2207 2495 2297 2532 milii

208 2532 303 2575 beo,
332 2534 368 2569 in
406 2534 606 2570 veterrimo
635 2532 812 2569 Mediceo
840 2530 984 2582 haberi:
1021 2534 1112 2581 quod
1139 2533 1230 2570 nihil
1274 2533 1425 2578 dixerit,
1453 2541 1652 2585 quomodo
1679 2538 1768 2576 illud
1797 2548 1903 2586 nuper
1924 2566 1934 2583 ‚
1962 2541 2064 2588 quod
2100 2542 2144 2579 dc
2176 2545 2296 2582 Calvo

205 2592 473 2633 anteperaeqae
502 2584 614 2619 eodem
634 2582 725 2618 libro
744 2580 906 2629 scripsrffe
935 2582 1065 2620 videor.
1118 2585 1225 2623 Unus
1273 2583 1455 2630 habetur,
1499 2588 1697 2625 conveniat
1743 2600 1826 2626 cum
1867 2591 2101 2638 praecedenti
2146 2595 2295 2643 semper,

203 2645 249 2672 ex
270 2636 397 2671 ceteris
416 2633 670 2672 nostris-antee..
688 2632 900 2679 Gryphinna
919 2644 926 2668 :
953 2632 1106 2683 sci-t'pfiffe
1127 2637 1225 2674 vide-
1272 2636 1372 2682 quod
1399 2638 1558 2683 pertinet
1585 2640 1627 2677 ad
1657 2639 1976 2684 Demosthenem,
2006 2653 2088 2678 curn
2109 2651 2234 2682 tamen
2252 2647 2297 2684 il—

203 2696 264 2722 tur
282 2712 292 2727 ,
322 2696 514 2732 operarum
537 2685 686 2722 incuria.
742 2683 836 2718 Mox
866 2684 1113 2738 Demosthenen
1142 2687 1204 2725 scri
1270 2685 1325 2722 lae
1354 2697 1467 2725 voces
1495 2689 1539 2726 ad
1570 2689 1604 2726 se
1630 2701 1764 2726 mutuo
1789 2693 2004 2729 referantur.
2050 2693 2190 2739 Vidit,
2227 2698 2294 2745 qui

202 2735 337 2783 pfimus
358 2763 368 2778 ‚
406 2735 621 2772 avicioritatc
643 2734 718 2771 libri
745 2734 905 2770 Medicei
926 2762 937 2779 ‚
982 2736 1045 2783 qui
1072 2737 1111 2774 &
1139 2739 1218 2776 alibi
1269 2736 1470 2775 editionem
1497 2739 1735 2778 Basileensem
1767 2741 1959 2778 adornavit
1981 2770 1991 2786 ,
2020 2755 2061 2781 ac
2086 2744 2223 2783 idcirco
2252 2749 2295 2783 il-

199 2786 294 2824 hanc
314 2787 614 2824 terminationem
633 2794 771 2822 tuetur:
801 2785 998 2829 quomodo
1013 2787 1220 2835 Aeschinen,
1266 2786 1327 2823 iud
1349 2788 1505 2826 Calvum
1528 2791 1675 2828 delevit.
1727 2791 1799 2829 Sed
1827 2792 1851 2828 fi
1880 2792 2064 2838 deleatur,
2090 2798 2290 2844 quomodo

201 2837 423 2886 Euphraten,
452 2837 606 2885 Ulyxen,
633 2834 1046 2885 Aristotelen,'sigranen
1067 2841 1104 2875 ὅ(
1126 2842 1216 2878 mul·
1267 2841 1466 2877 conveniat
1493 2843 1535 2878 τὸ
1563 2853 1748 2879 tantorum
1775 2842 1955 2887 virorum,
1985 2846 2086 2894 quod
2115 2846 2288 2894 sequitur,

199 2893 242 2922 to
261 2889 358 2936 plura
390 2889 427 2926 in
457 2887 697 2925 vetustiffimis
729 2889 982 2924 monumentis
1007 2888 1216 2929 scribuntur,
1266 2899 1349 2925 cum
1375 2892 1517 2929 mentio
1541 2893 1601 2930 fiat
1632 2894 1739 2931 unius
1767 2893 2053 2932 Demosthenis?
2084 2896 2208 2946 Itaque
2239 2898 2287 2936 iic

199 2934 296 2975 Vide
325 2937 371 2974 ad
401 2940 541 2976 Lucani
572 2939 654 2977 Lib.
682 2938 727 2977 ll.
756 2936 804 2975 vs.
830 2939 918 2987 637.
946 2938 1005 2976 ubi
1037 2943 1215 2988 nonnulla
1265 2948 1354 2985 puto
1389 2942 1514 2980 locum
1546 2952 1666 2981 totum
1699 2942 1770 2981 effe
1795 2943 2118 2993 distinguendum:
2148 2950 2288 2986 imimri

201 2985 420 3035 collegimus,
447 2990 605 3028 Come.
1265 2991 1516 3037 Demosthenem
1536 3023 1545 3039 ,
1582 3007 1625 3035 ω’
1642 2997 1776 3045 semper
1813 3006 1915 3032 mmm
1947 2997 2108 3035 Calvum
2127 3027 2137 3043 ‚
2182 3009 2287 3048 nuper

251 3047 270 3084 3
307 3039 422 3087 stilo]
471 3041 511 3077 In
556 3040 767 3090 quibusdam
818 3043 1040 3082 editionibus
1085 3043 1216 3092 legitur
1266 3055 1392 3079 merom.
1445 3045 1802 3091 EditioncsomneS,
1829 3056 1939 3086 etiam
1963 3060 2170 3095 nuperrima
2186 3051 2285 3086 Hac-

200 3084 326 3134 ζνῖλῳ,
363 3089 439 3128 len.
466 3090 584 3131 Boxb.
605 3095 643 3132 ὃς
674 3093 766 3134 aliae.
820 3096 907 3143 Qua
939 3107 1034 3134 voce
1066 3104 1215 3135 notatur
1240 3092 1365 3159 titiana
1387 3122 1399 3142 ,
1433 3094 1702 3137 distinehonem
1730 3107 1884 3185 [ponunt
1919 3107 2002 3138 ante
2032 3112 2165 3140 vocem
2196 3099 2282 3136 Cel-

1723 3174 1736 3186 .
1786 3161 1805 3187 2.
2166 3163 2279 3198 vum,

1251 2266 1256 2309 1
