2616 3686
258 218 362 288 728
500 200 1598 263 C.PL1N11CAEC.1L11
1666 197 2186 254 SECUNDI

266 295 455 366 Itaque
480 293 534 345 &
563 289 734 363 quieti
756 284 868 356 ejus
890 280 1048 354 injeci
1073 297 1291 336 manum
1309 317 1326 343 ,
1351 279 1405 333 &
1436 277 1619 349 exegi,
1660 289 1719 331 ut
1745 293 1834 331 me
1862 279 1915 332 in
1944 279 2197 355 Bithynia
2225 289 2241 315 ¹
2267 301 2407 342 con*

270 367 384 422 filio
410 364 711 422 instrueret.
751 359 906 434 quod
931 359 1017 413 ille
1037 353 1349 411 amicissime
1368 394 1387 419 ‚
1426 355 1479 407 &
1506 355 1606 407 otii
1643 353 1695 405 &
1719 351 2000 410 senestutis
2026 360 2236 414 ratione
2259 361 2398 430 post-

233 443 475 515 3pos1ta,
515 438 703 510 &jam
726 435 895 498 fecit,
934 432 989 488 &
1019 430 1251 487 fauurus
1280 429 1370 483 est.
1423 428 1636 503 Quibus
1661 444 1728 481 ex
1751 427 1914 482 causis
1940 432 2402 490 ²'neceffitudines-

272 517 385 589 ejus
411 519 551 584 inter
577 530 721 570 meas
742 527 999 572 numero,
1039 505 1211 561 filium
1232 506 1505 574 inprimis,
1548 502 1937 576 Nymphidium
1966 505 2222 580 Lupum,
2245 509 2402 579 juve.

271 610 399 648 nem
427 590 696 665 probum,
737 581 1057 641 industrium
1083 618 1102 644 ‚
1156 584 1205 632 &
1233 580 1456 658 egregio
1475 591 1628 650 patre
1653 577 2020 649 digniffimum
2049 620 2066 645 ,
2108 583 2405 640 *suffeistffi

271 684 392 722 rum
420 662 789 737 indulgentiae
809 672 934 712 tuae
956 699 975 725 ‚
1023 654 1154 710 ficut
1179 654 1365 725 primis
1399 670 1509 725 ejus
1538 656 1921 725 experimentis
1945 657 2275 727 cognoscere
2301 675 2402 731 po-

273 755 385 804 teS,
425 757 551 796 cum
577 732 875 811 praefecstus
901 730 1144 786 cohortis
1172 726 1532 801 pleniffimum
1574 727 1943 784 testimonium
1981 735 2242 787 meruerit
2273 731 2407 801 Juliii

270 814 519 879 Ferocis,
561 815 615 867 &
640 810 798 867 Fusci
821 806 1132 862 Salinatoris
1160 802 1572 857 clarissimorum
1594 805 1859 859 virorum,
1878 811 1901 841 ⁴·
1919 823 2103 861 meum
2125 808 2410 880 gaudium,

269 888 538 954 Domine,
582 904 701 943 mea
725 882 1012 958 gratulatio
1035 879 1130 934 filii
1157 878 1368 933 honore
1390 877 1728 932 contineturc

566 1034 702 1091 XX.
781 1030 880 1087 111.
955 1029 1025 1086 C.
1100 1027 1352 1084 PLIN
1401 1042 1554 1080 Ius
1627 1025 2136 1097 TRAJA-No.

559 1161 649 1217 De
673 1158 957 1215 sortitione
985 1153 1273 1242 patrocinii
1299 1150 1547 1206 adversus
1573 1149 2108 1221 MariumPriscum·

273 1287 509 1361 Excusat
535 1284 590 1356 se
611 1282 744 1357 apud
780 1285 1129 1356 imperatorem
1168 1273 1451 1350 Trajamtm
1477 1315 1493 1339 ,
1546 1276 1676 1348 quod
1704 1275 1991 1350 praefetflns
2025 1280 2222 1331 aerario
2247 1277 2417 1351 suttmr

345 1365 681 1441 patrocinium
716 1358 1043 1430 denegaverit
1083 1350 1242 1425 Afris
1270 1349 1580 1435 *rog-antibus
1623 1364 1798 1407 contra
1845 1354 2083 1406 Marium
2129 1353 2416 1424 Pr²ll·ume,.

353 1437 526 1496 deinde
550 1438 603 1490 τά
631 1436 853 1508 exigente
872 1432 1061 1505 senatu
1089 1427 1418 1503 praestzterzt.

2312 1471 2419 1561 Ur

264 1608 388 1656 'Poffis
417 1618 455 1656 &
485 1616 655 1666 quintum
684 1612 910 1663 adjungeret
1382 1603 1941 1659 marieuin,ux0rem,ceterasque
1962 1604 2257 1650 neceffitudines‚
2267 1606 2426 1656 gravina

1385 1654 1605 1690 vendicanda
1621 1656 1708 1703 sunt
1721 1682 1731 1697 ‚
1745 1668 1850 1703 quam
1865 1656 1901 1692 in
1910 1665 2097 1693 extraneos.
2126 1657 2159 1694 R
2171 1671 2184 1694 1
2198 1669 2264 1702 171*
2275 1671 2293 1694 ε
2307 1671 2332 1696 R
2344 1672 2361 1696 s
2374 1670 2418 1696 Η.

383 1717 474 1756 Νέων
499 1714 652 1756 παλαιοί
679 1716 746 1752 iio-e
769 1709 915 1760 βελτίες
943 1708 1079 1762 τρέποι.
1358 1734 1360 1740 .
1384 1703 1536 1742 Sueton.
1568 1705 1693 1742 Tiber.
1724 1716 1800 1755 cap.
1821 1705 1886 1742 XI.
1920 1716 1960 1743 ut
1981 1708 2238 1756 permitteretur
2273 1709 2418 1758 revisere

1382 1754 1666 1792 neceffitudines.
1703 1755 1849 1793 Curtius
1886 1755 1966 1795 Lib.
1995 1758 2064 1796 IV.
2102 1769 2180 1806 cap.
2209 1761 2256 1797 X..
2288 1771 2324 1798 n.
2354 1770 2418 1808 23.

280 1819 315 1857 R
330 1831 344 1857 ¹
363 1832 386 1858 ‚r
399 1832 427 1860 Τ
439 1832 459 1858 E
473 1833 497 1858 R
513 1830 527 1857 S
541 1830 567 1856 H
580 1829 605 1855 U
620 1831 649 1854 s.
1382 1806 1544 1844 Crederes
1581 1805 1836 1844 Alexandrum
1870 1805 1960 1845 inter
2014 1809 2288 1847 neceffitudines
2323 1810 2419 1858 flere„

335 1882 368 1909 1.
394 1871 540 1922 Consilio
560 1864 763 1916 exstruere]
801 1865 858 1902 Ut
878 1874 944 1900 me
961 1859 1111 1899 consilio
1127 1858 1191 1897 suo
1212 1867 1320 1895 exor-
1380 1857 1477 1893 Mox
1498 1856 1565 1894 Ed.
1589 1858 1730 1895 Veron.
1740 1857 1858 1905 fllium
1876 1858 2031 1907 inprimis
2051 1887 2062 1903 ‚
2090 1860 2193 1909 quod
2212 1861 2325 1910 aptius
2344 1861 2420 1906 est,-

280 1930 396 1960 naret.
425 1923 484 1959 vel
506 1920 532 1958 fi
550 1922 715 1966 legemus
735 1917 914 1966 instrueret
936 1941 947 1958 ‚
984 1921 1024 1949 ut
1048 1913 1085 1949 in
1104 1908 1317 1960 quibusdam
1381 1918 1490 1956 quarn
1513 1908 1724 1956 vulgatum:
1751 1919 1792 1947 ey
1805 1908 1923 1956 filium
1944 1910 2114 1958 inprimis,

282 1973 546 2022 exemplaribus
568 1969 664 2008 vidi:
696 1976 784 2005 tunc
803 1964 1115 2013 interpretabimur
1136 1989 1146 2005 ‚
1183 1960 1319 1997 edoce·
1435 1969 1470 2007 3.
1491 1960 1716 2007 Suffellurum
1738 1958 1970 2007 indulgentiae
1980 1960 2096 2011 tuae]
2126 1961 2213 1998 Non
2238 1962 2421 2010 imparem⁴

283 2031 340 2061 ret
377 2023 534 2061 modurn
580 2022 618 2058 &
653 2021 815 2056 formam
845 2013 1065 2054 ordinandae
1102 2012 1325 2061 provinciae.
1382 2008 1547 2046 futurum
1568 2020 1609 2046 ac
1629 2009 1788 2057 dignitati
1806 2010 2009 2049 sustinendis
2031 2040 2042 2056 ,
2080 2023 2174 2060 quae
2204 2023 2268 2062 per
2300 2013 2413 2050 indul-

284 2074 319 2111 C
334 2087 356 2111 Α
370 2087 394 2112 τ
411 2086 481 2112 ΑΝ.
518 2073 719 2109 Catanaeus
739 2068 889 2116 explicat
912 2094 922 2110 ‚
950 2065 1079 2113 consilio
1090 2065 1153 2112 suo
1174 2074 1323 2099 exorna·
1383 2061 1542 2107 gentiam
1567 2068 1667 2097 tuam
1690 2061 1726 2096 in
1747 2071 1831 2097 eum
1858 2061 2047 2099 conferes:
2078 2062 2153 2099 five
2168 2090 2178 2105 ,
2207 2064 2359 2112 dignum
2382 2064 2423 2102 se·

285 2135 337 2162 ret
361 2152 371 2169 ,
409 2125 468 2163 vel
496 2124 642 2161 edoceret
673 2120 815 2157 modum
845 2121 1068 2166 formamque
1103 2113 1323 2151 exornandae
1386 2112 1620 2157 probaturum
1636 2110 1856 2158 indulgentia
1870 2112 2122 2150 tua.Planeita
2136 2113 2263 2151 Statius
2278 2114 2358 2152 Lib.
2370 2114 2421 2151 V.v

281 2175 478 2224 provinciae
500 2201 512 2218 ‚
546 2183 706 2222 quorum
737 2175 910 2208 neutrum
943 2165 1116 2203 convenit
1142 2175 1227 2200 cum
1251 2173 1325 2206 eo,
1356 2192 1358 2205 ὲ
1383 2160 1503 2198 Silvar.
1526 2161 1747 2210 Protreptico
1768 2161 1813 2198 ad
1840 2161 2065 2210 Crispinum:
2097 2164 2190 2200 Vade
2203 2175 2305 2213 preer,
2334 2175 2416 2203 tan-

234 2244 237 2249 ·
284 2226 388 2275 quod
406 2226 565 2274 sequitur
582 2222 677 2271 apud
699 2221 874 2259 Nostrum
889 2245 900 2262 ‚
928 2217 987 2254 otii
1005 2228 1047 2256 (9¹
1066 2214 1248 2264 sementis
1266 2226 1324 2249 ra·
1382 2212 1490 2262 risque
1510 2213 1630 2249 enixus
1640 2211 1756 2262 suffice
1773 2212 1880 2249 donis.
1905 2212 1967 2249 Bu
1984 2224 2007 2249 c
2020 2225 2043 2250 H
2058 2227 2078 2250 N
2098 2227 2119 2251 ε
2132 2226 2167 2252 R.
2205 2216 2315 2264 Supra
2337 2213 2420 2251 Lib.-

286 2276 434 2315 tionibus
448 2274 627 2327 postpofitis
644 2300 656 2317 ‚
694 2283 778 2309 cum
809 2267 999 2308 confilium
1029 2266 1112 2304 dare
1132 2276 1200 2303 nec
1220 2265 1324 2307 otio,
1387 2262 1454 2300 Vl.
1481 2262 1589 2311 Epist,
1609 2262 1750 2300 XXIII.
1776 2274 1811 2299 n.
1834 2275 1869 2309 4.
1895 2263 2042 2312 Spondeo
2061 2265 2288 2313 sollicitudini
2314 2275 2419 2307 tuae,

286 2338 359 2365 nec
381 2326 554 2365 senectuti
576 2329 762 2373 repugnet.
799 2322 926 2368 Quare
954 2318 1089 2355 censeo
1111 2344 1122 2360 ,
1161 2313 1325 2364 petiiffe,
1359 2338 1360 2341 =
1376 2313 1447 2362 spei
1471 2327 1584 2357 meae,
1614 2313 1851 2362 magnitudini
1868 2312 1997 2362 caussae
2015 2314 2258 2353 suffec‘turum.
2283 2316 2418 2360 Paneg‚.

287 2386 329 2416 ut
351 2390 437 2416 eum
455 2375 707 2427 sequereturin
723 2371 945 2422 provinciam
959 2368 1102 2416 ,ibique
1117 2368 1176 2416 jus
1195 2365 1328 2403 dicenti
1359 2368 1361 2381 ¹
1386 2375 1463 2412 cap.
1486 2365 1687 2402 LXXVII.
1721 2364 1820 2416 Qis
1849 2364 1933 2400 adeo
1955 2366 2110 2412 expetitis
2137 2365 2328 2404 honoribus
2348 2372 2414 2399 aut

287 2428 465 2467 adsideret
499 2439 542 2466 ac
575 2424 725 2463 consilio
756 2424 903 2473 juvaret
927 2420 1004 2457 suo.
1046 2419 1143 2456 Scri
1158 2428 1175 2454 r
1192 2429 1324 2454 Fran.
1387 2414 1552 2463 deseruit,
1580 2426 1644 2453 aut
1662 2413 1814 2452 sufficit?
1844 2416 1933 2462 Cap.
1955 2416 2110 2454 LXXX.
2147 2414 2306 2465 fungeris
2323 2412 2410 2451 enim

289 2479 358 2518 Ed.
394 2480 536 2517 Veron.
570 2476 725 2525 praefert
763 2472 893 2522 consilio
922 2471 1106 2516 exstrueret
1127 2496 1137 2511 ‚
1176 2467 1233 2505 sed
1250 2467 1323 2504 hoc
1387 2467 1498 2512 [vice
1520 2467 1624 2515 ejus]
1651 2465 1843 2516 sufficisque
1860 2467 2062 2504 mandanti.

290 2530 509 2573 barbarum;
552 2528 646 2565 &in
676 2524 831 2575 pluribus
851 2522 966 2561 verbis
985 2520 1071 2558 liber
1088 2520 1146 2557 ille
1169 2519 1322 2566 particu-
1436 2528 1471 2562 4.
1499 2522 1621 2554 Meum
1653 2517 1821 2565 gaudium
1845 2543 1856 2560 ,
1885 2516 2052 2561 Domine,
2082 2528 2187 2559 mea,
2222 2512 2317 2562 ενα]
2353 2511 2409 2551 Sic

290 2582 363 2621 lam
387 2582 423 2618 in
444 2585 481 2618 ὅ(
504 2594 544 2617 ex
573 2586 780 2627 permutare
803 2575 902 2613 solet.
954 2569 1127 2609 Schefferi
1150 2570 1324 2617 interpre-
1383 2567 1556 2605 Catanaei
1581 2567 1714 2605 Editio.
1742 2567 1841 2604 Nam
1862 2566 1947 2604 Aldi
1969 2568 2007 2604 δε
2028 2566 2176 2603 aliorum
2199 2576 2311 2601 meam
2326 2576 2410 2611 gra·

291 2633 469 2671 tationem
491 2630 608 2680 probo
628 2656 638 2673 ‚
676 2638 833 2674 eamque
852 2624 1017 2663 adserunt
1032 2621 1093 2659 ista
1115 2634 1123 2657 ι
1152 2629 1191 2655 ut
1213 2632 1265 2656 me
1285 2619 1323 2656 in
1350 2624 1353 2660 ξ
1383 2617 1587 2656 tulationem
1602 2617 1671 2666 filii
1691 2617 1813 2654 honore
1832 2618 2069 2654 continerent.
2095 2612 2194 2662 quod
2217 2614 2319 2650 nauci
2330 2625 2407 2651 non

282 2676 476 2731 Bithynia.
528 2681 588 2718 De
617 2677 846 2717 adsefforibus
876 2672 1080 2712 Praefidum
1111 2671 1147 2709 in
1175 2670 1324 2718 provin·
1384 2669 1445 2706 est.
1474 2667 1595 2707 Poffet
1616 2669 1732 2715 potius
1750 2668 1864 2710 ferri,
1904 2678 1979 2704 mea
1994 2664 2183 2714 gratulatio
2200 2661 2269 2709 filii
2288 2663 2410 2702 honore

292 2734 354 2772 ciis
376 2734 454 2771 alibi
468 2732 568 2770 latius
590 2740 740 2778 agemus
762 2739 806 2765 ex
822 2727 996 2765 instituto.
1381 2720 1585 2758 continetur.
1610 2719 1680 2757 Sed
1702 2715 1932 2766 primaleffio
1944 2716 1990 2753 est
2002 2715 2147 2762 optima.
2174 2713 2248 2750 Gu
2265 2727 2286 2749 υ
2305 2727 2410 2753 TER.

344 2797 380 2822 2.
410 2780 703 2832 Neceffitudines.]
732 2780 803 2817 Pro
822 2775 1019 2816 necessariis
1038 2771 1325 2821 alicujusfflsm-
1384 2770 1555 2808 Proxime
1571 2769 1615 2808 ad
1634 2769 1806 2807 Aldinam
1828 2766 1895 2803 Ed.
1925 2766 2061 2801 Veron.
2082 2776 2196 2819 meum
2213 2765 2384 2811 gaudium
2397 2792 2417 2809 ,,

295 2837 438 2877 νυμικῶς
452 2863 462 2880 ,
488 2843 526 2871 ut
548 2835 585 2871 ἃ
609 2831 768 2869 caritates
789 2828 917 2876 nostras
935 2826 1106 2867 dicimus,
1122 2825 1160 2860 ὅ(
1180 2821 1330 2869 affefflo-
1385 2822 1534 2859 Domine
1557 2848 1568 2864 ‚
1602 2831 1777 2868 meamque
1800 2814 2068 2866 gratulationem
2087 2813 2150 2871 filii
2168 2812 2288 2851 honore
2308 2817 2419 2854 conti«

299 2896 377 2928 nes,
407 2886 442 2921 ὅ(
464 2885 612 2933 affeo‘ius.
651 2880 861 2919 Callistratus
891 2879 955 2926 JC.
975 2878 1013 2914 in
1037 2876 1131 2923 Leg.
1148 2872 1327 2911 XXVIII.
1387 2884 1515 2910 nerent.
1553 2871 1754 2908 Catanaeus
1774 2894 1786 2911 ‚
1824 2865 1997 2920 Gruterus
2017 2892 2028 2909 ,
2058 2865 2095 2901 ὅ(
2120 2873 2213 2902 inter
2242 2866 2321 2903 alias
2342 2866 2412 2907 Ed.

299 2933 530 2980 Capitalium.
552 2937 589 2976 ᾗ.
612 2934 646 2971 8.
675 2931 826 2970 Omnia.
851 2931 902 2969 D.
921 2929 967 2967 de
988 2929 1117 2977 poenis
1141 2952 1152 2967 ‚
1181 2923 1336 2960 necessu*
1391 2923 1599 2960 Haclziana:
1627 2931 1702 2956 mea
1727 2913 1915 2966 gratulatio
1938 2914 2008 2961 filii
2031 2913 2152 2972 honore
2173 2915 2419 2972 continuetur,

298 2983 477 3021 tudinibus
501 2985 654 3032 opponit
690 2991 881 3021 extraneos
899 2994 908 3019 :
949 2981 987 3017 &
1013 2973 1327 3015 Necesfitudinum
1390 2972 1493 3021 quod
1511 2970 1706 3019 adprobare
1727 2975 1873 3013 nequeo
1887 2976 1902 3021 τ’
1923 2975 2009 3002 curn
2029 2976 2111 3014 quia
2123 2965 2316 3004 sententiae
2327 2980 2418 3007 nona

294 3035 406 3072 varias
416 3034 546 3082 species
558 3041 837 3071 commemorat.
867 3031 996 3070 Omnia
1019 3025 1327 3076 (inquitladmiffa
1388 3024 1464 3060 satis
1484 3019 1674 3069 respondet
1693 3045 1704 3062 ‚
1737 3025 1814 3054 tum
1842 3025 1926 3070 qula
1961 3015 2006 3052 ab
2043 3016 2155 3054 verbo
2176 3016 2412 3067 continerent,

290 3085 331 3125 in
339 3093 528 3136 patronum
544 3085 726 3135 patronive
740 3083 883 3131 filium,
905 3091 1065 3133 patrem,
1077 3075 1304 3128 propinquum
1319 3099 1332 3119 ,
1388 3071 1492 3122 quod
1515 3071 1590 3110 sine
1621 3067 1731 3107 dubio
1757 3077 1803 3106 ex
1838 3065 1943 3105 Libb.
1973 3065 2074 3109 Vett.
2110 3066 2419 3160 desumtumleffi

2339 3131 2409 3159 on»
