2616 3686
497 206 913 265 'LIBER
987 202 1881 262 x.E·1>rsT0LACX.
2196 219 2295 290 832

171 304 438 381 plerisque
456 286 867 370 proconsulibus
891 281 1200 370 concessam
1228 286 1304 340 eis
1330 295 1343 318 ¹
1361 288 1798 374 protopraxian,
1838 307 2063 365 eamque
2091 310 2193 367 pro
2218 298 2295 354 le-

171 397 241 455 ge
263 371 492 433 valuiffe.
568 362 836 424 Existimo
873 370 1072 417 tamen*>
1090 373 1182 416 tua
1218 359 1561 434 providentia
1594 360 2032 422 constituendum
2057 369 2288 442 aliquid,
2332 391 2367 442 ς

171 451 230 510 δὲ
249 446 623 507 sanciendum,
662 456 761 512 per
786 437 941 513 quod
967 435 1288 493 utilitatibus
1309 453 1504 494 eorum
1529 438 1583 491 in
1608 452 1930 511 perpetuum
1967 441 2285 504 consulatur.

168 541 292 584 narn
357 540 454 579 uae
484 521 607 577 sunt
633 516 699 571 ab
724 515 833 570 aliis
856 511 1117 576 instituta,
1155 510 1253 568 fint
1277 513 1402 569 licet
1428 511 1692 584 sapienter
1715 513 1952 580 indulta,
1993 515 2174 574 brevia
2207 531 2284 575 ta-

167 618 295 661 men
402 597 613 657 infirma
633 593 784 657 sunt,
826 595 845 620 ²
866 587 962 645 nifi
986 587 1082 643 illis
1106 600 1198 644 tua
1222 589 1492 661 contingit
1514 586 1817 646 auROritaS.

607 771 736 829 CX.
813 765 1367 836 TRAIANUS
1443 764 1845 825 PL1N10.

477 914 745 972 Rescribit
776 910 1074 986 sequendas
1104 910 1247 984 leges
1279 909 1700 985 uniuscujusque
1737 910 1981 967 civitatis.

322 1058 374 1115 U
383 1059 431 1114 O
455 1059 584 1134 jure
609 1057 690 1110 uti
710 1053 918 1113 debeant
947 1051 1200 1119 Bithynae
1221 1055 1236 1082 ³
1259 1049 1345 1105 vel
1375 1049 1616 1113 Ponticae
1636 1052 1875 1106 civitates
1895 1054 1947 1107 in
1968 1055 2031 1107 iis
2046 1059 2288 1128 pecuniis,

169 1062 303 1217 Q
328 1152 456 1210 quae
484 1151 546 1188 ex
576 1149 776 1206 quaque
798 1133 947 1201 causa
976 1126 1279 1202 reipublicae
1307 1123 1649 1190 debebantur,
1691 1145 1754 1180 ex
1788 1125 1889 1200 lege
1921 1130 2154 1203 cujusque
2179 1136 2293 1187 ani-

163 1208 590 1265 madvertendum
614 1207 695 1280 est.
730 1225 849 1261 nam
887 1214 907 1245 ⁴
929 1204 1036 1274 five
1075 1203 1259 1258 habent
1291 1201 1651 1275 privilegium,
1693 1220 1789 1275 qao
1810 1210 2016 1257 caeteris
2033 1205 2294 1261 creditori-

163 1284 258 1339 bus
276 1295 672 1360 anteponantur,
713 1281 1082 1354 custodiendum
1115 1278 1208 1352 est.-
1223 1276 1341 1349 five
1367 1294 1463 1332 non
1486 1277 1703 1343 habent,
1726 1284 1740 1352 ξ
1765 1281 1817 1332 z'n
1837 1281 2085 1354 injuriam
2106 1284 2292 1356 priva-

164 1369 337 1416 torum
357 1361 412 1415 id
440 1361 559 1415 dari
581 1376 612 1413 a
639 1374 716 1413 me
733 1375 830 1413 non
853 1355 1109 1433 oportebit.

220 1722 255 1753 t.
280 1711 573 1764 protopraxian]
598 1711 759 1750 Primam
788 1711 1001 1756 adrionem,
1045 1715 1087 1748 ut
1113 1716 1197 1748 ante

165 1765 253 1805 alios
273 1765 333 1815 jus
353 1764 528 1803 haberent
544 1762 711 1812 exigendi
730 1763 898 1811 pecunias
924 1773 946 1799 a
968 1760 1200 1800 debitoribus.

168 1825 257 1854 nam
295 1814 423 1853 Paulus
459 1815 520 1854 De
548 1813 738 1863 privilegiis
765 1813 1009 1858 creditorum,
1037 1811 1198 1862 Respubl.

167 1865 307 1915 inquit,
333 1866 496 1906 creditrix
523 1864 682 1904 omnibus
711 1861 997 1915 chirographariis
1025 1864 1198 1901 creditori·

167 1913 233 1958 bus
251 1917 455 1964 praefertur.
479 1917 646 1966 quamvis
669 1915 870 1954 Martianus
886 1914 931 1953 ad
958 1915 1195 1963 municipales

168 1965 318 2010 scribat,
335 1965 452 2017 simile
477 1967 692 2016 privilegium
722 1965 795 2017 fisco
827 1965 928 2005 nulla
950 1966 1072 2004 civitas
1092 1965 1197 2003 habet

168 2016 208 2054 in
226 2015 319 2054 bonis
339 2016 521 2064 debitoris,
547 2018 612 2066 nisi
631 2017 836 2056 nominatim
857 2019 895 2056 id
913 2029 937 2054 a
964 2017 1110 2067 principe
1133 2017 1202 2054 da·

168 2077 247 2105 tum
258 2066 320 2116 sit.
339 2071 611 2120 πςωτοπςαξίαν
632 2068 752 2107 Suidas
771 2069 1021 2117 interpretatur
1039 2070 1195 2116 primam

170 2118 426 2175 repetitionem
439 2121 632 2177 ,tprimam
651 2119 893 2159 exactionem.
921 2121 974 2177 io
989 2130 1009 2156 ε
1024 2130 1067 2156 Μ.
1112 2124 1200 2156 Pro-

168 2168 1201 2276 :taratra-³„paratgii&&232232325‘233532222

168 2282 246 2319 quis
256 2279 484 2331 anteponitur,
492 2272 741 2320 interpretatur
751 2278 860 2321 atque
869 2273 1032 2321 appellat.
1042 2270 1069 2308 B
1082 2283 1107 2309 U
1122 2283 1146 2309 c
1157 2284 1200 2309 ix-

170 2332 197 2356 N
211 2332 231 2357 Ε
244 2332 269 2358 a
284 2333 310 2357 υ
325 2335 355 2358 s.
380 2320 471 2359 Non
486 2321 746 2373 protopraxiam
759 2350 770 2368 ,
796 2332 836 2361 ut
855 2323 903 2361 est
921 2324 959 2362 in
980 2321 1194 2372 quibusdam

167 2367 286 2414 libris,
311 2370 372 2409 sed
402 2379 442 2409 ut
469 2374 508 2411 in
539 2372 744 2412 melioribus
763 2401 774 2418 ,
798 2373 1042 2424 protopraxian
1069 2371 1199 2411 rectius

167 2420 338 2461 scribitur.
388 2423 442 2460 Ita
471 2423 569 2462 enim
598 2424 686 2462 solet
714 2424 847 2462 Noster
876 2425 913 2463 in
934 2424 1081 2463 Graecis
1097 2425 1199 2462 voci-

169 2469 248 2510 bus.
273 2472 372 2510 Vide
394 2473 438 2512 ad
460 2474 542 2513 Lib.
570 2474 597 2512 I.
624 2473 734 2524 Epist.
759 2475 841 2513 XX.
866 2486 902 2521 4.
932 2485 991 2522 17.
1021 2473 1100 2512 Lib.
1130 2475 1199 2513 IV.

171 2521 283 2572 Epist.
310 2522 375 2562 ΙΙΙ.
402 2536 441 2562 n.
465 2536 501 2571 4.
528 2525 636 2574 Epist.
663 2527 725 2564 lX.
751 2523 1202 2574 n.4.Lib.VI.Epist.VI.

172 2574 400 2622 n.3.Lib.X.
426 2575 533 2624 Epist.
560 2575 684 2613 XLII.
710 2587 792 2614 n.2.
813 2577 851 2613 ὃ(
871 2577 993 2615 multis
1012 2575 1085 2615 aliis
1100 2577 1202 2616 locis.

224 2635 256 2662 2..
285 2625 400 2674 Nifi..
426 2627 637 2676 contingit]
665 2627 842 2665 Desumta
869 2628 918 2665 est
944 2626 1062 2665 nostra
1087 2626 1197 2665 lectio

175 2681 222 2727 ex
241 2674 342 2714 Voss.
364 2679 408 2714 ἃ
425 2676 484 2723 Jo.
510 2677 555 2715 de
577 2676 734 2715 Triclino
763 2677 956 2721 Editione‚
983 2678 1084 2724 cujus
1112 2677 1199 2715 loco

176 2731 215 2760 in
232 2726 396 2765 omnibus
409 2755 420 2772 ,
433 2735 526 2777 quot
547 2728 720 2771 vidimus,
742 2727 884 2777 reliquis
903 2729 1201 2777 contingat‚inui—

163 2777 221 2808 ·to
249 2773 384 2822 Plinio,
412 2780 470 2817 cui
499 2779 671 2817 familiare
701 2778 770 2821 est,
797 2779 862 2831 nisi
889 2790 974 2817 cum
1003 2777 1198 2818 indicativo

181 2823 408 2876 fonjungere.
436 2829 518 2868 Lib.
543 2829 591 2866 ΙΙ.
617 2828 723 2879 Epist.
754 2829 799 2868 X.
826 2841 862 2867 n.
890 2840 924 2877 3.
959 2829 1020 2867 nisi
1056 2830 1200 2868 retrahis

185 2883 222 2907 ¹²³
242 2883 362 2924 corpus.
386 2879 445 2918 ubi
465 2880 529 2919 alia
546 2880 660 2918 adlata
680 2880 839 2919 fuerunt.
865 2879 974 2929 Epist.
1001 2879 1084 2918 XII.
1110 2891 1145 2917 n.
1165 2880 1202 2917 6.
1237 2885 1239 2894 '

186 2921 251 2958 nist
268 2926 348 2972 quid
367 2927 595 2977 impedimenti
613 2932 649 2968 in
670 2931 733 2968 via
754 2928 867 2980 passus
879 2931 938 2969 est.
959 2930 1066 2979 Epist.
1079 2930 1202 2968 XVII.

1958 1539 2110 1599 CXI.
2148 1543 2293 1617 P1.1-j

1320 1717 1355 1757 3.
1380 1705 1453 1745 Vel
1474 1705 1634 1745 Ponticae
1650 1705 1809 1747 civitates
1825 1706 1862 1746 in
1881 1706 1920 1747 iis
1935 1709 2111 1760 pecuniis]
2137 1708 2191 1749 Ita
2212 1722 2298 1751 om-

1266 1768 1331 1796 nes
1350 1756 1448 1803 libri,
1474 1765 1630 1807 excepto
1654 1758 1832 1808 Gryphii,
1869 1758 1953 1809 qui:
1982 1767 2043 1798 aut
2075 1763 2234 1801 Ponticae
2251 1765 2297 1800 ci-

1265 1809 1397 1847 vitates
1416 1807 1454 1845 in
1468 1809 1650 1858 pecunias,
1678 1810 1717 1847 &
1736 1812 1887 1857 Juntae:
1910 1810 1968 1847 vel
1991 1812 2150 1851 Ponticae
2170 1814 2298 1854 civita·

1264 1870 1314 1899 tes
1343 1860 1380 1897 in
1409 1859 1462 1896 his
1484 1860 1646 1909 pecuniis.
1671 1859 1725 1897 his
1755 1872 1861 1902 more
1889 1864 2043 1913 antiquo
2068 1875 2135 1912 pro
2162 1864 2229 1910 iis,
2255 1872 2297 1904 ut

1263 1910 1400 1960 saepius
1418 1909 1491 1948 hoc
1509 1911 1734 1949 monuimus.

1316 1973 1353 2009 4.
1379 1961 1462 1999 Sive
1484 1960 1676 2000 habent...
1706 1961 1779 2001 five
1804 1975 1871 2001 non
1894 1962 2060 2016 haben]
2090 1964 2302 2005 Revocavi-

1267 2024 1350 2053 mus
1376 2013 1562 2062 antiquam
1593 2012 1816 2059 lectionem,
1854 2025 1965 2064 quam
1999 2014 2148 2064 praestat
2190 2015 2297 2055 Voff.

1266 2064 1350 2104 MS.
1376 2064 1416 2101 &
1434 2070 1538 2101 vetus
1554 2061 1624 2102 Ed.
1642 2064 1836 2111 Juniorum
1858 2065 1915 2104 alii
1924 2079 1937 2110 3
1960 2066 2038 2118 five
2057 2066 2198 2105 habent.
2213 2094 2243 2106 ..
2270 2068 2298 2108 fi

1267 2126 1359 2156 vero
1380 2127 1448 2152 non
1471 2113 1623 2158 bahem
1652 2116 1734 2160 alii,
1760 2117 1853 2154 inter
1870 2127 1963 2166 quos
1984 2117 2035 2155 est
2066 2117 2237 2169 Cellagius
2256 2119 2296 2157 ὃ(

1268 2166 1479 2206 Hackianae
1512 2165 1661 2204 Editor:
1681 2166 1718 2215 fi
1741 2166 1931 2206 habent...
1955 2168 1982 2207 fi
2012 2179 2102 2206 vero
2135 2179 2202 2206 non
2229 2167 2299 2217 bag

1267 2219 1360 2259 bent.
1386 2217 1570 2255 Neutrum
1590 2229 1731 2256 verum.

1320 2284 1356 2320 ς.
1383 2273 1425 2305 In
1444 2268 1613 2317 injuriam
1626 2268 1883 2318 privatorum]
1911 2269 1973 2307 Ne
2000 2269 2168 2319 injuriam
2199 2268 2298 2309 face-

1264 2333 1348 2359 rem
1371 2319 1513 2367 privatis
1529 2318 1783 2364 creditoribus,
1809 2319 1898 2358 dum
1926 2331 1988 2357 eos
2017 2319 2229 2368 posteriores
2245 2321 2300 2359 fa-

1272 2372 1330 2410 cio
1350 2369 1456 2408 rebus
1483 2370 1628 2418 publicis
1658 2371 1696 2408 in
1726 2369 1910 2418 exigendis
1940 2369 2076 2409 debitis.
2101 2371 2133 2406 C
2148 2382 2297 2410 ATAN.

1270 2419 1491 2468 Praepofitio
1512 2420 1549 2457 in
1568 2420 1700 2458 excidit
1718 2419 1755 2457 in
1788 2419 1891 2458 Voff.
1914 2428 1955 2458 ut
1984 2421 2023 2458 ὃς
2053 2419 2147 2459 Edd.
2173 2421 2300 2469 princi-

1269 2485 1340 2523 pe,
1368 2470 1531 2515 Animis,
1562 2471 1817 2517 Schureriana‚
1835 2482 1912 2521 quo
1936 2470 2053 2510 modo
2074 2471 2181 2510 etiam
2204 2483 2300 2509 mar-

1271 2525 1370 2574 gines
1388 2521 1588 2559 Casauboni
1614 2523 1652 2559 &
1674 2521 1810 2560 Minois
1842 2521 2022 2561 exhibent.
2072 2523 2176 2560 Nulla
2199 2522 2237 2560 in
2256 2533 2296 2561 re

1271 2578 1349 2614 fere
1369 2573 1591 2622 frequentius
1609 2571 1799 2611 offendere
1812 2572 1939 2612 librarii
1956 2584 2067 2623 quam
2090 2573 2149 2610 ubi
2167 2572 2297 2611 eadem

1270 2624 1399 2677 syllaba
1416 2624 1578 2673 disposita
1595 2623 1725 2668 fuerit,
1750 2631 1791 2662 ut
1811 2625 1869 2662 vel
1897 2632 2121 2672 repeterent,
2148 2623 2298 2671 quando

1273 2690 1352 2717 non
1382 2682 1456 2713 erat
1485 2673 1751 2725 repetendum,
1787 2674 2103 2724 quemadmodum
2136 2680 2224 2711 nota
2250 2674 2296 2712 ad

1274 2728 1383 2777 Epist.
1411 2726 1531 2764 LXV.
1557 2737 1594 2763 n.
1619 2737 1653 2763 2.
1680 2726 1891 2771 exemplum
1920 2725 2035 2768 dabit;
2064 2723 2122 2761 vel
2152 2724 2302 2763 omitte-

1274 2786 1376 2823 rent,
1403 2787 1489 2814 cum
1522 2774 1641 2813 adeffe
1669 2774 1843 2820 debebat,
1879 2782 1919 2813 ut
1944 2775 1980 2812 h.
2004 2775 2026 2813 l.
2055 2776 2144 2812 Non
2171 2774 2299 2813 desunt
2327 2787 2332 2792 ·

1276 2826 1456 2878 ejusmodi
1476 2854 1486 2871 ,
1532 2825 1616 2863 vide
1657 2832 1783 2863 tamen
1805 2853 1817 2870 ,
1859 2836 1953 2874 quae
1983 2825 2227 2875 congessimus
2253 2825 2299 2864 ad

1277 2880 1376 2919 Suet.
1403 2877 1527 2915 Tiber.
1553 2887 1628 2923 cap.
1654 2877 1700 2914 Π.
1726 2886 1766 2913 ut
1792 2876 1845 2913 ita
1874 2876 2013 2914 demum
2040 2878 2076 2914 se
2090 2877 2302 2926 sequeretur.

1278 2931 1338 2968 ubi
1363 2939 1480 2977 aeque
1509 2937 1584 2963 vox
1607 2927 1803 2976 sequeretur
1831 2927 1879 2972 τῷ
1904 2926 1964 2976 se,
1991 2925 2092 2977 quod
2109 2927 2301 2966 antecede-

187 2982 224 3008 n.
250 2983 306 3019 29·
333 2989 428 3025 quem
446 2992 485 3019 tu
499 3008 510 3026 ,
535 2983 637 3020 nimis
655 2982 811 3019 urbanus
828 2980 956 3026 es‚nifi
976 2980 1207 3030 concupiscis.
1277 2981 1361 3025 bat,
1386 2977 1500 3016 fraudi
1520 2977 1609 3021 fuit,
1637 2977 1738 3027 quod
1755 2977 1863 3027 aliqui
1879 2978 2115 3026 omitterent,
2137 2977 2198 3018 sed
2219 2989 2301 3027 per-

189 3022 228 3059 &
249 3023 337 3061 alibi.
364 3027 586 3073 Casaubonus
609 3034 647 3073 δε
671 3033 798 3073 Minos
813 3031 988 3073 mendose
1011 3032 1205 3082 conjungat.

191 3071 225 3110 L
237 3084 260 3111 0
275 3085 327 3112 NG
341 3087 365 3111 o
378 3087 398 3112 1.
410 3089 425 3116 1
436 3091 459 3116 υ
472 3091 500 3121 s.

1280 3041 1417 3083 peram.
1443 3029 1766 3070 Louootius.

1693 3131 1914 3181 Nnnnna
2148 3141 2183 3171 1.
2206 3128 2305 3168 Ecdi-
