2616 3686
243 289 276 332 9

320 213 412 252 ιω
559 191 619 241 c,
685 171 1643 242 PL1N11'CAEcrL1i
1715 180 2235 237 sEcuNor

323 262 336 283 ¹
374 266 582 340 lingulis
618 263 912 321 aetionibus
949 263 1261 321 subiremus,
1335 263 1708 330 Verebamur,
1745 265 1762 285 ²
1784 283 1853 341 ne
1881 283 1980 335 nos
2005 268 2151 332 dies,
2188 288 2258 324 ne
2285 289 2396 330 vox
2412 299 2451 340 ,-

326 359 396 399 ne
420 345 578 395 latera
602 335 927 393 deficerent:
970 339 1004 390 ii
1033 352 1113 393 tot
1141 338 1394 405 crimina,
1438 349 1519 393 tot
1547 355 1667 393 reos
1692 354 1804 392 uno
1835 338 1980 395 velut
2019 340 2156 397 fasce
2193 347 2437 415 comple-

327 413 610 479 ereremur.
688 409 903 466 Deinde
927 426 994 465 ne
1030 410 1268 478 iudicum
1304 412 1531 468 intentio
1571 409 1748 465 multis
1789 412 2094 468 nominibus
2151 419 2439 489 multiique

329 488 492 541 cau-iis
520 501 628 542 non
657 484 922 541 latiare-tur
950 488 1147 549 motin,
1188 501 1376 541 verum
1413 485 1573 540 etiam
1613 481 2060 538 confunderetur.
2133 485 2148 512 ³
2185 486 2324 546 Mox
2370 510 2439 549 ne

330 558 495 629 gratia
529 557 852 628 ungulorum
883 557 1103 618 collata,
1139 570 1301 626 atque
1330 556 1606 630 permista,
1644 572 1745 628 pro
1782 553 1993 622 singulis
2035 573 2256 628 quoque
2294 564 2438 621 vires

260 683 265 687 .
327 631 570 687 omnium
597 631 889 699 acciperet:
933 633 1235 697 poitremO,
1274 646 1341 687 ne
1367 629 1712 700 potentiilimi
1734 666 1751 692 ,
1777 615 2272 701 vili‘iiirno-quoque
2296 635 2440 715 quafi

215 727 272 761 10

215 868 268 903 11

328 705 347 731 ⁴
383 703 633 776 piaculari
668 714 796 754 dato
830 738 845 762 ‚
896 701 1075 754 alienis
1116 700 1303 770 poenis
1353 701 1707 758 elaberentur.
1791 702 2013 758 Etenim
2060 716 2177 756 tum
2212 718 2443 765 maxime

329 775 509 838 favor,
547 777 600 826 dc
632 774 644 799 ⁵
672 773 894 829 ambitio
919 770 1257 836 dominatur,
1296 789 1423 828 cum
1447 772 1540 827 sub
1565 777 1735 845 aliqua
1763 773 1938 844 specie
1981 774 2270 828 severitatis
2310 776 2448 834 deii-

328 849 528 903 teseere
559 846 749 916 potest.
823 857 842 881 ⁶
866 841 994 898 Erat
1022 846 1077 898 in
1101 845 1321 899 consilio
1346 844 1361 870 ⁷
1400 845 1770 902 Sertorianum
1810 846 1940 900 illud
1976 850 2309 918 exemplum,
2350 853 2446 921 qui

323 918 741 979 robuiliilinium
768 907 784 932 ⁸
812 915 867 969 δε
887 917 1308 973 intirmiilimum
1336 917 1560 972 militem
1582 916 1761 986 ⁹juffit
1788 917 2015 973 caudam
2048 921 2202 991 equi:
2242 923 2446 995 reliqua

324 995 480 1049 nolti.
556 996 694 1046 Nam
718 1005 816 1045 nos
854 1006 1076 1062 quoque
1108 1003 1216 1044 tam
1239 990 1584 1047 nurneroium
1621 1005 1817 1060 agmen
1854 1006 2073 1046 reorum
2111 993 2185 1047 ita
2219 991 2443 1053 demum

2286 1067 2442 1124 vide·
2515 1127 2519 1132 ,

370 1179 387 1211 ¹
418 1166 571 1217 singulis
592 1163 791 1202 unionibus.
812 1165 828 1215 ]
861 1167 959 1203 Nam
983 1165 1102 1214 plures
1122 1166 1287 1204 actiones
1309 1168 1347 1205 in
1411 1163 1571 1202 niversos
1593 1175 1636 1202 ac
1655 1164 1806 1212 junctos
1821 1192 1831 1209 ,
1858 1161 2015 1200 arduum
2039 1161 2122 1201 effs.
2159 1165 2234 1203 Res
2257 1175 2344 1206 nota
2368 1169 2446 1216 est,

317 1229 392 1257 una
415 1218 514 1257 causa
535 1218 780 1260 habebantur,
810 1216 914 1265 quod
936 1217 1095 1255 vidimus
1120 1216 1259 1255 factum
1284 1217 1346 1255 ad·
1415 1226 1527 1265 quam
1551 1223 1692 1263 praeter
1714 1215 1948 1253 Plutarchum
1972 1213 2055 1250 Val.
2085 1214 2241 1253 Maxim.
2261 1217 2446 1260 Lib.V11.

320 1271 442 1309 versus
464 1269 635 1310 l’rii'cum.
666 1267 863 1304 Carnu.
1416 1276 1493 1316 cap.
1524 1265 1594 1303 Ill.
1628 1267 1791 1316 exponit.
1832 1265 2041 1302 Buca-um.
2077 1269 2171 1301 brat
2203 1267 2242 1303 in
2265 1268 2442 1319 confina]

368 1333 389 1358 2
420 1328 472 1358 M
495 1331 563 1357 nos
586 1320 714 1357 dies...
738 1317 933 1368 deficeret]
962 1317 1131 1367 Bongars.
1153 1319 1191 1356 &
1214 1318 1344 1357 Oxon.
1415 1315 1531 1353 Haud
1563 1317 1636 1354 scio
1661 1345 1672 1361 ,
1709 1328 1756 1353 an
1789 1316 1882 1354 bene
1916 1322 2050 1362 ceperit
2072 1314 2286 1356 Buchnerus.
2342 1320 2443 1361 Nihil

319 1381 361 1408 ne
383 1372 488 1410 nobis
510 1371 637 1408 dies...
659 1368 835 1415 deficeret,
863 1379 1061 1418 utrumque
1086 1368 1263 1409 Latinum
1278 1382 1346 1419 pu-
1415 1369 1514 1404 enim
1538 1367 1634 1406 aliud
1657 1367 1743 1406 dicit
1763 1367 1899 1405 Plinius
1913 1393 1924 1410 ,
1947 1375 2058 1415 quarn
2073 1393 2084 1409 ,
2098 1367 2263 1404 veniebat
2285 1369 2324 1405 in
2347 1383 2446 1409 men-

317 1429 419 1465 tant‚
449 1431 488 1459 ut
512 1422 622 1458 etiam
648 1420 824 1468 exemplis
847 1420 1002 1458 ostendit
1025 1419 1153 1458 Ceilar.
1185 1419 1231 1459 ad
1266 1421 1344 1459 Cic.

319 1471 385 1512 1V.
411 1471 511 1510 fam.
532 1470 640 1520 Epist.
665 1469 770 1508 Xlll.
794 1482 827 1507 n.
854 1482 885 1519 3.

369 1536 386 1573 3
420 1530 508 1560 Mox
532 1536 573 1560 ne
591 1520 759 1571 gratias]
789 1521 888 1562 Inter
912 1531 992 1559 reos
1007 1549 1018 1566 ,
1041 1523 1104 1571 qui
1130 1520 1345 1570 deferendi,

315 1585 393 1612 non
418 1575 522 1624 pauci
544 1582 644 1611 erant
668 1600 681 1615 ,
707 1572 770 1621 qui
791 1571 889 1621 apud
910 1572 1054 1618 Juiices
1078 1574 1242 1612 valerent
1264 1571 1362 1623 gra-'

315 1627 375 1663 tia.
426 1626 543 1663 Veriti
566 1626 672 1673 igitur
696 1623 829 1661 l‘linius
854 1623 1052 1672 Albiusqiie
1076 1623 1225 1662 fuerunt
1244 1652 1258 1669 ,
1296 1637 1345 1665 ne

1414 1429 1485 1456 tem
1501 1446 1512 1464 ,
1538 1427 1600 1456 aut
1623 1418 1875 1468 cogitabamus.
1916 1416 1972 1452 Ut
1995 1414 2121 1453 habere
2143 1420 2182 1454 in
2203 1418 2336 1468 consilio
2351 1449 2363 1467 ,
2392 1422 2439 1463 de

1415 1480 1493 1519 quo
1516 1471 1554 1508 in
1573 1470 1735 1509 Diatri'ea
1758 1469 1805 1505 acl
1827 1468 1940 1506 Silvas
1964 1467 2072 1505 Statii.
2101 1467 2290 1506 Gnouov.

1469 1531 1487 1566 7
1530 1521 1772 1557 Sertorianum
1806 1518 1909 1557 illud.
1934 1516 1947 1523 “
1998 1516 2099 1555 Vide
2130 1518 2190 1556 hic
2221 1518 2304 1557 Val.
2337 1521 2441 1561 Max.

1413 1569 1595 1609 Plutarch.
1619 1572 1706 1610 Sert.
1730 1581 1763 1618 p.
1785 1569 1867 1618 576.
1889 1527 1957 1615 Jui.
1979 1566 2198 1606 Frontinum
2224 1571 2260 1607 in
2280 1570 2345 1608 suo
2357 1572 2441 1610 stra-

1413 1623 1636 1671 tagematico
1670 1619 1752 1657 Lib.
1780 1619 1808 1656 Ι.
1842 1630 1871 1658 c.
1902 1618 1950 1655 X.
1973 1618 2010 1656 &
2033 1618 2074 1656 al.
2099 1619 2276 1657 Horatius
2296 1621 2443 1662 brevius

316 1678 422 1714 unius
445 1684 554 1725 atque
575 1674 718 1713 aterius
741 1676 852 1722 gratia
872 1673 1055 1723 prodet-set
1069 1675 1241 1721 caeteris,
1268 1677 1344 1716 eol·
1374 1681 1378 1709 ι
1410 1672 1506 1711 hanc
1528 1671 1712 1710 historiam
1736 1670 1798 1709 illo
1820 1676 1943 1708 metro
1975 1669 2092 1719 tetigit
2127 1669 2210 1706 Lib.
2242 1669 2288 1707 ΙΙ.
2317 1670 2385 1721 Ep.
2414 1672 2445 1711 1.

315 1726 388 1765 lata
412 1727 511 1776 quati
533 1737 574 1762 ac
593 1727 672 1774 jam
696 1727 906 1763 communis
930 1723 1047 1763 faeta:
1078 1727 1117 1763 ὅ(
1137 1727 1186 1764 ita
1211 1739 1343 1767 omnes

318 1777 602 1816 absolverentur.
632 1777 841 1814 Euenum.

365 1841 389 1877 4
420 1825 637 1876 piaculari]
668 1827 870 1876 Tanquam
884 1825 928 1863 ad
941 1828 1246 1875 expurgationem
1262 1840 1343 1867 cae-

315 1886 480 1917 terorum
513 1889 673 1917 reorum.
729 1876 929 1914 piacularia
963 1876 1116 1925 auspicia
1150 1878 1343 1919 arbitraba-

315 1939 374 1967 tur
397 1932 591 1979 antiquitas
605 1957 616 1974 ,
643 1940 737 1978 quae
760 1926 1032 1965 sacrificantibus
1054 1927 1160 1965 tristia
1196 1921 1378 2046 portem]

316 1980 472 2025 debant,
503 1983 541 2019 &
566 1981 709 2018 Servius
727 1977 904 2030 piaculum
933 1978 1008 2015 duo
1036 1977 1232 2026 significare
1268 1983 1343 2020 cre—

316 2031 428 2077 didit,
456 2032 713 2080 purgationem
740 2029 1158 2068 &contaminationem
1188 2030 1344 2072 Cri-rm.
1373 2050 1376 2056 ·

369 2097 387 2130 ς
420 2082 581 2119 Ambitio
606 2083 838 2124 dominatur,
865 2078 968 2128 Ua]
1002 2079 1043 2116 Id
1057 2079 1129 2124 est,
1158 2083 1272 2119 exerit
1286 2083 1343 2129 se,
1373 2093 1378 2130 ἰ,

318 2133 357 2170 &
381 2132 441 2171 sibi
465 2134 627 2180 induiget
650 2132 853 2181 efficaxque
882 2130 931 2168 est
946 2160 956 2176 ‚
984 2141 1069 2168 cum
1093 2132 1156 2168 sub
1179 2131 1345 2171 severita-

316 2186 359 2221 tis
392 2185 508 2234 specie
540 2185 649 2221 latere
677 2183 710 2220 se
744 2179 844 2232 poli'e
869 2208 879 2226 ,
919 2183 956 2220 ὅ(
986 2179 1033 2217 sic
1056 2182 1249 2231 imponere
1272 2184 1345 2223 aliis

1415 1723 1564 1761 caudae
1604 1723 1702 1773 ficas
1751 1721 1844 1772 quod
1889 1718 2034 1772 equinas
2090 1720 2279 1758 Paulatim
2338 1721 2444 1762 vello.

1415 1773 1887 1861 CgTEAtNinfii·miffirnum
1919 1820 2109 1870 militem]
2161 1821 2360 1861 Lindenbr.
2403 1825 2443 1864 &

1409 1872 1614 1912 Helmstad.
1637 1887 1679 1914 w
1708 1873 1953 1913 firmissimum
1977 1872 2128 1911 militem
2151 1900 2162 1916 ,
2203 1874 2306 1922 quod
2329 1885 2442 1912 voca-

1409 1925 1535 1964 bulum
1568 1935 1635 1974 pro
1668 1925 1814 1963 valente
1841 1927 1879 1964 ὅ(
1913 1923 2061 1962 robusto
2095 1921 2197 1961 haud
2229 1922 2442 1973 infrequens

1411 1974 1460 2013 est
1481 2004 1492 2021 ,
1530 1984 1570 2013 ut
1606 1975 1764 2014 diximus
1797 1975 1842 2014 ad
1877 1975 1961 2013 Lib.
1995 1973 2024 2012 1.
2055 1972 2165 2022 Epst.
2207 1973 2292 2010 XII.
2320 1987 2355 2011 n.
2387 1988 2442 2015 12.

1412 2031 1481 2076 Ego
1515 2037 1639 2064 tamen
1674 2037 1865 2075 tamquam
1898 2036 1943 2064 ω·
1974 2024 2111 2063 iuvenis
2133 2051 2144 2068 ,
2183 2034 2228 2063 <7¹
2251 2023 2441 2066 firmissimi

1412 2087 1524 2113 morte
1547 2077 1653 2115 doleo.
1694 2077 1840 2113 Laniat
1862 2077 1973 2113 et'am
1997 2072 2122 2111 Heins.
2145 2073 2192 2110 ad
2215 2075 2328 2113 Ovid.
2351 2075 2442 2116 VII.

1412 2127 1571 2165 Metam.
1592 2139 1644 2165 vs.
1666 2139 1749 2177 457.
1768 2125 2005 2175 firmiffimum
2028 2122 2178 2162 militem
2201 2125 2275 2163 hoc
2295 2125 2380 2164 loco
2395 2140 2441 2166 ex

1414 2178 1556 2217 Codice
1581 2207 1592 2223 ,
1629 2179 1694 2229 qui
1715 2186 1842 2216 tamen
1866 2176 2057 2213 Mediceus
2080 2187 2155 2212 non
2191 2175 2239 2213 est
2265 2204 2275 2221 ,
2310 2185 2444 2226 utpote

315 2234 442 2288 sperat.
498 2235 598 2273 Nam
621 2234 760 2281 se3nius
783 2244 889 2280 agere
913 2232 1074 2282 improbi
1096 2232 1212 2271 solent
1236 2262 1247 2278 ,
1281 2238 1344 2284 qui
1376 2249 1377 2257 κ
1412 2229 1475 2278 qui
1508 2229 1576 2266 hac
1609 2239 1708 2279 parte
1734 2227 1943 2266 destituitur.
2003 2226 2097 2263 Mihi
2124 2228 2231 2264 etiam
2260 2228 2441 2275 p'aceret,

316 2286 428 2334 culpis
462 2286 529 2323 suis
564 2292 770 2334 praetextus
801 2285 839 2322 ὅ(
864 2283 1016 2322 latebras
1038 2294 1115 2320 non
1139 2285 1345 2334 circumspi-
1373 2269 1378 2320 i

1411 2278 1475 2316 mii
1499 2279 1643 2318 historia
1667 2280 1712 2319 de
1722 2279 1816 2326 sorti
1839 2280 1876 2317 ὃ(
1900 2276 2042 2326 infirmo
2066 2277 2180 2314 milite
2192 2276 2296 2315 rimu]
2311 2281 2442 2328 loquer

317 2337 426 2374 ciunt.
481 2335 645 2373 Ambitio
670 2364 679 2380 ,
722 2335 832 2383 gratia
864 2334 913 2371 est
938 2348 945 2371 :
986 2334 1045 2370 vel
1076 2333 1232 2371 studium
1259 2347 1345 2375 cum
1373 2331 1376 2373 ἶ
1411 2337 1519 2368 retur.
1577 2330 1842 2380 Quamobrem
1865 2329 2054 2379 vulgatam
2074 2327 2276 2366 lectionem
2298 2337 2437 2368 mutare

317 2387 552 2436 aucupandac
586 2395 666 2424 tum
698 2384 858 2423 tuendae
890 2385 1034 2433 gratiae.
1073 2384 1100 2425 B
1115 2397 1138 2420 u
1154 2395 1176 2420 c
1191 2397 1215 2422 H
1230 2397 1254 2421 Ν
1271 2399 1292 2424 12.
1307 2400 1342 2424 a.

315 2438 564 2476 „ambitionem
590 2465 600 2481 ,
628 2448 694 2485 pro
715 2435 833 2475 studio
855 2433 1063 2484 aucupandi
1089 2434 1249 2479 favoris,
1277 2437 1343 2474 ha„

314 2488 376 2527 bes
389 2489 485 2537 apud
499 2487 630 2526 Sallust.
658 2487 733 2535 [ug.
759 2497 836 2536 cap.
860 2485 982 2522 XLV.
1006 2497 1040 2522 11.
1057 2499 1086 2523 1.
1115 2491 1342 2525 Tantamn-

313 2540 475 2587 perantia
498 2540 590 2578 inter
619 2538 863 2576 ambitionem
911 2536 1154 2586 aevitiamque
1179 2537 1342 2575 modera-

315 2601 394 2628 tum
414 2617 423 2633 ,
452 2592 509 2627 ub.
535 2599 572 2627 ut
599 2591 637 2627 &
664 2589 708 2625 ad
732 2598 809 2635 cap.
833 2588 883 2624 L.
908 2586 1049 2624 XXVI.
1071 2599 1105 2624 n.
1130 2599 1162 2637 3.
1187 2599 1264 2624 non
1287 2590 1342 2625 ni-

312 2640 363 2680 hil
386 2641 554 2678 diximus.
610 2640 666 2677 Sic
691 2640 727 2676 6<
747 2637 837 2675 iiii'ra
862 2638 942 2675 Lib.
963 2637 1012 2673 V.
1036 2637 1143 2687 Epist.
1167 2637 1273 2677 XIV.
1306 2651 1341 2677 n.

315 2691 346 2729 6.
400 2690 621 2740 exprobrare
642 2690 736 2729 enim
760 2689 907 2736 censenti
929 2687 1172 2728 ambitionem
1194 2689 1343 2727 videba-

315 2751 386 2777 tur.
439 2741 537 2779 Mox
560 2749 732 2790 corrupte
755 2738 956 2778 Heinistad.
986 2739 1054 2788 sub
1086 2738 1211 2790 aliqua
1234 2740 1342 2790 specie

308 2789 511 2835 servitutis.

367 2844 387 2870 (›
420 2845 506 2877 Erae
531 2842 567 2876 in
591 2840 766 2891 consilia]
799 2839 1005 2889 Significat,
1031 2841 1071 2879 in
1092 2852 1139 2880 eo
1164 2839 1341 2887 consilio,

318 2887 420 2974 {lund
469 2890 511 2927 de
550 2893 688 2937 agenda
727 2892 958 2929 Baeticorum
999 2891 1100 2930 causa
1137 2891 1341 2930 habuerant

354 2946 452 2989 nnus
487 2939 686 2986 A'biusque
711 2967 721 2981 ,
763 2946 798 2978 tx
834 2953 910 2984 quo
933 2943 1115 2989 placuerat
1137 2941 1341 2982 actionibus

322 2984 463 3033 singuliis
487 2997 566 3023 reos
586 2988 728 3034 agge-di
746 3016 755 3031 ‚
784 2991 818 3025 se
841 2991 1026 3036 respexisse
1051 2992 1200 3030 Sertorii
1213 3004 1340 3031 exem-

316 3035 419 3124 ¹plum
435 3063 445 3078 ,
474 3047 550 3083 quo
575 3036 633 3072 sub
658 3048 815 3081 <magne
837 3038 992 3084 quadam
1019 3039 1170 3079 ostendit
1191 3070 1201 3085 ,
1247 3043 1340 3082 divi-

337 3094 378 3124 οε
398 3082 611 3137 &,1ingulos
634 3095 779 3125 vmcerc
803 3112 815 3130 .
843 3087 881 3126 in
903 3095 1029 3135 aperto
1053 3099 1092 3128 ac
1114 3101 1232 3140 prono
1254 3107 1268 3138 ς
1297 3102 1340 3131 u·

1371 2385 1375 2407 ¹
1412 2381 1525 2419 nolui.

1463 2444 1487 2480 9
1516 2430 1628 2479 Juffit
1650 2432 1729 2481 equi
1752 2430 1906 2468 caudam
1923 2459 1931 2472 ,
1960 2428 2094 2481 reliqua
2118 2428 2241 2480 nostrl]
2275 2429 2433 2466 Abrum-

1412 2482 1465 2532 pit
1496 2482 1693 2520 institutam
1729 2482 1975 2520 narrationem
2003 2509 2013 2525 ‚
2051 2479 2153 2530 quod
2180 2482 2218 2518 in
2246 2476 2430 2515 notiffimis

1413 2533 1517 2571 rebus
1543 2535 1709 2572 lubenter
1728 2533 1889 2571 solebant
1913 2531 2032 2569 facere
2055 2539 2195 2568 veteres
2216 2555 2227 2571 .
2263 2538 2309 2562 ne
2329 2524 2430 2562 mole

1411 2583 1509 2621 inani
1541 2592 1732 2632 gravarent
1762 2584 1969 2621 orationem
1994 2609 2005 2625 ‚
2035 2582 2072 2619 δι
2094 2581 2350 2629 supervacanea
2374 2584 2430 2611 re-

1411 2634 1548 2673 latione
1578 2634 1719 2672 molesti
1756 2633 1879 2673 essent.
1933 2631 1981 2670 Et
2018 2629 2065 2667 cst
2101 2623 2268 2680 profi-{510
2303 2634 2426 2671 mepta

1411 2687 1564 2723 ambitio
1588 2714 1600 2730 ,
1644 2686 1824 2724 inculcare
1857 2695 1933 2722 non
1965 2680 2040 2718 fine
2069 2675 2258 2727 m‘Ollmffie
2281 2700 2292 2716 ‚
2330 2684 2426 2722 quae

1408 2747 1524 2774 nemo
1557 2738 1709 2785 ignorat.
1764 2732 1937 2776 Notanda
1985 2735 2104 2765 autem
2125 2774 2131 2779 .
2155 2723 2314 2782 tormula
2339 2724 2425 2779 est,

1411 2797 1482 2836 qua
1520 2789 1557 2826 in
1593 2787 1810 2836 abruptione
1838 2784 1905 2821 hac
1930 2779 2060 2819 Plinius
2081 2781 2212 2829 utitur.¹
2258 2774 2426 2812 brinilxter

1413 2838 1488 2875 Cic.
1510 2848 1580 2883 pro
1603 2839 1749 2874 Plancio
1772 2845 1847 2882 cap.
1869 2827 2011 2868 XXIV.
2049 2830 2140 2861 Haec
2161 2823 2213 2860 1111
2229 2823 2318 2879 [οἰςο
2333 2853 2342 2868 ‚
2370 2826 2424 2861 1'11-

1411 2889 1490 2938 quit
1503 2916 1514 2933 ²
1563 2888 1745 2936 rampen,
1771 2894 1859 2932 quae
1881 2879 1937 2916 ille
1956 2889 1979 2913 a
2001 2873 2098 2921 Jove
2119 2884 2217 2911 ortus
2232 2888 2305 2924 suis
2323 2884 2424 2925 prae-¹

1409 2938 1489 2988 cipit
1506 2896 1592 2985 sais
1607 2952 1617 2972 :

1462 3033 1688 3119 νὶςίὶαηᾰιεηι
1717 3029 1763 3078 est
1783 3029 1918 3081 semper
1942 3041 1953 3066 .·
1999 3024 2137 3065 multae
2164 3026 2306 3079 infidias
2332 3026 2424 3077 sunt

1535 3094 1619 3122 oms.

1537 3132 1542 3135 ’
2310 3126 2423 3177 ,Nostjg
