2616 3686
306 208 404 259 «Ἰ,
436 202 538 257 1:13
563 201 618 253 >E
649 199 703 253 R
768 194 857 281 X.J
904 202 948 253 E
976 202 1079 254 1³³1
1114 204 1146 254 s
1179 201 1231 256 τ
1265 203 1315 254 o
1350 203 1396 254 L
1430 205 1477 285 A
1543 206 1767 266 xxxn.
1804 213 1853 262 sc
1886 216 2136 270 xxxm.
2217 236 2313 290 743

190 333 210 361 ¹⁸
294 326 297 329 ’
406 321 570 376 Ᾱδίῑις
600 317 779 374 ssaffus
814 319 1114 391 praefefftus
1148 339 1276 376 orae
1314 322 1574 395 Ponticae
1597 364 1612 390 ,
1667 336 1685 360 ²
1725 330 1778 383 δε
1806 335 2225 390 reveremiffime
2259 338 2314 390 ἃς

209 402 216 415 '
327 425 332 430 ·
398 392 777 451 offieiofiffime
801 432 824 456 ,
870 394 1109 448 Domine
1133 435 1147 457 ,
1194 398 1341 450 venit
1377 398 1445 452 ad
1475 417 1562 453 me
1587 438 1603 463 ,
1659 403 1711 455 ἃ*
1738 406 2103 476 templaribus
2133 410 2318 463 diebus

185 476 285 530 fuit
318 488 547 527 mecum.
625 470 909 542 Quantum
937 471 1238 542 perspicere
1271 475 1448 542 potui,
1490 476 1567 529 xir
1593 480 1870 548 egregius,
1910 479 1962 531 &-
1987 479 2315 550 indulgentia

189 565 279 604 tua
307 549 532 619 dignus:
587 546 674 597 cui
713 561 816 614 ego
836 558 1047 598 enorum
1086 544 1189 598 feci
1220 588 1234 606 ,
1273 548 1595 619 praecepisse
1634 565 1688 603 te
1715 594 1728 612 ‚
1781 565 1838 605 ut
1868 570 1935 606 ex
1960 553 2273 607 cohortibus
2298 593 2315 617 ‚

187 624 378 696 quibus
407 638 494 674 me
521 616 752 691 praeeffe
774 616 1009 679 voluisti,
1041 631 1332 673 contentus
1364 621 1489 676 effer
1517 629 1532 656 ³
1556 622 1903 680 beneficiariis
1930 627 2149 689 decern,
2172 629 2318 699 equi·

187 702 324 753 tibus
351 696 586 757 duobus,
618 693 939 747 centurione
964 710 1091 747 uno,
1130 693 1473 765 Respondit,
1511 715 1622 752 non
1654 698 1904 755 sufficere
1938 700 2025 754 sibi
2049 701 2195 754 hunc
2221 719 2317 755 nu-

191 789 425 832 merum,
466 769 631 838 idque
664 766 717 819 se
747 766 1072 836 scripturum
1101 767 1214 822 tibi.
1291 767 1425 823 Hoc
1447 776 1499 824 in
1537 772 1687 826 causa
1713 774 1839 838 fuit,
1879 793 1989 848 quo
2017 775 2192 830 minus
2219 774 2315 829 sta-

188 850 283 902 tim
310 842 640 900 revocandos
667 854 944 913 putarem,
981 858 1119 914 quos
1156 840 1315 897 habet
1341 843 1493 916 supra
1521 863 1824 904 numerum.

441 988 702 1045 XXXIII.
781 988 1602 1059 XXIILTRAJANth
1678 996 2080 1053 PL1N10.

437 1137 621 1193 izmdat
645 1154 907 1192 numerum
933 1137 1151 1192 militum
1165 1178 1180 1203 ‚
1212 1156 1332 1212 quos
1353 1139 1481 1193 velit
1505 1141 1745 1216 qffignaeri
1768 1143 1934 1199 ‘Gabia
1963 1143 2130 1217 Baffo.

314 1279 930 1361 Tmz'hiscripsttGabius
956 1286 1623 1361 Baffzcs,mnsuffice7‘estbi
1650 1311 1759 1346 eum
1787 1293 2008 1347 militum
2029 1311 2314 1364 numerum,

316 1368 401 1436 qm
431 1375 489 1416 ut
511 1362 724 1416 daretur·
752 1362 831 1414 zlli
847 1401 862 1425 ,
903 1365 1157 1416 mandatis
1183 1382 1301 1416 mets
1326 1366 1750 1439 complexus-sitm.
1827 1375 1848 1405 ⁴
1869 1373 2041 1440 Qtot,
2076 1376 2313 1443 qnaeris,

169 1438 410 1514 firzpstffi
432 1445 540 1492 me?
582 1450 639 1491 ut
663 1447 835 1491 nomm
861 1438 1065 1492 haberes
1089 1482 1103 1502 ,
1143 1439 1223 1493 his
1249 1437 1409 1494 literis
1413 1441 1607 1514 subjici
1611 1443 1755 1522 juſjc]
1786 1449 1808 1513 ’ξ
1832 1444 2063 1498 Multum
2087 1446 2315 1515 mter-est,

2240 1538 2320 1574 res

231 1608 274 1637 τ.
301 1597 431 1636 Gabius
458 1596 610 1645 Baslus.]
650 1595 734 1635 Alio
763 1596 850 1634 Ioco
882 1596 975 1635 hanc
1016 1596 1209 1646 Epistolam

186 1650 398 1698 ponendam
423 1649 556 1694 judicat
567 1647 692 1685 Carn'o
721 1648 801 1685 Lib.
814 1647 842 1685 1.
866 1646 1009 1686 Emend
1031 1648 1206 1696 cap.VII.

186 1700 288 1737 Libri
309 1708 433 1738 tamen
452 1725 463 1742 ‚
491 1696 593 1746 quod
615 1698 774 1745 alioquin
795 1699 832 1736 in
851 1698 904 1735 his
926 1709 1044 1736 rarum
1065 1699 1113 1736 est
1135 1726 1145 1744 ‚
1173 1700 1209 1736 in

188 1759 375 1799 receptum
397 1747 555 1799 positum
577 1748 787 1796 conspirant.

242 1813 276 1839 2.
309 1806 356 1838 Et
382 1796 639 1845 reverentiffime
656 1812 698 1838 <J
727 1798 986 1849 officiofiſjime.]
1027 1798 1083 1836 Sic
1112 1798 1211 1837 reete

132 1866 135 1868 ·
191 1849 390 1889 Catanaeus
411 1878 422 1894 ‚
455 1848 650 1898 quomodo
681 1850 756 1886 fere
792 1849 882 1887 Edd.
901 1851 1069 1898 antiquae
1098 1862 1109 1891 ς
1149 1848 1211 1887 nifi

191 1901 294 1949 quod
314 1901 462 1939 eaedem
475 1901 597 1948 inepte
608 1909 650 1938 ω’
662 1899 918 1946 reverentifflme
934 1912 977 1938 er
996 1897 1214 1950 officiosiffime

193 1951 354 1989 Domine.
381 1950 614 1989 Recentiores
626 1951 719 1987 male
735 1951 914 1988 :Ponticae
931 1962 973 1989 <9¹
992 1950 1214 1999 reverentiffl-

194 2013 272 2038 mae
291 2011 333 2040 (9·
357 1999 599 2052 officioflffimae
636 2001 704 2037 GR
720 2012 743 2037 u
761 2015 784 2039 τ
797 2014 815 2038 ε
831 2015 868 2038 n.

247 2063 280 2100 3.
306 2051 530 2098 Beneficiariis
547 2050 697 2100 decem]
728 2051 784 2088 Sic
802 2052 893 2089 infra
916 2050 1021 2100 Epist.
1035 2051 1143 2090 XXV
1150 2051 1214 2089 III.

193 2101 273 2139 alias
294 2102 448 2139 XXXV.
478 2101 604 2138 P-linius
625 2102 755 2138 iterum
775 2105 942 2140 nominat
961 2108 1086 2139 Decem
1117 2103 1215 2140 bene-

191 2151 343 2194 ficiarios.
368 2151 494 2189 Caesar
512 2162 660 2200 quoque
679 2152 752 2189 hoc
773 2152 952 2190 vocabulo
975 2154 1082 2190 utitur
1097 2154 1175 2190 Lib.
1189 2153 1218 2191 I.

190 2201 237 2240 de
257 2203 348 2239 bello
367 2202 481 2240 Civili.
509 2206 682 2239 Petronius
709 2202 871 2252 (inquit)
899 2215 965 2240 non
986 2204 1111 2251 deftret
1122 2204 1215 2252 sese,

193 2264 315 2289 armat
335 2253 514 2295 familiam
534 2265 610 2288 cum
629 2251 694 2287 hac
724 2263 767 2291 ω’
784 2254 956 2302 praetoria
976 2254 1109 2291 cohorte
1131 2254 1211 2291 bar-

193 2302 349 2353 barisque
366 2303 533 2352 equitibus
554 2300 781 2340 beneficiarius
791 2305 885 2352 suis,
912 2317 992 2353 quos
1005 2305 1091 2354 suae
1111 2304 1212 2349 custo-

191 2352 267 2391 diae
284 2355 381 2402 causa
404 2352 526 2390 habere
545 2351 764 2400 consusverat
778 2380 788 2396 ‚
815 2364 886 2392 wc.
911 2354 966 2390 Ex
985 2356 1109 2403 quibus
1130 2356 1213 2393 faci·

189 2403 223 2442 le
245 2405 291 2441 est
310 2404 505 2451 intelilgere
525 2400 708 2449 significari
726 2404 796 2440 hoc
815 2404 964 2441 nomine
974 2415 1086 2452 genus
1096 2405 1214 2452 quod-

193 2453 275 2492 dam
299 2455 464 2492 rnilitum.
517 2452 584 2490 Sed
605 2453 784 2501 quaeritur
804 2480 814 2496 ,
849 2454 969 2502 quales
1001 2457 1133 2494 tuerint
1153 2460 1216 2493 Be·

194 2504 375 2552 neficiarii‚
402 2511 463 2541 aut
483 2502 581 2541 unde
600 2502 695 2540 dieti.
733 2504 792 2541 De
811 2503 863 2541 his
890 2504 1014 2542 Paulus
1034 2506 1214 2543 abbrevia·

192 2560 250 2592 tor
272 2555 362 2593 Festi
380 2555 427 2592 ita
446 2554 579 2592 scribit:
608 2552 827 2591 Beneficiarii
848 2553 1050 2592 dicebantur
1067 2556 1192 2593 milites
1206 2583 1216 2600 ,

195 2606 254 2654 qui
271 2604 449 2642 vacabant
468 2605 617 2642 muneris
642 2603 813 2650 beneficio;
844 2618 860 2641 e
881 2605 1048 2642 contrario
1068 2605 1213 2643 munifi-

182 2664 253 2692 -ces
276 2655 494 2693 vocabantur
516 2683 526 2698 ,
567 2655 625 2704 qui
659 2667 725 2690 non
756 2654 935 2691 vacabant
960 2681 970 2698 ‚
1004 2656 1068 2703 sed
1089 2669 1215 2694 munus

197 2705 329 2753 Reipub.
349 2705 536 2754 faciebant.
572 2705 687 2742 Aliter
712 2713 836 2741 tamen
867 2705 1042 2754 Vegetius
1067 2707 1144 2743 Lib⁴
1168 2707 1213 2744 II.

197 2751 242 2790 de
260 2764 297 2792 re
314 2757 450 2796 militari
463 2784 472 2800 ‚
485 2767 562 2804 cap.
578 2755 664 2792 VII.
691 2755 748 2793 ubi
770 2755 845 2792 vult
865 2754 1087 2802 beneficiarios
1105 2756 1149 2793 ab
1168 2768 1216 2794 eo

1284 1598 1504 1638 militaribus.
1530 1596 1629 1639 Hinc
1651 1599 1759 1640 etiam
1779 1601 1886 1648 Joan.
1913 1602 2183 1654 Oldendorpius
2204 1603 2319 1643 afflo-

1286 1657 1350 1686 nes
1369 1677 1380 1693 ‚
1406 1662 1499 1699 quae
1519 1650 1618 1690 feudi
1640 1654 1792 1691 nomine
1812 1662 2030 1703 competunt
2055 1683 2064 1698 ,
2091 1656 2188 1692 recte
2207 1665 2316 1694 vocat

1287 1699 1529 1746 beneficiarius.
1543 1701 1574 1737 R
1585 1713 1600 1738 1
1616 1715 1640 1739 τ
1655 1714 1682 1739 Τ
1699 1716 1717 1738 r:
1732 1717 1755 1740 R
1773 1717 1789 1738 s
1804 1715 1828 1740 H
1844 1719 1864 1741 υ
1881 1718 1911 1742 ς.
1937 1704 2162 1751 Beneficiart'is
2173 1705 2313 1757 decem]

1290 1749 1498 1797 Beneficiarii
1516 1753 1795 1799 opponebantur
1816 1754 2032 1801 munificibus
2052 1782 2061 1799 ,
2101 1757 2162 1804 qui
2190 1759 2315 1794 omnia

1285 1801 1432 1838 militiae
1454 1813 1604 1839 munera
1627 1802 1767 1842 neceffe
1788 1805 1966 1843 habebant
1985 1806 2083 1843 obire
2104 1834 2113 1847 ,
2150 1817 2312 1854 quorum

1283 1850 1331 1888 illi
1353 1849 1502 1898 beneficio
1521 1853 1772 1891 Tribunorum
1800 1858 1811 1901 ζ
1824 1855 1922 1894 und-e
1942 1858 1979 1893 ὃ(
1993 1856 2180 1904 appellati)
2209 1869 2316 1896 vaca-

1284 1901 1424 1939 tionem
1446 1903 1704 1948 habebant,de
1727 1906 1854 1954 quibus
1882 1906 2022 1954 Lipfius
2044 1908 2080 1944 in
2105 1907 2313 1945 1V.H1·sto-

1282 1952 1371 1989 riam
1394 1952 1516 1991 Taciti
1542 1965 1618 2002 cap.
1640 1955 1816 1994 XLVIII.
1844 1956 2074 1995 Casaubonus
2091 1957 2127 1994 in
2150 1957 2317 1997 Suetonii

1284 2003 1486 2050 Augustum
1511 2032 1522 2048 ,
1561 2006 1599 2042 ὅς
1629 2005 1754 2044 Claud.
1780 2005 1966 2044 Salmasius
1986 2008 2308 2048 Exercitationibus

1283 2052 1456 2092 Plinianis
1484 2053 1510 2091 B
1525 2068 1548 2091 υ
1561 2067 1583 2091 c
1596 2068 1617 2092 η
1632 2070 1653 2091 Ν
1667 2069 1688 2093 Β
1704 2071 1740 2094 R.

1335 2117 1369 2150 4.
1399 2103 1540 2156 Qot.]
1570 2106 1610 2143 In
1628 2107 1693 2144 alia
1712 2106 1871 2146 leetione
1892 2107 1959 2146 fuit
1981 2135 1991 2151 ‚
2023 2118 2125 2157 quot:
2154 2109 2191 2146 in
2217 2110 2280 2148 alia
2296 2138 2308 2155 ,

1284 2155 1379 2202 quid.
1407 2157 1438 2191 C
1452 2168 1473 2191 A
1490 2169 1509 2191 τ
1524 2170 1544 2192 Α
1561 2169 1596 2194 Ν.
1623 2158 1722 2204 §zaid
1741 2159 1913 2209 quaeris]
1942 2159 2062 2195 Verba
2081 2160 2199 2197 luxata
2222 2188 2234 2205 ,
2271 2162 2309 2199 &

1286 2203 1361 2242 fine
1380 2205 1455 2242 mlo
1471 2206 1569 2244 sensu
1596 2220 1604 2244 :
1646 2209 1682 2245 in
1708 2209 1747 2246 iis
1765 2210 1862 2247 enIm
1882 2210 1990 2247 latere
2010 2209 2183 2247 debebant
2203 2212 2311 2248 ratio-

1283 2266 1346 2292 nes
1369 2255 1455 2292 ssaffi
1473 2257 1517 2293 ad
1538 2259 1738 2307 Trajanum
1762 2274 1774 2303 ;
1807 2258 1868 2296 etfi
1890 2261 1989 2296 aliter
2008 2259 2130 2296 sentiat
2151 2262 2311 2306 optimus

1283 2305 1496 2343 Catanaeus.
1523 2308 1556 2344 G
1571 2321 1593 2344 R
1607 2321 1628 2344 u
1646 2321 1667 2346 τ
1682 2319 1702 2345 ε
1719 2323 1756 2346 u.
1781 2310 1884 2362 Qut
1895 2309 2028 2358 quaeris
2039 2310 2193 2359 [cripfiffe
2211 2325 2273 2349 me.
2288 2315 2306 2361 ]

1282 2354 1507 2403 Depravatus
1537 2359 1747 2407 luxatusque
1769 2359 1826 2396 hic
1846 2360 1947 2397 locus
1981 2360 2119 2408 penitus
2140 2361 2189 2398 est
2210 2389 2221 2405 ‚
2259 2370 2312 2400 at-

1283 2416 1355 2454 que
1375 2434 1386 2450 ,
1411 2415 1450 2444 ut
1473 2418 1602 2445 vereor
1623 2438 1634 2452 ‚
1659 2409 1883 2458 ‘desperatus
1908 2411 2030 2458 itaque
2051 2410 2307 2460 relinquendus

1283 2458 1401 2503 potius
1429 2485 1438 2500 ‚
1477 2469 1585 2506 quam
1626 2460 1830 2498 tentandus.
1867 2460 1932 2497 Bu
1946 2473 1967 2497 c
1982 2473 2004 2497 rr
2019 2473 2040 2496 Ν
2055 2473 2124 2499 nn.
2174 2462 2310 2501 Aldus:

1284 2508 1383 2554 Quid
1414 2510 1548 2557 quaeris
1566 2509 1727 2560 scripstffe
1752 2524 1805 2548 me
1823 2512 1844 2550 ,Ρ
1881 2510 2110 2549 Boxhornius
2130 2514 2310 2561 conjecit:

1281 2558 1383 2604 {Quid
1403 2561 1579 2608 quaerenti
1594 2560 1794 2610 scripserim.
1841 2560 1909 2599 Sed
1934 2574 2018 2598 cum
2042 2563 2242 2601 Catanaeus
2268 2565 2304 2602 in

1282 2608 1377 2646 Cod.
1403 2611 1572 2657 repererit
1591 2623 1598 2646 ε
1627 2612 1724 2658 Quot
1744 2639 1755 2655 ‚
1782 2613 1916 2662 quaeris
1936 2640 1945 2656 ,
1963 2612 2121 2661 scrijfiffe
2139 2626 2214 2655 me,
2242 2625 2304 2651 ae-

1281 2669 1394 2706 quum
1416 2660 1486 2705 est,
1513 2669 1551 2698 ut
1570 2661 1662 2698 hanc
1677 2662 1874 2700 lectionem
1896 2671 2102 2704 teneamus,
2131 2664 2306 2709 quaesola

1279 2711 1522 2748 commodum
1552 2710 1690 2749 sensum
1730 2713 1888 2760 praestat.
1925 2712 2085 2762 Scripfiffe
2114 2713 2211 2750 ilem
2246 2715 2304 2752 in-

1279 2761 1357 2796 nuit
1380 2787 1390 2802 ‚
1429 2760 1529 2810 quod
1553 2761 1671 2800 modo
1702 2762 1837 2801 dixerat
1859 2790 1870 2808 ‚
1907 2763 2089 2800 mandatis
2108 2763 2188 2800 meis
2210 2776 2300 2802 com-

195 2804 383 2850 appellatos
398 2834 411 2852 ,
451 2807 552 2856 quod
575 2814 880 2854 promoverentur
909 2806 1086 2843 beneficio
1103 2805 1214 2844 tribu-
1271 2809 1393 2857 plexus
1406 2812 1500 2857 sum.

189 2861 327 2891 ,norum
340 2882 351 2899 ,
374 2858 526 2905 intellige
544 2856 588 2895 ad
607 2857 746 2894 altiores
767 2856 908 2894 ordines
928 2857 963 2894 in
982 2857 1101 2895 militia
1114 2884 1124 2900 ‚
1138 2855 1211 2895 five

200 2899 245 2938 ad
265 2903 414 2950 aliquam
442 2907 660 2955 dignitatem.
713 2907 774 2944 Ad
805 2907 876 2944 hoc
909 2910 1117 2955 exemplum
1142 2907 1214 2945 ele·

197 2953 372 2997 gantiores
411 2955 647 3000 Iurisconsulti
695 2957 925 3004 Beneficiarios
969 2958 1209 3006 appellarunt,

200 3011 293 3048 quos
315 3003 436 3051 vulgus
460 3017 564 3046 vocat
592 3007 743 3054 Vasallos
761 3036 771 3052 ‚
813 3009 874 3056 qui
902 3008 1050 3046 feudum
1080 3007 1208 3056 (quod

188 3049 390 3100 beneficium
411 3053 555 3108 dititur)
582 3069 603 3097 a
631 3059 769 3098 seniore
799 3059 964 3100 obtinent
982 3071 1049 3109 pro
1068 3059 1210 3099 servitiis
1240 3085 1241 3088 ,

1329 2873 1362 2908 ς.
1391 2861 1550 2898 Multum
1570 2860 1738 2911 interest.]
1768 2860 1969 2909 Significat,
1997 2861 2296 2905 considerandum

1276 2909 1388 2956 probe
1406 2909 1476 2947 effe
1499 2939 1509 2955 ‚
1544 2922 1619 2959 quo
1635 2913 1759 2949 animo
1779 2912 2001 2963 confilioque
2026 2913 2196 2953 Gabinius
2218 2918 2299 2955 reti-

1241 2994 1244 3007 ,
1276 2970 1360 2997 nere
1378 2960 1498 2997 secum
1522 2962 1636 3008 plures
1660 2962 1786 2999 milites
1807 2964 1892 3001 velit
1914 2991 1924 3007 ‚
1958 2974 2066 3011 quarn
2097 2963 2162 3002 suis
2193 2977 2296 3005 man-

1276 3009 1361 3047 datis
1384 3011 1565 3060 Trajanus
1583 3020 1809 3060 praeceperat
1831 3027 1839 3051 ε
1878 3022 1999 3051 utrurn
2023 3041 2034 3058 ,
2071 3015 2152 3062 quia
2176 3028 2228 3053 res
2247 3019 2295 3056 ita

1273 3060 1502 3109 postulet,an
1524 3062 1665 3111 potius,
1685 3071 1724 3101 ut
1743 3063 1872 3101 habe-at
1894 3064 2033 3114 plures,
2047 3066 2173 3115 quibus
2195 3078 2296 3116 prae-

1688 3113 1851 3153 ssbbbb
2262 3115 2303 3153 sit
