2616 3686
457 178 1909 241 LI'BERV1.EPISTOLAXXX111.
2131 215 2228 266 475

100 261 344 326 v>totidem
382 256 505 312 vieti
540 256 732 310 sumus.
808 253 1068 308 Notabilis
1103 257 1313 324 prorsus
1339 275 1431 311 vres
1473 261 1527 312 &
1551 262 1680 314 mira
1705 298 1720 322 ‚
1759 265 1946 317 eadem
1972 263 2026 318 in
2051 275 2229 331 causa,

107 335 303 391 viisdem
327 328 601 403 judicibus
625 366 641 392 ,
691 325 883 387 iisdem
922 325 1194 380 advocatis
1221 358 1257 389 ,-
1287 330 1484 383 eodem
1522 342 1767 401 tempore
1793 346 1937 388 tanta
1961 335 2227 395 diversitas

115 406 310 462 accidit
347 405 361 426 ¹
390 401 550 465 casu,
597 399 748 472 quod
783 415 891 453 non
931 400 1076 452 casus
1114 398 1408 457 videretur.
1484 431 1501 453 ι
1542 401 1697 457 Vista
1722 403 1795 456 est
1820 422 2083 463 noverca:
2122 410 2226 482 Ipsa

105 480 268 536 {teres
305 495 372 531 ex
410 487 554 545 parte
591 474 748 527 sexta.
828 470 1014 525 vietus
1054 470 1069 495 ³
1104 471 1396 529 Suberinus
1420 512 1436 537 ‚
1475 475 1569 544 qui
1603 476 1963 532 exheredatus
1999 497 2026 532 a
2051 494 2228 551 patre,

115 551 359 621 finguiari
395 544 725 618 impudentia
759 543 913 598 alieni
953 543 1114 614 patris
1148 545 1288 600 bona
1323 547 1627 602 vindicabat
1652 588 1667 612 ,
1730 565 1840 604 non
1891 550 2041 605 ausus
2097 567 2116 592 ⁴
2152 556 2226 609 sui

110 640 314 696 petere.
388 619 540 677 Haec
579 615 674 670 tibi
709 616 927 687 exposui
956 651 971 678 ‚
1025 619 1255 686 primum
1282 657 1297 682 ,
1346 634 1404 674 ut
1439 637 1510 674 ex
1536 620 1750 692 epistola
1778 622 1960 687 scireS‚
2002 642 2138 696 quae
2163 644 2230 682 ex

117 697 356 752 oratione
388 708 495 746 non
536 701 778 762 poteras:
830 689 1030 743 deinde
1069 693 1228 758 (nam
1263 693 1514 764 detegam
1559 697 1732 762 artes)
1757 709 1815 748 ut
1843 697 2144 752 orationem
2172 699 2228 752 11-

116 768 320 824 bentius
359 765 596 834 legere3‚
660 761 696 815 fi
734 779 846 816 non
879 762 1062 831 legere
1101 762 1238 826 tibi,
1285 763 1376 819 sed
1412 767 1657 820 intereffe
1685 766 1892 836 judicio
1940 769 2232 835 videreriS,

113 856 268 912 quam
293 875 310 901 ,
350 838 407 889 iit
446 835 567 890 licet
605 850 793 904 magna
817 873 832 898 ‚
880 853 990 889 non
1015 834 1238 904 despero
1268 837 1489 907 gratiam
1514 838 1528 863 ⁵
1557 839 1888 895 breviffimae
1912 843 2229 914 impetratu-

103 927 234 966 ram.
308 909 447 963 Nam
487 909 538 960 &
575 907 729 978 copia
766 925 943 962 rerum
973 945 988 970 ‚
1029 910 1081 961 &
1118 906 1137 930 ⁶
1173 923 1359 978 arguta
1395 909 1653 967 divisione
1680 951 1694 977 ‚
1737 913 1790 967 ἃ
1825 917 2227 972 narratiunculis

107 982 371 1055 pluribuS,
414 980 468 1034 &
497 980 789 1052 eloquendi
812 978 828 1006 ⁷
855 981 1113 1034 varietate
1137 994 1444 1038 renovatur.
1521 984 1658 1040 Sunt
1685 986 1846 1041 multa
1876 991 2022 1056 (non
2063 989 2230 1044 aude-

2115 1079 2232 1118 rem

105 1199 206 1232 mN
228 1195 299 1235 τοῒς
319 1192 381 1238 μὲν
401 1194 609 1229 ΝἶΚΩΣῙΝ
641 1188 802 1236 iamim,
831 1188 893 1232 τές
916 1189 955 1227 δὲ
978 1189 1026 1231 us}
1042 1190 1122 1227 ἔαυ-

105 1246 159 1284 ϊὸν
179 1246 348 1295 seiros-1¹35
377 1241 503 1286 ἐμίσει·
537 1241 605 1278 ὁδ’
628 1238 673 1277 αὖ
702 1247 884 1285 ΝΙΚΩΝ,
911 1244 964 1288 τῷ
988 1239 1119 1287 Sinala)

99 1298 348 1343 προσεποιεῖτο
374 1300 529 1331 NIKAN
558 1321 570 1338 ,
623 1291 688 1330 {1¹5⁶
724 1295 831 1342 χάριν
867 1290 961 1330 §desi
996 1293 1119 1336 ἡγεῖτο

150 1356 259 1384 ειλειν.

93 1347 168 1436 ‘Px
199 1397 292 1447 Casu
314 1396 464 1445 quidem
482 1422 498 1439 >‚
545 1393 604 1432 sed
624 1406 693 1430 non
713 1401 755 1430 ut
776 1394 873 1442 casus
897 1394 1119 1444 videremin]

100 1448 191 1486 Hoc
224 1449 410 1495 Gryphius
444 1446 582 1482 invexit
608 1471 618 1488 ,
646 1445 684 1480 δε
707 1444 864 1480 obtinuit
886 1445 922 1480 in
945 1445 980 1481 V
986 1446 1119 1492 uigatis.

99 1499 209 1538 MSS.
244 1499 373 1535 Oxon.
405 1494 559 1533 Helmst.
595 1495 632 1532 &
665 1493 733 1529 Ed.
765 1493 852 1530 Vet.
878 1495 958 1541 casu
980 1497 1119 1543 quidem

102 1562 170 1587 non
193 1548 289 1598 casus
304 1548 495 1584 videretur.
524 1545 700 1592 Optimus
714 1545 751 1580 &
768 1543 877 1581 Arnz.
889 1544 966 1592 casu
980 1573 990 1588 ‚
1019 1548 1122 1594 quod

99 1612 169 1637 non
216 1597 314 1647 casus
362 1597 553 1634 videretur.
617 1593 735 1642 quue
783 1594 913 1632 restitui
938 1623 948 1638 ,
985 1596 1023 1633 δε
1059 1609 1123 1635 ex-

127 1650 219 1688 reffit
241 1650 329 1688 olim
350 1648 463 1685 Aldus
481 1675 491 1692 ,
526 1646 730 1682 (jamnaeus
750 1672 761 1690 ‚
788 1645 856 1683 alii.
894 1647 994 1684 Bene
1016 1651 1119 1696 quod.

97 1662 200 1739 {side
221 1709 345 1740 notata
367 1698 411 1735 ad
436 1699 516 1734 Lib.
542 1696 606 1733 111.
630 1694 736 1743 Epist.
758 1695 807 1731 V.
830 1708 865 1733 n.
887 1708 920 1733 2.
949 1696 1004 1742 Est
1025 1701 1119 1736 enim

99 1751 175 1789 hoc
203 1764 334 1801 quoque
356 1747 512 1797 studiofis
546 1760 615 1784 non
647 1746 835 1785 iniucunda
868 1749 1056 1796 cognitio,
1085 1752 1123 1789 &

99 1802 202 1850 plura
222 1801 270 1839 ad
296 1803 435 1839 Lucan.
458 1800 540 1837 Lib.
563 1797 625 1836 IX.
644 1808 694 1836 vs.
717 1797 798 1847 536.

155 1907 230 1939 Par
252 1901 410 1940 Geminis
433 1901 592 1945 chiron,
619 1910 663 1940 (θ’
681 1898 802 1946 idem,
830 1899 932 1951 quod
956 1903 1122 1943 Carcinos

205 1956 333 1990 ardens
349 1980 359 1996 ‚

153 2003 333 2040 Humidus
357 2007 547 2052 Aegoceros.

103 2103 201 2141 infra
226 2103 308 2142 Lib.
330 2103 395 2142 IX.
416 2104 526 2154 Epist.
546 2100 654 2142 ΧΙΠ.
670 2113 705 2140 n.
725 2111 782 2147 24.
825 2104 967 2142 Accidit
990 2104 1123 2145 fortui-

100 2163 180 2192 tum
197 2183 206 2198 ‚
227 2156 291 2204 sed
324 2166 398 2192 non
431 2164 622 2205 tamquam
653 2153 845 2192 fortuitum
869 2183 880 2200 ,
906 2157 1000 2206 quod
1019 2157 1121 2196 editis

99 2204 197 2242 libris
221 2215 286 2244 cet.
317 2206 470 2244 Con'rss.

152 2268 175 2306 2.
205 2255 341 2305 viola]
371 2257 553 2294 Noverca.
592 2256 681 2295 Hoc
703 2259 845 2298 videtur
868 2256 1004 2295 fastum
1030 2271 1119 2299 con·

98 2313 150 2343 tra
182 2306 301 2353 leges,
333 2308 460 2355 quibus
483 2318 579 2343 nunc
600 2310 737 2346 utimur
764 2322 772 2346 :
810 2318 895 2345 nam
920 2308 1120 2350 Martianus

99 2355 137 2394 fl.
158 2359 299 2404 quinto.
336 2359 369 2394 si
394 2369 476 2407 pars
502 2386 512 2401 ,
538 2358 656 2406 inquit
680 2387 689 2403 ‚
717 2358 949 2396 iudicantium
968 2361 1008 2396 de
1028 2362 1122 2408 inos-

91 2405 201 2456 ficiofh
224 2407 426 2451 testamento
450 2420 571 2445 contra
598 2407 840 2456 testamentum
866 2436 877 2453 ‚
900 2418 981 2458 pars
996 2412 1118 2457 secun—

99 2457 185 2494 dum
208 2457 454 2504 testamentum
470 2462 681 2507 fintenttam
706 2461 837 2498 dederit
860 2489 870 2504 ,
897 2462 989 2507 quod
1007 2462 1117 2501 inter-

100 2509 184 2545 dum
212 2507 290 2554 fieri
314 2510 402 2558 solet
424 2526 436 2546 .·
484 2509 675 2547 humanius
708 2512 772 2547 erit
792 2513 885 2559 sequi
905 2512 975 2548 eius
1002 2516 1114 2559 pariis

92 2558 309 2606 sententiam
334 2587 343 2602 ,
388 2573 474 2608 quae
495 2561 689 2609 secund-..2³1
723 2561 968 2607 testamentum
984 2564 1117 2611 specla-

95 2608 191 2648 vit:
222 2608 285 2658 nist
316 2618 431 2658 aperte
458 2611 574 2659 inique
605 2612 792 2657 secundum
822 2613 989 2660 scriptum
1024 2614 1118 2652 here-

103 2658 179 2696 dem
207 2659 441 2709 pronunciasse
472 2661 651 2710 apparebit
677 2690 687 2706 ,
715 2663 806 2711 quod
819 2663 966 2712 sortasse
981 2665 1117 2712 judices

102 2711 142 2750 in
165 2709 222 2748 hoc
237 2711 325 2759 sunt
344 2712 481 2749 intuiti.
511 2712 665 2750 Cum.

155 2771 175 2810 3
205 2761 438 2799 saburrantes.
460 2761 474 2811 ]
505 2761 611 2799 Fiiius
635 2775 814 2801 novercae
840 2791 849 2806 ,
878 2765 915 2801 &
940 2767 1121 2814 privignus

109 2810 196 2848 senis
214 2811 302 2849 iuius
324 2813 548 2860 oetogenarii
589 2814 678 2850 Non
699 2823 822 2851 tamen
834 2816 1117 2856 cretmcuntiein

113 2858 202 2898 ess'e:
227 2862 324 2910 cujus
353 2864 462 2910 paulo
495 2862 571 2913 post
601 2863 640 2900 fir
664 2867 817 2902 mentio.
847 2865 890 2902 lLt
914 2865 1122 2912 Spartianus

146 3018 165 3043 e
195 3010 340 3047 nomine
360 3039 370 3055 ,
390 3015 490 3061 quod
509 3016 589 3053 alibi
613 3028 690 3053 non
713 3018 907 3065 repetitur,
935 3030 1010 3054 non
1034 3031 1125 3056 con-

119 3056 245 3096 tendo.
294 3060 469 3108 Quamvis
496 3067 534 3105 in
572 3067 727 3116 epistolis
769 3067 866 3118 apud
900 3068 1124 3109 Ciceronem

1192 1191 1332 1240 legatur
1355 1222 1365 1238 ‚
1405 1199 1447 1232 C.
1481 1194 1668 1235 suberinus
1705 1196 1871 1236 Calenus.
1918 1196 1976 1235 11>
1994 1209 2013 1234 ε
2030 1210 2070 1235 Μ.
2096 1197 2227 1235 Subur-

1194 1244 1347 1295 ranus.]
1377 1246 1449 1284 Pal.
1475 1247 1514 1284 &
1537 1247 1630 1285 Edd.
1652 1248 1755 1287 Vett.
1778 1247 2007 1288 Suberrimus.
2038 1249 2228 1288 GRUTER.

1198 1297 1313 1333 Victus
1336 1296 1602 1348 Suburanus]
1635 1299 1692 1337 Ex
1712 1299 1883 1338 Palatinis
1903 1298 2102 1347 legendum
2127 1301 2227 1339 vide-

1195 1351 1253 1382 tur
1288 1348 1510 1386 Suberrinus.
1562 1349 1644 1388 Fuit
1675 1351 1736 1388 hic
1771 1360 1955 1388 novercae
1989 1351 2078 1388 illius
2099 1349 2190 1389 filius
2215 1381 2225 1398 ,

1194 1407 1307 1442 quam
1331 1399 1466 1438 Acciae
1488 1408 1588 1448 pater
1610 1401 1870 1448 oetogenarius
1892 1400 2105 1438 induxerat:
2139 1403 2222 1450 qui,

1195 1444 1284 1484 ficut
1315 1449 1428 1486 Accia
1449 1477 1460 1495 ,
1509 1451 1749 1490 exheredatus
1780 1462 1800 1487 a
1833 1458 1933 1501 patre
1957 1478 1967 1494 ‚
1996 1462 2075 1488 non
2099 1480 2109 1496 ‚
2137 1451 2228 1491 ficut

1198 1497 1311 1535 Accia
1350 1499 1400 1536 sui
1424 1528 1434 1543 ‚
1472 1500 1532 1538 sed
1560 1503 1666 1540 alieni
1698 1502 1805 1550 patris
1829 1531 1840 1546 ‚
1877 1502 1950 1539 hoc
1982 1500 2031 1539 est
2054 1530 2065 1548 ,
2095 1503 2225 1544 Viti-ici

1196 1547 1293 1584 bona
1326 1558 1453 1587 contra
1485 1552 1636 1589 Act-iam
1671 1563 1743 1590 una
1777 1564 1863 1590 cum
1898 1559 2040 1598 matre,
2065 1565 2227 1595 noverca

1198 1598 1355 1645 Acciae,
1382 1603 1528 1650 petebat
1560 1602 1621 1640 seu
1655 1603 1870 1641 vindicabat.
1914 1603 2124 1642 Euenum.
2152 1606 2228 1645 Re·

1194 1652 1373 1690 centiores
1415 1652 1525 1691 nostri
1556 1653 1778 1692 Suberrimus
1810 1669 1823 1698 ς

1194 1699 1296 1738 Aldo
1315 1702 1516 1740 suberinus.

1246 1762 1269 1797 4
1295 1753 1390 1801 sui.]
1421 1753 1526 1790 Bona
1545 1754 1702 1802 legitimi
1721 1755 1773 1795 sui
1793 1756 1925 1805 patris,
1954 1766 2050 1805 quae
2070 1769 2149 1798 non
2161 1771 2226 1798 au-

1197 1799 1473 1851 debaspe'tere,
1501 1807 1588 1854 quia
1607 1806 1687 1854 jure
1712 1805 1829 1845 fuerat
1860 1807 2111 1847 exheredatus.
2150 1812 2226 1849 CA-

1199 1863 1293 1889 ·rAN.
1320 1855 1476 1894 Helmst.
1500 1857 1539 1894 &
1562 1857 1676 1894 Arnz.
1692 1857 1766 1906 suis
1783 1887 1793 1903 ,
1820 1857 1960 1895 vitiose.

1248 1912 1267 1951 ς
1296 1905 1492 1953 Breviffime
1522 1906 1807 1956 impetraturam.
1831 1909 1847 1958 ]
1892 1909 2033 1946 Mirum
2067 1910 2141 1956 est,
2166 1920 2224 1951 tot

1199 1952 1357 1994 editores
1390 1969 1468 1996 non
1497 1957 1620 1996 eluiffe
1650 1960 1845 1997 minimam
1876 1960 2055 1997 maculam
2082 1989 2093 2005 ‚
2130 1975 2224 2011 quae

1198 2003 1396 2047 sententiae
1425 2008 1568 2056 prorsus
1599 2011 1810 2049 turbandae.
1865 2010 2088 2058 Legendum
2123 2017 2224 2053 enim

1199 2064 1273 2094 erat
1297 2057 1539 2107 breviffimae,
1567 2073 1614 2098 eo
1643 2061 1718 2110 ipso
1740 2062 1849 2100 facies
1871 2061 2225 2109 periodihonestiffi-

1197 2117 1281 2151 ma,
1311 2121 1406 2159 quae
1428 2118 1534 2148 antea
1547 2112 1740 2150 nullaerat.
1768 2113 1958 2150 GRUTER.
1987 2114 2224 2166 Breviffime.]

1198 2157 1302 2196 Brevi
1334 2161 1540 2200 admodum
1572 2171 1754 2212 tempore.
1801 2164 2012 2201 Euenum.
2051 2168 2225 2205 Gratiam

1197 2207 1386 2258 breviffime
1408 2213 1724 2262 impetraturam]
1751 2214 1878 2252 Video
1889 2214 2050 2263 quidhic
2061 2219 2224 2261 optimus

1196 2258 1416 2302 Buchnems.
1472 2264 1523 2300 At
1545 2272 1584 2301 tu
1609 2292 1620 2309 ‚
1647 2264 1671 2300 fi
1694 2275 1824 2302 verum
1856 2265 1910 2302 vis
1932 2291 1943 2307 ,
1969 2264 2049 2311 lege
2069 2264 2224 2314 breviffi'-

1197 2322 1296 2355 mae,
1324 2325 1460 2361 nempe
1481 2316 1664 2352 orationis.
1695 2316 1883 2352 Gnouov.
1920 2313 2037 2351 Recte
2068 2314 2224 2364 breviffi.

1195 2373 1274 2398 mae
1299 2391 1308 2406 ‚
1338 2364 1377 2401 δε
1409 2363 1457 2400 fic
1480 2391 1490 2407 ,
1520 2362 1692 2402 distineris
1723 2365 1870 2408 litteris,
1894 2364 2129 2404 membranae
2152 2370 2224 2417 pri-

1197 2415 1341 2451 mariae.
1380 2414 1485 2451 Idem
1519 2416 1628 2452 etiam
1660 2427 1706 2452 ex
1735 2415 1848 2452 Arnz.
1884 2422 2054 2452 notatum
2078 2417 2222 2466 habeO,

1198 2464 1236 2499 &
1258 2464 1368 2501 edidit
1390 2465 1634 2502 Boxhornius.
1681 2465 1796 2504 Simili
1817 2464 1945 2514 Figura
1969 2466 2116 2506 Tullius
2140 2471 2224 2510 Lib.

1198 2512 1266 2550 111.
1290 2514 1392 2551 Fam.
1413 2515 1522 2563 Epist.
1546 2516 1590 2554 X.
1612 2528 1646 2553 n.
1669 2517 1701 2554 6.
1754 2519 1806 2565 Q
1834 2517 2004 2554 Servilius
2028 2520 2221 2566 perbreves

1195 2563 1288 2601 mihi
1308 2579 1329 2601 a
1353 2576 1386 2602 te
1407 2565 1544 2604 litteras
1564 2568 1719 2606 reddidit
1735 2597 1744 2614 ,
1772 2581 1860 2619 quae
1879 2568 2102 2607 mihitamen
2115 2574 2223 2611 nimis

1197 2613 1329 2663 longae
1353 2617 1450 2666 visae
1464 2617 1566 2666 sunt.

1246 2668 1268 2701 6
1300 2671 1446 2715 Arguta
1470 2667 1674 2718 divifione.]
1706 2670 1830 2709 Subtiii
1851 2671 2067 2719 partitione,
2091 2683 2223 2721 quam-

1198 2718 1250 2753 vss
1287 2716 1327 2754 sit
1360 2719 1476 2767 aliqua
1509 2718 1710 2759 differentia
1732 2750 1742 2765 ,
1786 2724 1879 2759 inter
1916 2723 2150 2768 partitionem
2183 2726 2223 2763 &

1196 2767 1423 2806 divisionem.
1477 2769 1536 2806 Est
1571 2772 1668 2808 enim
1703 2771 1825 2821 divifio
1859 2783 1979 2809 rerum
2005 2773 2159 2821 plurium
2184 2776 2222 2813 in

1199 2816 1370 2865 finguias:
1397 2820 1567 2868 partitio,
1598 2820 1817 2870 finguiarum
1841 2823 1879 2860 in
1901 2830 2016 2872 partes
2047 2822 2225 2865 discretio,

1866 1655 2098 1701 Veterrimus
2139 1668 2226 1696 cum

1157 2877 1160 2912 a
1205 2868 1237 2905 C
1252 2882 1271 2904 Λ
1290 2884 1312 2907 ϊ
1330 2882 1349 2904 Α
1366 2881 1403 2906 Ν.

116 2908 221 2946 refert
244 2910 304 2948 sub
334 2913 498 2960 Traiano
532 2915 583 2952 bis
618 2915 857 2952 Consu¹atum
877 2916 1024 2963 gestisse.
1080 2919 1122 2956 In
1158 2913 1161 2947 Ϊ

118 2957 323 3043 quibusdam
357 2965 619 3014 exemplaribus
650 2966 777 3013 legitur
821 2966 1000 3003 *suberinus
1027 2982 1035 3006 z
1065 2969 1121 3007 sed
1158 2959 1161 2978 ¹

1158 3022 1162 3063 ἓ
1200 3030 1314 3058 nuato
1337 3021 1480 3061 dicendi
1499 3033 1635 3071 genere
1650 3054 1660 3070 ,
1687 3028 1906 3076 quotiesque
1927 3027 2218 3073 admonebatur,

1160 3080 1166 3119 ἱ,
1199 3071 1490 3121 digressionibus,
1517 3075 1556 3111 &
1578 3087 1656 3113 non
1682 3076 1959 3128 imtempestivis
1990 3078 2220 3117 amoenitati-

1249 2932 1267 2966 7
1301 2921 1487 2958 Varietate.
1511 2920 1528 2970 ]
1564 2923 1678 2961 Prout
1711 2937 1765 2964 res
1792 2923 2008 2973 exigebant,
2035 2925 2219 2966 interdum

1200 2971 1324 3019 gravi,
1354 2983 1620 3022 nonnunquam
1645 2975 1823 3013 mediocri
1847 3004 1857 3020 ‚
1884 2976 2109 3024 quandoque
2131 2987 2220 3016 atte-

1501 3124 1660 3166 Oooz
2119 3128 2206 3173 bus,

2272 647 2302 696 7

2270 918 2298 967 8
