2616 3686
347 222 442 290 25¹8
599 211 2266 272 C.PL'INIICAECIL·11·SECUND1

270 320 295 372 3
350 298 501 348 nium
566 294 863 350 ostendere.
936 293 1104 365 Igitur
1153 308 1216 348 tu
1264 310 1518 364 quoque,
1565 287 1600 343 fi
1652 300 1800 343 certa
1844 289 1905 345 &
1952 290 2216 357 ftufluosa
2255 292 2470 365 praedia

348 367 719 440 concupiscis,
757 366 770 387 ¹
808 366 1011 438 aliquid
1051 366 1107 422 in
1142 367 1251 423 hoc
1285 367 1445 420 litore
1480 380 1616 437 para.
1656 360 1813 416 Vale.

535 501 676 560 VII.

352 637 549 710 Reguli
602 639 862 710 ingenium
921 636 1002 690 ita
1057 637 1240 690 laudat
1290 647 1351 689 ut
1398 637 1699 708 vituperet,
1738 634 1832 705 qui
1869 652 1981 687 cum
2018 634 2187 715 muita
2218 626 2280 687 'in
2324 638 2470 693 obitu

346 754 351 758 .
383 743 388 748 κ
410 710 530 779 filii
556 711 800 779 faceret,
839 708 1039 760 librum
1077 708 1138 761 de
1177 710 1300 762 vita
1323 711 1490 780 pueri
1527 710 1688 763 etiam
1726 705 1921 772 edidit,
1956 719 2071 762 tam
2107 717 2470 780 ineptum,.ut

424 801 457 834 a
482 794 649 853 puero
675 782 915 852 scriptus
951 780 1249 835 videretur.

751 504 819 559 C.
892 502 1336 558 Piinius
1412 500 1430 519 ²
1503 499 1899 554 Larino
1977 496 2158 554 Suo
2231 500 2284 556 S.

453 915 602 986 Aepe
644 916 737 970 tibi
778 917 936 977 dico,
976 916 1137 971 inesse
1179 918 1287 971 vim
1331 914 1572 986 Regulo,
1607 918 1806 971 mirum
1842 915 1945 979 est,
1987 916 2002 942 ³
2040 933 2200 988 quam
2237 917 2473 984 efficiat,

453 991 502 1041 in
540 989 689 1059 quod
730 989 989 1043 incubuit.
1071 990 1274 1044 Placuit
1315 991 1363 1043 ei
1404 990 1586 1057 lugere
1627 989 1826 1043 filium:
1866 988 2013 1057 luget
2052 1003 2110 1043 ut
2153 993 2471 1062 nemo.pla-

349 1063 463 1116 cuit
481 1061 666 1116 statuas
681 1060 791 1132 ejus
808 1061 860 1115 &
874 1063 893 1088 ⁴
905 1062 1163 1132 imagines
1179 1078 1341 1132 quam
1356 1061 1608 1133 plurimas
1621 1060 1798 1114 facere
1813 1095 1828 1118 ,
1855 1059 1960 1112 hoc
1974 1059 2220 1121 omnibus
2235 1060 2470 1118 officinis

279 1173 281 1175 .
347 1135 475 1205 agit.
515 1133 666 1189 illurn
689 1133 991 1199 coloribu8‚
1029 1153 1045 1180 ε
1067 1134 1218 1189 illum
1240 1152 1362 1189 cera
1386 1171 1402 1198 ,
1440 1133 1591 1190 illum
1622 1149 1777 1195 aere,
1815 1130 1965 1187 illum
1989 1145 2246 1202 argento,
2285 1130 2471 1191 ‘illurn

2303 1223 2467 1272 aure,

347 1342 430 1382 deb.
452 1343 517 1381 alia
538 1344 708 1392 patriciae
730 1344 827 1383 sedis.
854 1343 954 1383 Vide
976 1343 1161 1387 Sirmond.
1181 1344 1227 1383 ad
1250 1345 1375 1395 Apoll.
1408 1340 1416 1409 ί
1437 1341 1503 1392 ipse
1524 1343 1640 1393 neceffe
1661 1341 1705 1400 ιβ
1729 1341 1897 1400 vigilias,
1923 1340 1990 1392 ipse
2014 1339 2169 1379 laborem
2195 1351 2298 1381 tuum
2332 1342 2468 1395 imperi-J

349 1394 477 1432 Sidon.
504 1394 661 1432 venun.
1443 1394 1506 1431 das
1522 1421 1532 1439 ,
1552 1392 1588 1443 st
1608 1392 1700 1431 effici
1723 1406 1762 1430 cu
1786 1407 1826 1431 15.

400 1457 415 1482 1
449 1444 606 1493 Aliquid
635 1445 674 1481 in
702 1445 763 1483 hoc
795 1446 896 1483 litore
926 1454 1029 1495 para.
1057 1444 1074 1493 ]
1103 1445 1195 1483 Non
1220 1445 1371 1493 dubito,
1491 1456 1515 1491 4
1545 1445 1731 1500 Imagines.
1758 1402 1783 1493 f
1826 1445 1935 1491 Quae
1966 1449 2080 1480 notae
2110 1440 2223 1500 sunt,
2253 1441 2382 1492 quibus
2405 1445 2473 1492 ea}

344 1495 434 1542 quin
469 1495 602 1532 Noster
634 1494 803 1545 scripserit
834 1495 978 1546 aliquod
1001 1524 1012 1541 ,
1050 1496 1088 1533 δε
1130 1497 1291 1535 retulerit
1328 1499 1374 1537 ad
1442 1505 1537 1544 quae
1568 1494 1756 1532 ediscenda
1780 1494 1859 1531 sunt
1881 1501 2079 1538 notamus,
2107 1493 2166 1531 vel
2189 1506 2304 1542 imago
2327 1493 2376 1531 est
2395 1497 2472 1534 col-

338 1545 537 1592 praedium.
583 1546 683 1583 Nam
705 1547 845 1597 aliquid
863 1556 956 1597 para
978 1557 1056 1584 non
1076 1546 1186 1585 habet
1208 1547 1350 1587 sensum
1364 1579 1374 1595 ‚

346 1592 375 1630 si
405 1595 453 1634 [ιε
488 1594 693 1644 simpliciter
726 1606 892 1647 ponatur.
940 1597 1161 1636 Sciiizfreii.
1210 1598 1372 1639 Tirones

345 1650 477 1684 tamen
514 1655 651 1684 norunt
672 1676 684 1693 ,
733 1649 831 1686 reeie
861 1647 932 1686 dici
963 1649 1002 1687 &
1036 1647 1140 1686 bono
1163 1660 1250 1687 cum
1273 1649 1374 1689 sensu

340 1702 435 1743 para
457 1695 597 1746 aliquid
611 1724 621 1740 ‚
648 1709 714 1744 pro
738 1710 822 1735 eme
841 1698 976 1748 aliquid
990 1726 1000 1743 ,
1025 1705 1067 1736 ut
1089 1698 1172 1738 Lib.
1195 1700 1224 1737 Ι.
1256 1701 1372 1738 exclu-

348 1743 429 1785 dere
450 1746 591 1796 aliquid
604 1774 615 1789 ,
642 1748 806 1784 (imitare
828 1759 893 1784 aut
917 1759 1038 1786 notare
1057 1749 1194 1799 aliquid
1218 1752 1256 1789 ὃς
1276 1750 1373 1792 simi-

348 1794 405 1832 lia.
461 1797 553 1834 Non
585 1795 668 1833 dico
693 1825 703 1841 ‚
741 1798 891 1845 intelligi
923 1796 1026 1846 poffe
1058 1799 1194 1848 aliquid
1212 1803 1374 1849 praedio-

347 1858 454 1889 rum;
484 1847 544 1884 sed
564 1845 590 1884 fi
613 1849 777 1885 maxime
801 1847 845 1884 ad
869 1847 1014 1896 praedia
1039 1849 1078 1885 τὶ
1100 1849 1237 1898 aliquid
1249 1852 1373 1892 referri

345 1905 534 1945 nequeat,
560 1897 756 1945 saepiffime
778 1898 823 1943 ab
846 1898 922 1946 ipso
944 1897 1073 1936 Tullio
1097 1899 1283 1940 Neutrum
1295 1903 1373 1941 sub-

346 1946 466 1984 iicitur
491 1947 628 1987 talibus
655 1948 880 1986 Nominibus
903 1976 914 1993 ‚
944 1960 1038 1998 quae
1059 1948 1108 1987 illi
1129 1961 1208 1987 non
1227 1952 1374 2000 respon-

349 1995 450 2034 dent.
478 1998 577 2036 Vide
597 1999 743 2035 interim
765 1998 810 2037 ad
833 1998 967 2037 Sallust.
990 2000 1072 2037 Cat.
1095 2011 1173 2048 cap.
1198 2001 1304 2041 LVI.
1336 2015 1372 2041 n.

349 2059 388 2094 ς.
411 2049 450 2086 ὅ(
474 2048 551 2097 lug.
575 2060 651 2097 cap.
674 2048 793 2086 XXX.
816 2061 852 2086 n.
870 2062 904 2096 4.

403 2109 424 2134 2
455 2097 615 2147 Lepida]
639 2099 808 2147 Largium
835 2101 1001 2149 Lepidum
1024 2101 1189 2140 decimae
1220 2101 1374 2150 legionis

347 2147 581 2196 praefectum
605 2150 642 2185 in
664 2151 937 2197 expugnatione
950 2150 1298 2198 Hierosolymarum
1311 2155 1374 2192 ad-

350 2197 450 2236 ducit
470 2200 670 2248 Josephus,
698 2202 868 2247 quamvis
898 2199 966 2238 sint
998 2202 1216 2250 exemplaria
1242 2231 1252 2246 ‚
1278 2216 1373 2253 quae

346 2246 552 2295 significent
582 2250 676 2286 hanc
709 2249 917 2298 epistolam-.
929 2251 1093 2299 scriptam
1124 2257 1267 2300 Luperco
1290 2283 1299 2298 ‚
1327 2257 1374 2294 :id

347 2309 465 2346 quem
486 2299 568 2337 alibi
591 2299 788 2338 Secundus.
827 2302 982 2338 Cum.
1020 2302 1170 2339 Catium
1207 2305 1374 2352 Lepidum

347 2348 516 2387 Riecard.
537 2351 575 2387 in
598 2349 721 2388 Indice
743 2359 876 2394 vocat,
905 2352 942 2388 ὅ(
967 2351 1154 2400 Gryphius
1179 2353 1274 2393 Aulo
1311 2361 1374 2393 Le-

343 2399 427 2446 pido
449 2400 630 2449 inscripsit.
659 2402 782 2439 Ceteri
805 2400 916 2439 nostri
937 2401 1058 2440 Codd.
1082 2401 1290 2451 simpliciter
1313 2411 1376 2445 Le-

345 2449 450 2497 pido:
482 2452 598 2489 nullus
624 2457 781 2500 Luperco.
1110 2490 1115 2491 ⁷

402 2511 420 2547 3
450 2503 574 2548 Quam
598 2501 751 2546 efficiat,
779 2502 818 2539 in
842 2502 935 2551 quod
956 2501 1126 2541 incubuit.
1149 2501 1164 2552 ]
1195 2504 1376 2546 Obstinati

347 2551 461 2588 animi
485 2561 605 2590 motu.
624 2564 705 2589 eam
731 2554 833 2596 vim,
860 2553 922 2590 seu
940 2554 1185 2593 intentionem
1199 2556 1377 2607 quidquid

349 2601 438 2638 velis
460 2601 649 2640 obtinendi
671 2604 850 2641 nominat.
878 2603 1061 2642 Laudavit
1083 2605 1130 2642 ita
1152 2605 1206 2643 M.
1221 2606 1375 2648 Brutum

350 2648 498 2689 Tullius
519 2681 533 2696 ,
567 2653 625 2692 sed
658 2655 842 2691 contrario
872 2654 972 2692 sensu
996 2668 1004 2692 :
1045 2656 1147 2704 Qid
1170 2656 1235 2694 uid
1267 2659 1376 2705 vult,

352 2701 463 2755 svalde
487 2703 583 2757 pult.
613 2704 762 2740 Mnms.
790 2703 965 2742 Mallem:
989 2718 1097 2753 quam
1109 2668 1259 2752 efficiat,
1286 2713 1378 2758 quod

350 2752 510 2789 incubuit
526 2782 537 2797 ‚
563 2753 638 2791 sine
671 2752 955 2802 Praepositione.
998 2756 1025 2793 B
1040 2768 1060 2792 Α
1075 2769 1099 2793 R
1118 2769 1140 2794 τ
1156 2769 1191 2794 H.
1221 2757 1292 2795 Sed
1314 2772 1377 2798 cur

355 2801 464 2840 malle
497 2802 671 2841 debemus
697 2832 708 2849 ,
737 2804 840 2854 quod
863 2833 873 2849 ‚
902 2805 994 2843 silva
1018 2806 1217 2845 Latinitate
1240 2836 1251 2853 ,
1280 2809 1378 2849 salvo

357 2847 457 2887 sensu
477 2880 487 2894 ,
525 2855 654 2892 nolunt
685 2854 774 2892 libri.
830 2855 943 2893 Aldus
978 2858 1016 2895 δε
1041 2856 1243 2906 Stephanus
1266 2858 1377 2900 dede-

358 2906 475 2936 runt:
512 2915 618 2948 quam
653 2904 784 2950 effigiat
808 2932 818 2948 ,
854 2906 892 2942 in
925 2908 1017 2955 quod
1047 2907 1205 2946 incubuit
1228 2937 1238 2953 ‚
1266 2912 1375 2948 etiam

360 2955 489 2984 contra
510 2951 630 2987 Codd.
654 2955 713 3000 qui
737 2961 862 2990 tamen
887 2956 1054 2994 facillime
1077 2959 1120 2996 C.
1146 2961 1183 2996 ὅ(
1207 2960 1255 2996 G.
1286 2962 1379 2999 inter

359 2993 396 3031 se
423 3007 652 3036 commutare
675 3002 798 3037 solent.
838 3004 991 3042 Notavit
1015 3018 1177 3046 errorem
1200 3011 1288 3048 olim
1323 3010 1376 3046 Io.

362 3044 498 3082 Savaro
520 3047 564 3082 ad
588 3048 709 3084 Sidon.
731 3049 799 3084 Vl.
826 3051 929 3098 Epist.
951 3056 1034 3092 XII.
1056 3069 1133 3104 pag.
1159 3059 1239 3106 384.
1268 3060 1378 3096 Sene-

361 3103 404 3132 m
424 3094 530 3144 Epist.
553 3097 715 3152 XXYH.
743 3098 902 3139 Multum
926 3102 1030 3149 restat
1053 3109 1155 3154 operis
1177 3136 1189 3156 ,
1225 3110 1265 3149 in
1287 3108 1378 3159 quod

1440 1545 1530 1583 latio
1565 1544 1710 1582 formae
1739 1555 1825 1582 cum
1857 1543 1978 1581 forma
2010 1555 2096 1582 cum
2123 1543 2282 1594 quadam
2307 1541 2472 1584 similitu-

1442 1595 1538 1633 dine.
1567 1595 1633 1633 Tu
1661 1605 1753 1633 vero
1773 1596 1835 1633 hic
1858 1594 2023 1644 imagines
2047 1593 2142 1632 refer
2165 1593 2212 1632 ad
2236 1593 2416 1643 picturam
2431 1599 2472 1636 &

1438 1656 1584 1690 ceram,
1603 1644 1746 1693 statuas
1768 1645 1814 1683 ad
1833 1656 1901 1689 ea,
1927 1656 2020 1693 quae
2052 1643 2145 1682 fiunt
2178 1657 2223 1683 ex
2257 1654 2471 1693 marmore,

1438 1707 1522 1734 aere
1545 1725 1556 1742 ‚
1593 1703 1746 1744 argento
1781 1697 1820 1734 &
1859 1694 2041 1733 similibus.
2070 1696 2225 1734 Ciris.
2256 1695 2312 1733 Sic
2333 1695 2470 1737 habent

1441 1746 1616 1795 Optimus
1631 1774 1641 1790 ,
1669 1746 1835 1785 Riccard.
1857 1744 2029 1794 Bongars.
2053 1746 2093 1784 &
2112 1757 2197 1784 cum
2221 1746 2296 1784 aliis
2329 1746 2469 1786 Aldus:

1433 1795 1568 1843 placuit
1589 1795 1731 1843 statuas
1766 1799 1842 1836 eius
1877 1798 1917 1834 ὅ(
1957 1795 2124 1845 imagines
2160 1805 2229 1835 cet.
2255 1796 2411 1835 Helmst.
2433 1801 2475 1838 δε

1439 1845 1508 1884 Ed.
1529 1847 1617 1885 Vet.
1641 1847 1813 1886 ordinem
1835 1853 1981 1885 mutant
2013 1860 2021 1884 :
2050 1846 2135 1884 Eius
2160 1846 2303 1893 statuas
2334 1846 2472 1894 (status

1440 1896 1489 1935 est
1521 1897 1696 1936 mendose
1728 1899 1767 1936 in
1800 1898 1885 1936 Vet.
1919 1897 2012 1945 Ed.)
2050 1897 2210 1947 placuit,
2237 1907 2281 1936 <9¹
2304 1897 2472 1946 imagines

1442 1957 1510 1986 cet.
1541 1948 1593 1985 At
1616 1946 1718 1986 Voff.
1743 1951 1782 1988 &
1807 1949 2017 1998 Gryphius:
2041 1947 2180 1998 placuit
2194 1946 2337 1994 statuas
2361 1950 2393 1986 ei
2425 1960 2470 1989 εν·

1436 1997 1605 2048 imagines
1620 2027 1630 2043 ,
1659 2007 1727 2036 cet.
1750 1999 1854 2049 quod
1881 1998 2141 2038 recentioribus
2163 1996 2293 2036 adrifit.
2335 1999 2469 2039 Grute-

1436 2059 1495 2086 rus
1525 2051 1634 2087 tacite
1667 2048 1819 2087 dubium
1848 2051 1936 2087 illud
1967 2048 2267 2087 Provocabulum
2313 2049 2470 2089 exsulare

1438 2100 1542 2138 iuffit.
1593 2101 1674 2139 Nos
1706 2110 1792 2139 cum
1824 2099 2073 2150 antiquissimis
2105 2099 2176 2136 eius
2210 2107 2401 2144 tenemus,
2429 2108 2470 2139 ut

1443 2150 1524 2188 Lib.
1544 2150 1571 2187 Ι.
1597 2149 1704 2199 Epist.
1729 2149 1855 2187 XVII.
1879 2162 1914 2187 n.
1940 2164 1971 2188 1.
2009 2155 2054 2187 Ut
2071 2147 2139 2196 fibi
2170 2149 2288 2187 liceret
2317 2150 2467 2189 statium

1444 2199 1487 2236 L.
1513 2201 1645 2249 Syllani
1666 2201 1703 2237 in
1718 2200 1799 2247 soro
1819 2210 1952 2252 ponere.
1991 2201 2133 2238 Minuc.
2164 2200 2238 2238 Fel.
2270 2211 2349 2250 cap.
2381 2201 2472 2240 vn.

1444 2249 1550 2296 Testes
1579 2250 1799 2301 equestrium
1824 2252 1978 2290 fratrum
1998 2252 2037 2288 in
2064 2250 2141 2288 lacu
2169 2279 2179 2296 ,
2209 2250 2291 2296 (icat
2306 2253 2345 2300 se
2366 2250 2472 2298 oflen-

1444 2303 1574 2338 derant
1599 2330 1609 2346 ,
1659 2301 1795 2339 statuae
1829 2302 2059 2350 consecratae.
2091 2301 2184 2339 adde
2229 2301 2351 2340 Eiusd.
2390 2311 2465 2348 cap.

1442 2350 1588 2392 xxm.
1635 2352 1846 2391 LaCtantius
1881 2353 1960 2392 Lib.
1997 2352 2025 2388 I.
2059 2363 2136 2401 cap.
2170 2351 2237 2390 XI.
2290 2357 2345 2387 lta
2372 2349 2471 2385 enim

1443 2401 1600 2440 deorum
1647 2401 1835 2440 simulacra
1880 2403 2094 2453 confingunt.
2142 2404 2232 2450 Cap.
2268 2399 2464 2452 XV.·1tae*

1443 2465 1506 2500 que
1536 2452 1692 2491 homines
1728 2465 1859 2494 eorum
1892 2453 2079 2492 simulacra
2105 2453 2298 2505 finxerunt.
2328 2446 2459 2500 Cicero

1441 2502 1490 2541 11.
1514 2504 1619 2542 Verr.
1643 2516 1720 2554 cap.
1741 2504 1883 2543 LXIII.
1907 2506 2028 2543 Huius
2049 2503 2182 2558 statuqe
2192 2492 2432 2557 ρ’·’ξῦὕῐῖθω
2446 2523 2457 2541 ,

1443 2555 1481 2591 &
1513 2552 1561 2592 fic
1596 2556 1726 2593 Livius
1758 2556 1902 2605 aliique.
1956 2557 2016 2594 De
2048 2553 2308 2603 ιπειιῑκῐιΡῑῑῚῑῦῐῑ1
2329 2553 2454 2582 amem

1439 2604 1502 2642 ista
1526 2633 1536 2649 ‚
1585 2617 1655 2656 qua
1686 2608 1723 2644 in
1755 2606 1883 2644 talibus
1917 2607 2087 2644 Tertium
2121 2597 2251 2650 Casum
2286 2594 2461 2650 Secundo

1442 2655 1679 2742 {ubstitgiunn
1707 2656 1888 2707 copiosius
1920 2655 2057 2694 dietum
2088 2648 2132 2685 ad
2165 2645 2246 2682 le·
2275 2643 2322 2681 ῙῙ·
2345 2644 2457 2694 Eplst-

1496 2718 1531 2804 ξ’
1547 2709 1799 2806 11ὶ>μὲοὲ;ἒ,]
1827 2759 1848 2794 i.
1872 2754 2046 2801 figmento
2059 2756 2178 2783 cereo.
2206 2744 2359 2783 BARTH.
2388 2746 2456 2784 Di.

1446 2805 1547 2845 &um
1571 2807 1616 2845 ad
1639 2807 1769 2846 Sallust.
1793 2806 1867 2852 lug.
1891 2813 1968 2848 cap·
1992 2797 2057 2837 lV·
2079 2808 2113 2851 ¹¹,-
2136 2796 2169 2851 6.
2225 2801 2304 2832 ΝΜ
2328 2807 2453 2833 CCV-³¹1¹

1442 2856 1544 2894 illam
1560 2886 1570 2901 ‚
1597 2870 1704 2906 neque
1718 2855 1873 2902 figuram
1895 2860 2038 2903 taniam
2063 2860 2139 2903 vina
2158 2859 2195 2882 m
2209 2847 2278 2895 sese
2316 2845 2453 2884 haberes

1445 2907 1632 2944 Nonnulla
1665 2905 1710 2942 ad
1741 2904 1845 2940 huius
1873 2900 1942 2938 loci
1973 2897 2240 2935 illustrationem
2266 2896 2375 2935 habet
2399 2897 2454 2938 Cl.

1445 2954 1646 2994 Markland.
1668 2953 1712 2990 ad
1736 2952 1832 2988 Statii
1855 2951 1903 2986 V.
1929 2948 2012 2985 Silv.
2037 2948 2063 2986 I.
2088 2959 2137 2985 vs.
2159 2959 2201 2996 23
2210 2960 2240 2996 3.

1493 3005 1515 3039 6
1549 3003 1650 3039 Illum
1671 3013 1757 3038 auro
1780 3027 1790 3043 ‚
1818 2998 1921 3037 illum
1945 2998 2038 3036 ebore
2063 3026 2072 3042 ,
2099 3010 2172 3037 cys.
2198 2998 2211 3046 Ἴ1
2243 2997 2361 3046 Magis
2383 2999 2457 3047 pla·

1443 3060 1523 3088 cet:
1546 3063 1631 3089 auro
1655 3076 1665 3092 ‚
1692 3049 1810 3093 ebore,
1849 3062 2032 3086 marmore.
2086 3049 2185 3086 Nam
2220 3057 2380 3086 mutatur
2403 3048 2456 3088 di-

1440 3100 1546 3142 cendi
1577 3098 1709 3140 modus
1727 3127 1740 3147 ,
1782 3102 1821 3142 &
1851 3101 1982 3141 vitatur
2006 3100 2163 3141 nimium
2185 3100 2306 3140 crebra
2325 3098 2455 3153 repeti-

2375 3155 2458 3192 tw»
