2616 3686
601 162 1729 259 Lrssssntvsnprs‘roLA
1797 209 1942 260 xiv.

2211 218 2304 286 287

180 298 394 359 festum.
429 316 431 319 ’
465 286 577 346 Sed
621 284 750 360 quid
784 298 888 353 ego
914 280 1060 352 plura
1088 277 1106 332 ?
1159 290 1172 311 ¹
1199 279 1334 334 Nam
1365 281 1522 350 longa
1544 283 1872 351 praefatione
1911 286 1991 340 vel
2029 291 2301 350 excusare,
2346 295 2376 346 8

186 372 271 426 vel
317 361 699 422 commen-dare
735 355 996 424 ineptias,
1046 353 1066 372 ²
1097 351 1484 420 ineptissimum
1526 354 1616 408 est.
1697 355 1878 410 Unum
1919 358 2046 413 illud
2095 363 2304 430 praedi-

1039 424 1054 453 ³

184 440 418 496 cendum
458 436 670 490 videtur
697 471 712 496 ‚
760 427 1000 498 cogitare
1102 441 1190 479 me
1216 424 1306 481 has
1333 443 1498 499 nugas
1528 443 1668 481 meas
1694 428 1763 484 ita
1787 429 2103 494 inscribere,
2145 432 2302 491 Hen-

180 510 496 583 *decasyllabi
521 548 535 570 ,
585 506 675 578 qui
715 501 894 556 titulus
935 497 1038 554 sola
1074 501 1232 554 metri
1270 499 1426 570 lege⁴
1464 499 1863 572 constringitur.
1926 503 2164 558 Proinde
2194 507 2298 562 five
2340 515 2373 555 9

188 588 600 664 epigrammata,
638 577 740 631 five
764 570 1012 697 §ridymia’
1052 572 1158 655 sive
1185 565 1441 699 lte-clojgaffi¹
1475 571 1699 674 five-(ut
1723 575 1912 643 multi)
1953 576 1971 599 ⁶
2007 582 2303 705 ξοῇωεὲα,

179 657 275 784 {²2¹}
299 650 834 796 ῧὲἓέξζέὲῖιῖἓῗῗ
864 658 1568 800 ἓῗὲξῗέἷῗέῑέἳίἐῑρὲῑῗῗὸ
1587 689 1612 760 ·.
1641 661 2299 791 θὲἓοῗὲἓᾞωεηοᾞέἆ

186 748 418 857 ἀὶὲζυτιις
445 814 499 851 es
521 796 655 858 aliis,
696 792 824 847 mihi
858 790 1020 846 dicas,
1053 807 1234 862 neque
1257 789 1331 844 est
1356 789 1612 854 difficile,
1648 793 1799 866 quod
1853 792 2079 864 postulo.
2158 796 2299 852 Nam

184 871 263 928 ’fi
286 868 723 941 hoclopusculum
752 863 1021 934 nostrum,
1057 877 1144 917 aut
1175 861 1506 936 potissimum
1541 864 1670 919 effet
1688 902 1705 929 ,
1742 880 1831 920 aut
1858 866 2061 928 solum,
2084 864 2298 924 fortaffe

176 941 574 1073 paffehdturum
613 937 783 1067 vdderi
824 936 1048 1065 dilcserle',
1088 935 1306 1009 Quaere
1327 935 1479 1008 quod
1501 952 1661 1009 agas:
1715 939 1877 994 molle
1910 940 1961 994 &
2001 940 2296 1020 humanum

178 1033 206 1071 e
258 1054 276 1080 ,
376 1032 406 1070 a
444 1030 497 1069 es
524 1029 634 1086 quo
698 1025 838 1083 agas,
919 1026 963 1061 ·a
1019 1051 1033 1063 .
1878 1023 1894 1037 =

2157 1148 2291 1208 XV.

954 1261 969 1277 0

220 1300 238 1329 ι
270 1293 369 1327 Nam
389 1290 559 1338 longiore
567 1285 825 1340 praefatione]
858 1286 1194 1337 Optimus&Lin-
1267 1286 1413 1326 evincit.
1463 1289 1520 1327 Sic
1551 1286 1646 1326 infra
1669 1287 1779 1337 Epistss.
1803 1281 1965 1326 XXVII.
1989 1299 2026 1326 rr.
2052 1300 2081 1326 1.
2110 1289 2298 1327 Poematia

167 1340 288 1380 denbr.
330 1348 429 1380 Nam
461 1342 573 1390 longa
600 1339 816 1390 praefatione
841 1367 852 1385 ,
889 1338 995 1390 quod
1043 1348 1197 1376 revoca·
1267 1338 1451 1389 adpellat,
1478 1340 1539 1378 ubi
1561 1339 1690 1378 eadem
1714 1342 1877 1378 varietas.
2300 1391 2304 1394 γ

170 1393 304 1431 vimus,
1318 1401 1336 1436 7
1369 1389 1685 1439 Hendecasyllabos
1718 1390 1868 1439 praesto.
1896 1389 1910 1439 ]
1960 1391 2130 1429 Verbum
2156 1389 2301 1440 praesto.

215 1455 237 1480 2
268 1440 512 1491 Ineptiffimum
542 1440 624 1490 est]
655 1442 845 1486 Imitatur,
872 1448 914 1478 ut
926 1440 1016 1479 vidit
1030 1441 1165 1478 Savaro
1181 1469 1191 1485 ,
1267 1437 1460 1479 Mediceus
1481 1442 1519 1480 &
1543 1440 1743 1478 Lindenbr.
1766 1440 1990 1485 excludunt,
2018 1450 2059 1479 ut
2082 1442 2303 1489 intelligatur

163 1491 334 1532 Sidonius
359 1493 438 1533 Lib.
463 1490 528 1527 IX.
550 1491 658 1539 Epist.
680 1491 747 1528 111.
775 1494 841 1529 Sed
862 1490 926 1536 ista
948 1493 1114 1540 quorsum
1119 1490 1190 1538 sto·
1267 1490 1396 1527 vocabo
1412 1519 1423 1535 ‚
1462 1503 1507 1530 ex
1540 1491 1789 1539 superioribus.
1817 1492 1974 1539 Ele-gans
1993 1492 2146 1541 quidem
2169 1491 2304 1540 fignifi-

165 1542 256 1580 lidus
289 1544 357 1580 alle
383 1557 398 1579 o
423 1551 436 1578 .³
468 1546 564 1578 Nam
587 1542 691 1578 nimis
715 1542 890 1589 deprecari
922 1542 1071 1590 ineptias
1101 1541 1190 1591 ipsas
1268 1547 1367 1579 catus
1399 1541 1536 1590 vulgati
1568 1542 1668 1580 verbi
1691 1570 1703 1587 ,
1739 1542 1843 1592 quod
1865 1553 1943 1578 non
1963 1542 2081 1580 modo
2105 1542 2302 1588 ebebere,

164 1592 208 1640 est
229 1594 479 1644 ineptissmum.
1267 1588 1327 1627 sed
1361 1592 1472 1630 etiam
1504 1593 1707 1642 periculum
1735 1594 1786 1631 rei
1804 1594 1842 1630 in
1866 1591 1898 1629 se
1921 1592 2095 1641 suscipere
2118 1592 2299 1639 denotat,

217 1655 234 1693 3
267 1651 327 1682 Me
360 1643 425 1679 has
463 1654 573 1691 nugas
607 1654 701 1679 meas
723 1642 778 1678 ita
801 1638 933 1690 infin]
964 1641 1046 1679 Nec
1066 1655 1187 1688 meas,
1265 1647 1306 1676 ut
1337 1645 1548 1681 memoravi
1579 1643 1626 1680 ad
1656 1644 1734 1681 Cic.
1766 1643 1854 1681 VH.
1888 1642 1997 1691 Epist.
2032 1642 2156 1680 XVII.
2196 1655 2231 1682 n.
2260 1655 2297 1691 9.

164 1705 234 1733 nec
264 1697 318 1733 ita
353 1692 551 1732 Lindenbr.
584 1692 782 1740 agnoscunt
813 1698 982 1740 excerpta
1026 1694 1065 1729 &
1105 1694 1187 1732 MS.
1262 1691 1365 1737 Qae
1395 1706 1450 1741 ego
1483 1692 1547 1729 tibi
1579 1703 1623 1731 ω·
1655 1694 1838 1738 iucunda,
1863 1703 1908 1730 <7
1931 1692 2071 1740 honesta
2095 1694 2298 1744 praestabo.

165 1745 293 1783 Oxou.
324 1747 365 1783 In
391 1741 543 1781 I-Iclmil.
567 1742 692 1780 desunt
714 1756 766 1780 me
791 1743 828 1781 ὅ(
850 1754 943 1779 meas
967 1756 978 1784 ;
1009 1741 1076 1779 Ed.
1098 1744 1184 1782 Vet.
1262 1739 1355 1779 adde
1379 1742 1458 1779 Lib.
1481 1742 1551 1781 VI.
1579 1742 1686 1792 Epist.
1710 1743 1736 1780 Ι.
1758 1756 1795 1780 n.
1821 1755 1955 1792 11.pr0
1971 1745 2068 1782 Sext.
2081 1745 2301 1794 capXVII.

164 1808 259 1833 meas
293 1797 478 1845 expungit.
519 1792 740 1831 Mediceus:
777 1793 924 1841 cogitare
953 1804 1049 1829 meas
1073 1805 1185 1842 nuga,-
1264 1791 1334 1829 Sed
1373 1790 1400 1829 fi
1431 1794 1499 1833 hac
1526 1795 1684 1832 notione
1717 1796 1834 1843 capias
1858 1822 1869 1839 ‚
1918 1803 1960 1831 ut
1997 1807 2125 1844 capere
2165 1795 2299 1842 debes,

162 1845 215 1881 ita
238 1847 419 1892 inscribere
443 1843 762 1891 Hendecafyllabos.
790 1843 846 1881 Ex
859 1855 936 1893 quo
949 1842 1182 1883 manifestum
1262 1842 1360 1880 nulla
1393 1845 1430 1882 vi
1463 1845 1767 1892 coniunguntur:
1807 1845 2124 1894 Hendecasyllabos
2154 1847 2302 1896 praestoe.

160 1894 232 1937 est,
258 1897 415 1934 Plinium
439 1892 638 1943 reliquiss'e:
665 1895 811 1944 cogitare
832 1908 886 1931 me
902 1893 966 1930 has
988 1906 1099 1942 nugas
1128 1895 1184 1932 in-
1263 1890 1488 1933 Fideliffimis
1511 1896 1733 1934 membranis
1754 1907 1824 1945 ego
1847 1895 2021 1934 accedam
2047 1926 2058 1943 ,
2097 1899 2135 1935 δε
2160 1897 2296 1947 praesto

154 1944 300 1992 scribere
322 1943 649 1992 Hendecasyllabos‚
679 1945 781 1994 quod
802 1944 959 1994 ipsum-a
984 1955 1099 1982 manu
1111 1949 1182 1995 pri·
1264 1942 1468 1984 obliterem.
1849 1965 1854 1970 ·

161 2005 220 2030 ma
245 1997 374 2033 Oxon.
397 1997 541 2044 accepit.
571 1994 660 2034 Illud
683 1994 867 2034 insititium
890 1996 943 2032 ita
967 1997 1183 2035 notaelitte-
1317 1994 1337 2032 8
1367 1996 1446 2041 Ut,
1469 1997 1579 2048 quod.
1594 2026 1623 2035 ..
1647 1997 1740 2035 mihi
1761 1996 1900 2047 dicas]
1931 1999 1988 2037 Sic
2008 1999 2178 2047 vulgatae
2200 1998 2298 2038 Edd,

161 2047 287 2082 tatoris
319 2047 467 2084 debetur
491 2074 501 2090 ,
545 2057 605 2095 qui
640 2058 702 2094 per
735 2045 771 2084 id
801 2046 1025 2084 indicaverat
1046 2060 1180 2095 nugas,
1260 2045 1371 2083 etiam
1408 2049 1556 2086 Gruteri
1580 2077 1590 2092 ,
1620 2049 1797 2087 Catanaei
1823 2079 1833 2094 ‚
1865 2050 2015 2088 Minois.
2043 2050 2097 2086 At
2120 2050 2228 2089 MSS.
2255 2063 2299 2088 o-

156 2104 231 2131 non
255 2097 353 2134 alitfi·
376 2096 599 2135 scribendum
618 2096 686 2134 effe
702 2126 712 2141 ,
739 2105 779 2134 ut
801 2097 838 2134 in
860 2098 1061 2135 veterrimis
1085 2098 1182 2137 libris
1259 2106 1389 2143 mnes,
1414 2100 1505 2138 item
1538 2098 1608 2137 Ed.
1644 2101 1731 2137 Vet.
1763 2100 1878 2138 Aldus
1900 2103 1938 2139 ὃ(
1959 2101 2146 2150 Gryphius
2169 2113 2211 2139 ut
2234 2101 2297 2140 de-

158 2146 288 2183 ratiora
319 2147 492 2185 vocabula
515 2146 670 2196 inssgniri
693 2148 818 2185 solent.
1258 2145 1344 2186 lent.
1387 2150 1444 2187 Sic
1478 2151 1560 2188 Lib.
1594 2149 1622 2186 Ι.
1654 2150 1764 2199 Epist.
1790 2152 1837 2187 V.
1862 2164 1896 2188 n.
1919 2152 1952 2189 8.
1981 2158 2066 2200 Rogo
2083 2180 2093 2194 ‚
2121 2165 2227 2190 mane
2241 2154 2299 2190 vi-

205 2207 227 2241 4
254 2197 521 2247 Constringitur.
549 2196 563 2246 ]
602 2197 657 2236 Sic
690 2199 859 2238 meliores
880 2197 1022 2247 scripti,
1052 2200 1092 2238 &
1115 2212 1178 2238 ex·
1261 2196 1343 2236 deas
1379 2200 1535 2239 Plinium
1569 2201 1688 2245 domi,
1717 2203 1756 2239 &
1778 2202 1917 2249 passim.
1946 2201 2050 2239 Idem
2075 2203 2206 2239 vitium
2230 2201 2296 2240 de-

156 2245 240 2283 cufi.
272 2248 342 2286 Ain
365 2248 600 2296 conscribitur.
1259 2250 1521 2296 prehendimus
1565 2250 1696 2289 Sallust.
1741 2253 1821 2289 Cat.
1863 2263 1940 2300 cap.
1988 2251 2166 2288 XXXIII.
2195 2263 2230 2288 n.
2261 2265 2296 2300 ς.

202 2310 219 2345 ς
252 2298 434 2348 Edylli.2.]
465 2299 695 2347 Slveidyllia.
724 2300 824 2338 Nam
838 2300 1042 2338 commode
1056 2302 1176 2340 Grae·
1262 2303 1305 2335 Te
1329 2311 1438 2347 atque
1446 2302 1619 2351 finarum
1651 2301 1866 2349 obtestamur
1887 2329 1900 2347 ,
1937 2300 2129 2339 consulatis
2161 2301 2297 2352 miseris

150 2357 191 2384 m
226 2346 338 2386 dictio
371 2348 534 2386 εἱὲύλλιιι
559 2378 570 2393 ,
607 2359 766 2401 utroque
788 2351 908 2388 versus
930 2351 1112 2389 transferri
1134 2352 1179 2390 ad
1261 2348 1409 2388 civibus.
1832 2354 1837 2358 ‘

147 2409 215 2436 nos
246 2400 386 2446 potest:
427 2412 520 2449 quae
551 2400 662 2439 leffio
685 2403 815 2440 melior
838 2400 886 2438 est
902 2430 912 2444 ‚
937 2412 1051 2450 quam
1078 2400 1189 2446 elegi:
1311 2413 1333 2447 9
1361 2402 1394 2439 si
1415 2399 1475 2437 hoc
1495 2402 1694 2451 opusculum
1711 2430 1722 2446 ,
1747 2401 1849 2452 wa]
1882 2402 1917 2440 Si
1937 2401 2026 2440 nihil
2051 2401 2148 2442 aliud
2175 2405 2314 2454 majo-‘-

148 2448 207 2485 dia
223 2477 232 2492 ‚
262 2461 474 2500 quanquam
512 2451 546 2488 id
579 2450 751 2498 significet
784 2462 910 2500 parvas
933 2453 1073 2499 elegias.
1102 2452 1180 2490 Ve-
1260 2449 1304 2486 ris
1327 2461 1460 2498 operae
1483 2451 1669 2505 edidissem
1690 2452 1892 2496 hactenus
1921 2462 1984 2490 aut
2006 2453 2176 2492 nondum
2189 2457 2314 2506 quiea

150 2507 231 2537 rum
251 2499 407 2539 Secundi
431 2512 579 2539 cirinen
600 2513 677 2539 non
702 2512 775 2541 etat
799 2502 944 2549 elegum
960 2530 970 2547 ,
1011 2504 1049 2540 ὅ(
1074 2502 1179 2550 lugu·
1260 2511 1372 2555 quain
1407 2500 1594 2540 edidillem
1629 2512 1769 2551 praeter
1799 2503 2118 2552 hendecasyllabos
2141 2520 2151 2549 ;
2205 2507 2295 2546 nihil

150 2548 211 2587 bre
235 2563 243 2588 :
290 2550 349 2588 sed
377 2552 548 2599 jocosum
589 2552 930 2601 hendecasyllabum
954 2581 964 2596 ‚
1013 2550 1177 2590 εὶὲύλλιιι
1260 2552 1342 2587 sane
1364 2551 1471 2599 egiss:
1495 2564 1556 2590 ine
1578 2553 1753 2592 hactenus
1768 2583 1778 2599 ,
1807 2556 1848 2592 δε
1868 2556 1904 2592 in
1928 2566 1966 2592 re
1988 2555 2123 2593 ludicra
2146 2565 2292 2595 tantum

155 2609 275 2638 autem
308 2612 423 2650 parva·
450 2613 633 2651 poemata.
674 2605 730 2641 Sic
755 2603 919 2641 Catullus
941 2602 1044 2640 suum
1067 2604 1180 2641 hex-a·
1261 2601 1415 2649 posuisse
1429 2602 1601 2653 ·studium
1635 2613 1762 2652 putare
1794 2614 1937 2653 poteras
1960 2620 1970 2648 ;
2012 2608 2050 2644 ὃς
2085 2608 2207 2656 itaque
2229 2636 2239 2651 ‚
2266 2607 2295 2646 si

159 2657 313 2689 metrum
329 2680 338 2695 ,
367 2651 412 2689 lic
437 2654 531 2701 ptius
555 2653 779 2692 Theocritus
804 2655 881 2692 suis
903 2654 1046 2702 eclogas
1062 2682 1072 2697 ‚
1096 2665 1181 2702 pro·
1263 2651 1383 2689 durius
1417 2665 1566 2691 mecum
1600 2665 1706 2703 agere
1739 2657 1850 2694 velles
1874 2685 1885 2701 ‚
1936 2656 2055 2694 dicere
2081 2672 2090 2699 ;
2133 2671 2258 2706 quaere
2281 2681 2315 2704 ,-

162 2697 242 2738 inde
271 2701 384 2740 statim
419 2703 534 2741 subdit
558 2732 567 2747 ‚
606 2703 680 2742 sive
715 2706 831 2753 placet
854 2714 998 2742 vocare.
1029 2704 1183 2743 CATAN.
1263 2704 1355 2751 quod
1375 2717 1472 2752 agas.
1503 2706 1564 2744 Sin
1587 2717 1676 2742 veto
1699 2707 1866 2751 mollius,
1894 2709 2180 2756 humaniusque,
2226 2708 2294 2746 ha·

168 2746 291 2803 idyllia
323 2753 518 2802 scripsimus
553 2766 597 2791 ex
632 2755 810 2794 Mediceo
838 2756 876 2792 ὃς
916 2754 1115 2793 L'mdenbr.
1139 2755 1184 2794 de
1263 2753 1342 2799 bes,
1371 2756 1462 2804 quod
1482 2769 1580 2806 agas.
1605 2756 1706 2794 Prius
1726 2758 1882 2804 imperat
1911 2786 1922 2800 ‚
1950 2759 1988 2795 ὅ(
2009 2759 2175 2807 objurgat
2198 2771 2314 2808 quo·-

219 2797 290 2836 tbus
322 2803 441 2842 videas
471 2805 652 2843 Vinctum
688 2805 733 2843 ad
765 2806 983 2844 Ausonium.
1023 2806 1185 2844 Riccard.
1265 2804 1495 2850 dammodo;
1525 2809 1646 2857 itaque
1666 2807 1911 2847 duriusculum
1935 2807 2005 2847 est:
2033 2810 2187 2846 alterum
2211 2821 2295 2848 mo-

185 2857 241 2900 891
259 2851 501 2899 epigrammata
516 2885 527 2900 ,
553 2855 626 2904 five
649 2857 785 2905 dagtia.
808 2858 937 2894 Oxou.
952 2855 1032 2905 five
1055 2856 1182 2894 dullia.
1265 2865 1327 2894 net
1361 2858 1399 2894 ὃς
1431 2858 1609 2895 monstrat
1634 2887 1644 2903 ,
1681 2858 1784 2908 quod
1807 2871 1917 2897 come
1943 2867 2054 2907 atque
2075 2860 2315 2901 humanum.-

176 2894 282 2950 Amz·
302 2901 338 2938 ὃ(
356 2903 420 2941 Ed.
444 2905 530 2943 Vct.
545 2904 623 2956 five
642 2906 760 2944 edulia
782 2922 792 2951 ;
823 2906 938 2944 Aldus
953 2906 1031 2957 five
1041 2907 1183 2945 edullia.
1266 2908 1474 2946 Bucam-211.
1513 2910 1683 2946 Muretus
1720 2910 1800 2948 Lib.
1833 2910 1937 2947 XVI.
1970 2910 2054 2947 Var.
2092 2910 2196 2948 Lcet.
2220 2923 2318 2960 cap.-

175 2942 315 2985 Deinde
344 2951 530 2994 Mediceus
564 2959 602 2995 δε
633 2958 794 2997 Riccard.
817 2957 971 3008 egloga55
1004 2957 1072 2996 Ed.
1097 2959 1183 2997 Vct.
1267 2957 1355 2995 XII.
1387 2960 1448 2998 ubi
1480 2959 1577 2997 hanc
1613 2958 1810 3006 περικοπνῖν
1843 2961 1986 3009 optime
2016 2962 2295 3010 interpretatur,

183 2993 343 3042 “3¹03st
1265 3009 1463 3058 legendum
1496 3010 1648 3049 censet:
1693 3017 1793 3048 Nam
1819 3010 1852 3061 fi
1883 3010 1943 3048 hoc
1979 3024 2070 3060 opus
2115 3011 2296 3057 nostrum,

225 3043 247 3076 6
274 3050 443 3103 Ροσφᾳεα.
463 3053 482 3102 ]
516 3055 644 3096 Immo
673 3060 848 3109 poematia
870 3059 1113 3109 arripiendum
1138 3059 1186 3098 est
1267 3062 1374 3110 eique
1395 3063 1614 3101 recentiores
1633 3061 1784 3110 quidam
1808 3062 1969 3101 obsecuti
1990 3063 2079 3100 sunt.
2119 3062 2186 3100 Sed
2209 3073 2295 3099 cuin

173 3104 218 3132 ex
232 3104 643 3155 primarusmembranis,
662 3110 766 3160 quod
777 3111 942 3152 additum
957 3139 968 3159 ,
989 3122 1032 3151 ut
1051 3111 1161 3151 multi
1174 3139 1185 3157 ,
1267 3110 1366 3151 idem
1399 3111 1516 3153 sensus
1543 3124 1589 3153 ex
1621 3113 1775 3163 vulgato
1805 3112 2003 3165 opusculum
2037 3118 2233 3198 emergatst
2255 3121 2296 3150 ut

2183 3172 2206 3199 ο
2237 3173 2302 3199 cn·

2346 739 2406 792 ¹02
