2616 3686
482 181 824 235 LIBER
890 179 1628 234 1V.Er³ts'1*0LA
1692 187 1864 238 XVII.
2146 213 2241 264 295

155 280 297 334 erat,
345 276 359 299 ¹
394 264 522 319 nihil
569 280 655 317 me
702 260 880 315 facere
934 272 1041 311 non
1095 256 1510 326 sapientisiime,
1575 277 1700 315 curn
1728 267 1906 318 omnia
1933 279 1998 318 ex
2020 273 2239 328 consilio

155 335 510 412 sapientiffimi
555 336 653 389 viri
702 334 948 388 facerem.
996 330 1144 397 Quin
1186 333 1345 383 etiam
1383 333 1620 385 moriens
1659 372 1674 397 ,
1754 335 1891 390 filiae
1929 336 2046 390 suae
2097 339 2113 358 ²
2151 351 2242 402 (ut

152 413 254 483 ipsa
302 411 430 463 solet
477 408 825 478 praedicare)
871 401 1060 454 multos
1113 403 1320 473 quidem
1376 404 1567 456 amicos
1632 407 1891 478 (inquit)
1953 407 2054 460 tibi
2113 418 2126 443 ³
2187 416 2244 466 in

152 485 377 556 longiore
424 484 545 534 vita
579 480 784 551 paravi
802 505 829 539 -,
888 475 1203 545 praecipuos
1251 487 1423 528 tamen
1475 474 1762 530 Secundum
1790 516 1806 542 ,
1849 477 1903 534 [05
1941 479 2243 539 Cornutum.

155 556 321 622 Quod
369 554 502 608 dum
545 549 802 608 recordor
837 586 854 613 ,
929 546 1169 615 intelligo
1221 548 1351 602 mibi
1390 546 1740 603 laborandum
1781 588 1794 608 ‚
1872 558 1939 604 ne
1966 567 2068 619 qua
2097 569 2243 620 parte
2299 570 2362 607 ια

152 628 338 682 videar
411 627 540 679 hanc
599 625 668 677 de
731 639 816 674 me
884 618 1137 672 fiduciam
1195 620 1640 689 providentiffitni
1704 623 1799 677 viri
1862 622 1883 648 ⁴
1943 621 2246 681 destituiffe.

157 700 341 771 Quare
393 714 501 766 ego
556 711 683 750 vero
736 693 1002 748 Corelliae
1056 692 1225 744 adero
1267 693 1663 763 promptiffime
1696 733 1710 757 ,
1787 712 1886 749 nec
1945 694 2116 750 subire
2164 698 2245 753 of-
2298 709 2353 744 tt

154 771 315 827 sensas
352 768 638 824 recusabo:
699 781 1028 839 quamquam
1077 781 1189 817 non
1239 766 1406 820 sol-um
1447 767 1656 821 veniam
1695 786 1779 822 me
1809 807 1824 831 ,
1860 785 2049 822 verum
2089 772 2249 827 etiam

155 842 360 899 laudem
383 842 519 912 apud
548 840 700 894 istum
728 839 923 910 ipsum,
962 854 990 889 a
1017 852 1155 907 qu0,
1194 850 1251 891 ut
1278 839 1380 902 aiS,
1413 855 1549 892 nova
1577 840 1634 891 lis
1665 839 1904 904 fortaffe,
1935 854 1990 894 ut
2017 854 2030 881 ⁵
2058 840 2264 896 foemi-

154 930 286 976 nae,
336 912 628 967 intenditur
655 950 670 975 ,
716 912 945 965 arbitror
979 909 1391 964 consecuturum
1419 949 1434 972 ,
1484 911 1519 963 fi
1562 911 1694 965 haee
1734 913 1921 967 eadem
1961 913 2014 966 in
2040 912 2259 969 afflone

155 994 175 1021 ⁶
205 983 574 1039 latiuslscilicet
603 1023 618 1048 ‚
671 984 724 1038 &
754 984 1001 1043 uberiuS,
1037 997 1196 1051 quam
1221 983 1560 1052 epistolarum
1587 984 1853 1054 angustiae
1878 984 2082 1046 sinunt,
2121 1003 2253 1040 con-

153 1057 332 1128 tigerit
367 1058 493 1110 mihi
527 1059 610 1112 vel
649 1059 704 1111 in
742 1055 1143 1113 excusationem
1166 1091 1182 1117 ,
1241 1056 1327 1110 vel
1364 1056 1523 1110 etiarn
1561 1057 1616 1111 in
1657 1073 1680 1103 τ
1717 1058 2257 1113 commendationem

153 1145 323 1185 meam
352 1129 552 1185 dicere.
592 1130 743 1186 Vale.

204 1262 445 1322 XVIII.
518 1265 1092 1321 C.P1,1N1us
1166 1279 1187 1306 ⁸
1258 1266 1807 1322 ΑΝΤο-ΝῙΝΟ
1882 1265 2062 1322 Suo
2136 1265 2190 1322 S.

218 1401 478 1457 Antonini
501 1403 878 1475 epigrammata
907 1404 1112 1457 Graeca
1133 1402 1348 1464 laudat,
1388 1421 1519 1474 quae
1540 1420 1654 1455 cum
1678 1401 1880 1456 Latine
1915 1402 2192 1458 Secundus

488 1488 701 1528 conatus
724 1480 841 1543 effet
866 1479 1189 1547 exprimere,
1226 1475 1448 1528 multum
1472 1475 1536 1529 ab
1562 1474 1677 1527 illis
1703 1475 1915 1530 decidit.
2043 1488 2046 1491 ’

1998 1553 2012 1574 ¹
2049 1546 2261 1620 Quem·-

196 1696 216 1723 Ι
246 1682 346 1721 Nihil
379 1693 441 1720 me
462 1683 580 1729 facere
614 1696 681 1722 non
697 1680 799 1732 sap.]
829 1682 1020 1721 Mediccus
1040 1685 1162 1722 exclu-
1270 1696 1289 1733 ς
1318 1682 1538 1731 nominoe]
1569 1685 1680 1731 Quae
1700 1684 1734 1722 se
1758 1686 1889 1724 nesciat
1917 1683 2138 1722 defendere:
2169 1686 2264 1730 vel„

144 1736 194 1774 dit
215 1738 428 1774 Pr-)noinen
450 1747 523 1777 me,
550 1733 693 1772 fortaffe
704 1745 778 1770 non
790 1734 936 1778 iniuria,
963 1744 1047 1770 cum
1062 1745 1162 1783 prae·
1219 1736 1304 1784 quia
1336 1733 1553 1782 quibusdam
1587 1733 1780 1783 privilegiis
1812 1736 2029 1773 muniuntur
2053 1734 2263 1775 foeminae..

145 1786 238 1824 cedit
271 1785 358 1821 mihi
386 1813 394 1828 ‚
441 1787 479 1822 ὃ(
510 1785 632 1822 Verba
667 1783 806 1822 Infinita
837 1782 972 1832 saepius
1006 1783 1079 1822 fine
1101 1785 1161 1822 tali
1226 1785 1381 1822 CA'rAN.
1943 1824 1946 1827 ,

144 1836 394 1875 additamento
416 1834 530 1884 polita
551 1835 727 1883 leguntur.
755 1834 917 1873 Similem
938 1833 1085 1884 Ellipsm
1097 1836 1160 1874 ad-
1272 1836 1296 1871 6
1327 1836 1450 1873 Latius
1473 1833 1604 1884 scilicet
1627 1863 1637 1880 ,
1675 1845 1721 1875 ω’
1753 1838 1901 1875 uberius.
1927 1837 1943 1887 ]
1984 1835 2186 1875 Lindenbr.
2215 1839 2267 1876 δε

145 1885 317 1924 seruimus
341 1887 383 1924 ad
403 1887 533 1923 Sallust.
559 1887 634 1935 lug.
659 1899 734 1936 cap.
756 1885 823 1924 IV.
843 1896 876 1921 n.
900 1897 934 1922 2.
1222 1885 1390 1933 Bongars.
1422 1886 1554 1924 lautius
1584 1885 1708 1934 scilicet
1729 1916 1739 1932 ,
1767 1899 1810 1926 ey
1827 1889 1966 1925 uberius
1992 1917 2003 1933 ‚
2030 1899 2117 1937 quas
2141 1898 2255 1926 voces

198 1947 218 1971 2
247 1937 300 1972 Ut
321 1939 392 1985 ipsa
407 1937 494 1985 solet
512 1936 751 1987 praedicare]
781 1937 955 1985 Optimus
977 1949 984 1973 :
1014 1936 1086 1986 ipsa
1102 1938 1162 1985 so-
1221 1937 1299 1974 libri
1331 1948 1402 1973 nec
1433 1937 1534 1985 supra
1570 1937 1650 1974 Lib.
1674 1938 1719 1975 II.
1744 1939 1850 1988 Epist.
1875 1940 1924 1976 V.
1948 1950 1982 1976 n.
2004 1939 2037 1976 6.
2062 1936 2263 1986 distingue-

145 1985 189 2021 let
208 1988 432 2034 praedicare,
464 1988 626 2036 negleera
647 1989 819 2027 Particula
841 1998 882 2024 ut
907 2017 917 2033 ,
956 1989 1058 2037 quod
1081 1988 1160 2026 bre·
1223 1988 1320 2026 bant.
1347 1987 1512 2025 Voffian.
1526 1987 1657 2037 scilicet
1681 1992 1833 2029 omittit.

144 2037 243 2074 vitati
276 2038 458 2077 Plinianae
489 2039 867 2077 convenientissimum
899 2037 1015 2077 videri
1038 2048 1158 2089 queat.
1279 2050 1298 2085 7
1338 2040 1745 2090 Commendationerm]
1785 2040 1905 2090 Quod
1933 2039 2132 2079 defendam
2166 2042 2258 2080 tanti

145 2084 269 2124 Servat
295 2098 418 2126 tamen
449 2088 618 2128 eamdem
650 2089 727 2128 Lib.
760 2090 787 2127 Ι.
819 2088 927 2139 Epist.
959 2089 1047 2127 XII.
1071 2103 1105 2128 n.
1126 2103 1158 2137 4
1226 2090 1292 2127 viri
1324 2088 1449 2127 filiam.
1498 2090 1545 2127 Et
1577 2092 1699 2128 amico
1721 2091 1901 2130 defuneto
1923 2092 2082 2141 aliquam
2105 2091 2267 2138 gratiam.-

140 2144 180 2174 ut
202 2139 309 2186 ipsum
331 2140 591 2178 oraedicantem
606 2141 806 2192 audiebam.
1227 2140 1394 2178 referam.
1423 2141 1523 2178 Nam
1547 2140 1747 2179 secundum
1773 2142 1828 2180 M.
1854 2143 2060 2185 Tullium,
2084 2143 2269 2178 utendum

192 2199 209 2236 3
245 2189 284 2226 ln
313 2190 457 2240 longiore
486 2189 604 2239 vim]
637 2190 739 2229 Idem
772 2193 964 2231 Primanus
987 2203 996 2226 z
1025 2199 1065 2230 ut
1084 2192 1159 2229 lon·
1226 2189 1270 2236 est
1291 2191 1512 2240 excusatione
1535 2193 1709 2237 adversus
1731 2207 1782 2230 eos
1807 2221 1818 2237 ,
1845 2206 1929 2244 quos
1951 2194 2084 2230 invitos
2105 2190 2261 2238 offendas

134 2238 226 2289 giore
260 2241 340 2277 vita
365 2269 376 2286 ,
421 2253 496 2279 non
524 2241 670 2281 absurde
695 2271 705 2288 ,
743 2242 766 2280 fi
800 2244 900 2293 supra
931 2254 971 2282 ut
999 2243 1155 2279 tollatur.
1227 2254 1433 2291 quacunque
1462 2241 1568 2291 poffi's.
1615 2243 1738 2289 Qum
1768 2244 1805 2280 id
1830 2272 1840 2287 ,
1878 2244 1970 2291 quod
1993 2242 2119 2287 seceris
2143 2240 2271 2288 necesse·

139 2290 306 2343 Sequitur
338 2300 461 2330 tamen
495 2304 531 2329 n.
563 2305 618 2330 11.
646 2304 686 2332 ut
711 2295 880 2340 feminae.
918 2294 1046 2333 Paullo
1079 2292 1158 2342 post
1219 2292 1362 2336 fuerit,
1388 2292 1564 2330 necaliter
1568 2293 1685 2338 facere
1694 2294 1857 2340 potueris.
1887 2290 2115 2344 lna‘iquibus
2128 2302 2258 2328 exem-

137 2338 235 2379 idem
260 2342 412 2380 Codex:
441 2343 546 2391 Qod
568 2355 653 2382 cum
675 2346 842 2383 recordor.
1229 2342 1382 2389 plaribus
1410 2342 1620 2390 pervetustis
1643 2341 1691 2378 est
1711 2343 1797 2379 loco
1818 2343 1997 2390 contigerit
2020 2340 2110 2378 mihi
2122 2341 2255 2385 dicere,

187 2403 210 2436 4
239 2392 465 2442 Destituisse.]
497 2394 570 2432 Alii
592 2394 734 2432 codices
765 2395 900 2433 habent
920 2391 1080 2441 fefellisse
1113 2404 1158 2429 ex
1229 2392 1359 2428 dixero.
1391 2393 1454 2429 CA
1473 2404 1585 2429 τΑΝ.
1639 2392 1789 2439 Repetit
1809 2394 1844 2429 in
1869 2393 2044 2442 aliquibus
2067 2391 2266 2439 exempla-

137 2440 1163 2494 Variant.Lestssoxhorniivssm1-1.Gryphius,Minos&
1193 2458 1196 2501 Ι
1230 2443 1325 2478 ribus
1361 2442 1564 2480 Catanaeus
1588 2471 1599 2487 ,
1648 2440 1751 2490 quod
1783 2442 1959 2491 praestant
1996 2443 2258 2490 integerrimae

136 2494 193 2531 alii
216 2505 302 2531 orae
323 2495 576 2540 adscripserunt
589 2494 746 2544 fefellisse
769 2526 778 2541 ‚
818 2495 920 2544 quod
941 2506 1008 2532 nos
1031 2503 1158 2530 tamen
1192 2505 1196 2524 ι
1229 2493 1399 2529 oninium
1424 2492 1659 2529 membranae
1682 2520 1692 2536 ,
1718 2504 1854 2541 nempe
1878 2506 1886 2530 ε
1906 2493 1942 2544 si
1961 2493 2045 2530 haec
2071 2494 2191 2529 eadem
2217 2494 2258 2530 in

136 2543 175 2582 in
206 2545 306 2582 nullo
339 2546 429 2583 libro
463 2547 681 2584 invenimus.
727 2547 776 2584 At
800 2546 994 2583 Lindenbr.
1017 2544 1160 2581 notavit
1191 2527 1195 2581 i
1227 2542 1357 2579 afflone
1378 2541 1487 2579 latius
1504 2542 1634 2591 scilicet
1657 2554 1698 2582 ο·
1720 2542 1881 2588 uberius,
1908 2557 2015 2594 quam
2035 2541 2255 2593 epistolarum

140 2593 327 2645 desciviffe,
354 2596 465 2646 idque
489 2596 598 2634 exstat
619 2599 656 2633 in
680 2597 808 2636 Oxon.
831 2608 927 2646 quae
949 2595 1160 2633 verbainter
1193 2584 1195 2642 l
1227 2593 1406 2641 angustiae
1430 2593 1556 2641 sinunt
1581 2622 1590 2637 ,
1620 2591 1681 2630 vel
1698 2594 1737 2631 in
1758 2595 2036 2643 excusationem,
2065 2593 2124 2631 vel
2145 2594 2257 2630 etiam

141 2641 176 2680 se
197 2648 390 2693 permutari
416 2647 572 2684 vidimus
594 2647 639 2684 ad
662 2648 803 2685 Lucani
828 2648 905 2685 Lib.
932 2646 978 2683 II.
1003 2657 1053 2682 vs.
1076 2645 1158 2689 728.
1226 2643 1263 2679 in
1296 2645 1632 2682 commendationem
1654 2657 1770 2697 meam
1793 2645 1924 2683 dixero.
1963 2646 2015 2682 Ita
2030 2673 2040 2690 ,
2075 2646 2227 2692 inquam
2245 2671 2270 2688 ,.

140 2688 279 2732 verum
311 2697 359 2735 est
391 2696 571 2746 destituisse
593 2727 602 2742 ‚
633 2696 734 2748 quod
757 2699 829 2735 hoc
851 2697 951 2735 sensu
969 2697 1160 2746 aliquoties
1192 2699 1195 2752 l
1227 2696 1335 2731 etiam
1359 2695 1520 2743 optimus
1544 2695 1760 2740 Medicsus,
1786 2694 1852 2733 nifi
1872 2696 1974 2745 quod
1997 2697 2023 2734 is
2047 2722 2058 2738 ‚
2096 2703 2185 2731 nota
2217 2695 2260 2732 li-

145 2745 234 2790 tpud
256 2746 419 2785 Tullium
443 2749 618 2786 habemus
635 2777 643 2792 ,
672 2750 735 2798 qui
759 2750 868 2787 etiam
892 2760 978 2784 cum
1004 2747 1158 2793 fallere,
1192 2753 1195 2795 ῃ
1226 2744 1326 2783 brarii
1352 2744 1514 2783 socordia
1538 2775 1547 2790 ,
1575 2747 1692 2786 verbis
1715 2759 1723 2783 ε
1763 2746 1819 2783 vel
1842 2748 1952 2783 etiam
1974 2746 2011 2782 in
2036 2745 2261 2782 commenda-

145 2791 212 2830 deci
231 2809 280 2832 ere
307 2799 344 2836 ὃς
371 2799 509 2847 prodere
542 2800 740 2847 coniungit.
791 2800 846 2836 Sic
874 2799 966 2849 spem
992 2826 1002 2842 ,
1028 2808 1159 2843 preces,
1192 2799 1195 2811 ⁶
1227 2795 1359 2832 tionemv
1388 2826 1398 2840 ‚
1437 2795 1655 2835 deficiatur:
1696 2797 1817 2833 Probo
1852 2806 1976 2834 autem
2003 2797 2122 2834 multo
2145 2795 2260 2842 magis

220 2842 259 2880 ia.
286 2850 429 2886 aicuius
457 2848 632 2896 destituere
654 2879 663 2894 ‚
702 2860 768 2899 pro
805 2849 923 2887 fallere
948 2850 987 2886 &
1009 2848 1163 2886 derclin-
1226 2846 1319 2882 lianc
1342 2847 1540 2885 lestionem
1557 2875 1566 2891 ‚
1595 2859 1707 2897 quam
1732 2847 1916 2895 vu'gatam
1951 2847 2133 2888 contigerit
2167 2843 2259 2882 mihi

151 2898 256 2936 ‘1¹¹0oe
284 2907 326 2933 ex
360 2899 469 2937 Livio
492 2928 502 2944 ,
542 2899 684 2937 Ovidio
708 2929 717 2944 ,
749 2901 958 2938 Columella
982 2927 992 2942 ,
1020 2899 1159 2935 Tacito
1194 2893 1198 2954 *Ι
1226 2898 1334 2934 dicere
1375 2899 1502 2935 Oxon.
1527 2899 1865 2935 commendationem
1888 2911 2003 2935 meam
2027 2897 2156 2934 facere.

151 2945 255 2987 atque
275 2945 344 2983 aliis
361 2957 446 2986 nota
470 2949 557 2987 sunt.
595 2951 783 2989 Praeterea
810 2950 977 2999 ssongars.
1008 2952 1044 2988 ὃς
1073 2950 1160 2987 Lin-
1195 2960 1199 2997 j
1276 2949 1296 2985 8
1326 2954 1599 2987 ANTONINO
1624 2947 1752 2997 5U0.]
1785 2949 1949 2986 Riccard.
1972 2950 2008 2986 in
2033 2946 2158 2985 Indice
2184 2951 2262 2982 Ar·

151 2986 271 3025 denbr-
297 2997 536 3046 prudentissimi
568 3002 641 3036 viri
678 3003 858 3040 exhibent.
919 2999 1017 3038 Infra
1039 3000 1162 3038 Medi-
1195 3002 1198 3010 ’
1225 2999 1318 3035 rium
1345 3001 1575 3037 Antoninum
1599 3008 1735 3043 vocat,
1760 3000 1869 3049 plane
1892 3007 1931 3036 ut
1956 3000 2036 3036 Lib.
2068 2999 2117 3034 V.
2150 2997 2260 3046 Epist.

148 3045 251 3091 celus:
279 3053 484 3094 quamquam
504 3062 565 3089 me
587 3063 656 3089 non
672 3052 790 3103 solum
815 3053 963 3092 veniam
989 3079 1000 3097 ‚
1029 3064 1159 3090 verum
1228 3048 1271 3085 Χ.
1303 3051 1465 3088 inscribit.
1501 3051 1553 3087 At
1581 3050 1773 3089 Mediceus
1798 3079 1805 3093 ‚
1837 3049 1941 3087 Voss.
1966 3047 2168 3087 I-lemstad.
2189 3045 2262 3084 Ed,

146 3097 259 3124 mam
275 3087 504 3137 laudemcet..
1195 3104 1201 3165 fl
1226 3100 1314 3139 Ver.
1342 3103 1388 3142 ὃς
1403 3101 1614 3152 Gryphiusz
1643 3107 1884 3142 ANTONIO
1906 3106 2007 3138 SUO.
2139 3149 2196 3197 Q

2093 3160 2115 3186 1
2200 3158 2287 3191 cmv„-
