2616 3686
269 220 365 272 224
502 204 566 253 c,
627 202 666 250 P
699 201 749 252 L
782 197 810 246 1
844 195 899 245 N
935 196 962 244 1
997 194 1022 244 1
1090 191 1135 241 c
1170 189 1214 239 A
1247 189 1290 240 E
1325 188 1428 238 ct
1465 187 1508 237 L
1537 174 2054 251 1³1-‚·*s·E*³c>v·'N
2091 192 2141 242 D
2168 191 2204 240 v1
2374 243 2391 261 ,ἵ

275 278 521 336 modum.
562 275 734 329 Erunt
758 270 942 328 officia
966 278 980 298 ¹
1002 271 1343 332 antelucana,
1379 271 1431 323 in
1456 284 1593 340 quae
1625 266 1866 343 incidere
1882 269 2130 341 impune,
2168 265 2421 325 nescass-
2455 265 2458 267 ’

281 352 397 407 toni
422 347 643 422 quidem
671 346 838 400 licuit.
914 342 1098 414 Quem
1125 356 1305 396 tamen
1342 339 1356 366 ³
1383 341 1448 395 C.
1472 339 1664 393 Caesar
1692 339 2163 409 ita=repreliendit,
2189 344 2385 411 ntxlau-

285 425 397 478 det.
446 424 464 447 ⁴
487 417 752 474 Describit
778 417 953 478 enirn,
992 429 1114 476 εοε,
1154 411 1345 482 quibus
1373 412 1561 466 obvius
1585 422 1597 447 ⁵
1629 409 1800 464 fuerat
1826 448 1842 472 ,
1883 426 2007 463 cum
2025 419 2045 444 ⁶
2065 428 2221 480 caput
2249 413 2383 467 ebrii

288 491 599 552 retexissent
623 528 639 553 ,
688 495 704 521 ⁷
739 486 1016 543 erubuisse.
1094 483 1311 538 Deinde
1347 482 1527 551 adjicit
1549 523 1566 550 ,
1616 483 1858 536 Putares
1887 498 1982 533 non
2007 479 2211 535 abillis
2233 484 2388 538 Cato-

291 583 436 630 nem,
464 563 564 634 fed
581 563 756 615 illusa
782 559 975 612 Catone
996 564 1012 590 ⁸
1038 553 1380 625 deprehensos.
1437 553 1719 608 ¹Potuitne
1744 555 1855 623 plus
1881 553 2203 607 auctoritatis
2228 553 2394 609 tribui

212 653 245 702 4
294 638 490 692 Catoni
519 674 533 697 ‚
582 648 741 703 quam
781 631 814 682 si
850 629 1026 682 ebrius
1063 642 1284 697 quoque
1311 625 1754 680 tam‘venerabilis
1781 626 1927 678 erat?
1970 624 2189 678 Nostrae
2217 639 2394 678 tamen

297 726 499 764 coenae
528 719 584 760 ut
615 714 891 772 appa-ratus
915 700 968 752 &
995 698 1286 767 impendii,
1324 696 1393 750 fic
1421 699 1678 778 temporis
1708 697 1901 751 modus
1929 696 2151 749 constet.
2203 697 2397 768 Neque

302 781 446 835 enim
483 779 518 831 ii
557 777 766 834 summ,
829 782 965 840 quos
999 785 1303 840 vituperare
1338 784 1408 822 ne
1440 767 1645 823 inimici
1681 769 1903 838 quidem
1953 767 2184 840 possint,
2226 769 2319 822 nisi
2343 779 2403 821 ut

294 851 456 908 fimul
486 846 717 903 laudent.
739 842 909 898 .Vale.

2227 977 2290 1031 'X
2305 976 2323 1031 1
2339 975 2409 1031 1’1.

297 1123 459 1165 honestis
481 1151 491 1168 ,
529 1120 796 1172 philosophicis.
848 1118 991 1157 Primus
1024 1119 1125 1157 enim
1158 1117 1324 1156 Socrates
1349 1116 1355 1146 i
1389 1114 1507 1163 iuffit?
1535 1123 1762 1164 quamquam
1784 1112 1810 1150 fi
1833 1111 1963 1162 scripsit
1984 1126 2049 1154 eos
2067 1111 2246 1151 erubuisse
2268 1141 2280 1158 ,
2321 1124 2411 1152 con-

301 1174 507 1216 introduxit
531 1172 689 1210 ethicam
708 1170 977 1219 philosophiam
999 1168 1045 1207 ad
1077 1167 1196 1207 officia
1230 1169 1326 1206 vitae
1394 1166 1497 1204 sueto
1544 1166 1655 1203 etiam
1696 1162 1895 1212 significatu
1924 1166 2092 1204 Verbum
2127 1162 2215 1202 illud
2252 1163 2417 1202 obtinere

301 1222 551 1265 necessariam.
581 1222 737 1260 CATAN.
1397 1216 1525 1265 potest.
2246 1263 2253 1270 .

363 1288 377 1314 1
410 1271 683 1320 antelucana]
713 1271 815 1309 Ante
835 1270 967 1308 lucem.
1005 1269 1126 1305 Varro
1148 1269 1184 1306 in
1211 1279 1250 1306 re
1272 1278 1332 1304 ru·
1454 1279 1472 1315 ς
1502 1263 1673 1313 fuerat]
1701 1265 1772 1302 Pal.
1798 1266 1836 1303 δε
1857 1265 1977 1304 Vetus
2000 1266 2137 1311 editio,
2157 1265 2281 1312 fuerit.
2307 1265 2421 1302 Pote-

303 1325 389 1365 stica
417 1323 674 1362 antelucanum
707 1331 840 1372 tempus
874 1328 984 1357 vocat
1026 1318 1258 1366 gallicinium.
1287 1317 1334 1356 sic
1399 1325 1452 1355 rat
1472 1325 1550 1354 tota
1572 1316 1628 1354 ill-a
1644 1326 1727 1353 vox
1749 1314 1875 1354 abess'e.
1913 1316 2100 1355 Gaurzrt.
2140 1316 2192 1353 Ira
2224 1315 2419 1365 saepissime

305 1376 486 1424 Apulejus
508 1402 518 1417 ‚
559 1371 746 1410 Antelucio
780 1370 859 1408 volo
892 1371 942 1407 ire
967 1399 978 1415 ‚
1016 1379 1086 1417 pro
1107 1375 1192 1407 ante
1212 1368 1335 1406 lucem
1400 1367 1445 1405 ad
1469 1366 1670 1406 Sallustium
1693 1366 1855 1404 censebat
1875 1368 1930 1403 vir
1952 1367 2051 1404 idem
2073 1366 2295 1405 doffiffimus
2319 1395 2330 1410 ‚
2357 1378 2422 1405 ne-

309 1426 390 1464 diei.
421 1426 475 1462 Ιι)
492 1436 512 1461 ε
529 1436 566 1461 M.
606 1427 723 1458 Erant
745 1420 855 1469 officia
876 1420 1090 1458 antelucana
1114 1446 1126 1462 ,
1152 1419 1253 1469 cra]
1285 1420 1341 1458 Sic
1401 1418 1474 1456 scio
1497 1429 1574 1468 quo
1593 1415 1682 1454 odio
1710 1417 1822 1454 Verbi
1834 1416 2039 1455 substantivi
2052 1418 2228 1456 inductus.
2258 1416 2421 1454 Riccard.

311 1475 512 1524 distingue:
540 1478 661 1510 Erant
678 1470 787 1519 officia
807 1469 1049 1509 antelucana:
1077 1469 1114 1506 in
1138 1483 1249 1519 quae,
1272 1481 1345 1508 Ue.
1402 1468 1517 1505 Arnz.
1551 1468 1681 1505 oxon.
1712 1478 1825 1515 penes
1852 1478 1921 1505 nos
1953 1478 2038 1504 cum
2072 1469 2212 1517 aliquot
2249 1466 2421 1515 impreffis

311 1526 403 1564 Hoc
433 1525 507 1569 est,
535 1534 653 1562 coena
689 1521 739 1560 est
766 1521 945 1571 ejusmodi
970 1550 982 1566 ,
1010 1530 1105 1569 quae
1126 1531 1204 1558 non
1228 1521 1346 1570 impe·
2338 1519 2343 1524 ”

312 1577 386 1615 diat
410 1575 530 1613 officia
553 1582 639 1611 ante
661 1573 785 1611 lucem
809 1571 988 1610 obeunda.
1042 1570 1138 1608 Tale
1163 1571 1231 1609 fuit
1265 1571 1346 1608 offi-

315 1629 414 1665 cium
445 1625 704 1662 antelucanum
730 1651 740 1668 ,
789 1623 835 1661 de
869 1634 946 1672 quo
987 1621 1096 1670 Epist.
1138 1621 1183 1659 de
1205 1622 1346 1660 .Plinio

315 1672 573 1726 supta:'Ante
594 1673 704 1711 lucem
730 1671 807 1710 ibat
825 1673 876 1708 ad
907 1673 1038 1721 Vespaſs
1064 1677 1148 1720 Imp.
1177 1672 1346 1709 Cassuss.

319 1729 440 1766 Cavet
473 1725 625 1763 nostem
662 1734 768 1761 mero
801 1722 985 1761 insumere
1011 1722 1056 1760 de
1077 1732 1183 1760 more
1207 1723 1349 1759 Roma-

318 1789 383 1816 no.
411 1775 635 1824 Exemplum
659 1773 854 1822 pulchrum
891 1771 1002 1810 exstat
1036 1771 1134 1821 apud
1167 1772 1279 1810 Auel.
1305 1772 1350 1811 ad

321 1827 574 1866 Herennium.
604 1824 757 1862 Bima.

2609 1158 2612 1208 2

2609 1218 2612 1269 l

2608 1281 2611 1336 l

2608 1351 2612 1406 ἒ

2608 1409 2611 1434 i

2608 1448 2610 1486 l

2608 1544 2611 1575 l

1397 1518 1535 1566 fuerit3
1566 1517 1722 1554 Helmst.
1735 1516 1812 1562 fnit
1825 1531 1836 1559 ;
1860 1516 1921 1554 sed
1944 1517 2136 1556 Mediceus
2158 1521 2196 1557 ὃ(
2219 1517 2347 1566 reliqui
2367 1529 2423 1555 re-

1407 1569 1464 1607 &te
1477 1570 1617 1616 fuerat.
1644 1566 1743 1606 Vide
1766 1565 1810 1604 ad
1835 1566 1918 1604 Lib.
1938 1565 1984 1603 II.
2009 1566 2117 1616 Epist.
2139 1569 2183 1605 X.
2207 1581 2241 1606 n.
2265 1579 2299 1617 3.

1457 1622 1481 1656 6
1508 1625 1626 1668 Caput
1655 1617 1753 1655 ebrii.
1775 1615 1790 1665 J
1834 1618 1931 1655 Nam
1963 1618 2053 1654 vino
2080 1618 2224 1658 incaluit
2248 1648 2260 1664 ‚
2297 1619 2336 1656 &
2358 1629 2428 1655 no-

1408 1668 1483 1707 stes
1504 1668 1663 1707 bibendo
1685 1670 1810 1706 amicis
1831 1668 2127 1716 impartiebatur,
2155 1681 2239 1707 cum
2263 1676 2346 1706 toto
2370 1668 2428 1707 die

1411 1721 1504 1757 circa
1539 1721 1694 1766 negocia
1731 1719 1873 1769 publica
1921 1727 2118 1766 occupatus
2166 1718 2263 1758 esset.
2314 1718 2428 1758 Unde

1412 1769 1602 1808 Memnius
1625 1769 1777 1818 quidam
1799 1778 1894 1807 totas
1915 1767 2042 1806 noctes
2068 1769 2254 1808 Catonem
2287 1769 2428 1808 ebrium

1413 1818 1483 1858 effe
1515 1819 1656 1858 dicebat
1681 1833 1689 1856 :
1719 1821 1775 1858 cui
1800 1821 1932 1858 Cicero
1957 1846 1968 1861 ‚
2009 1825 2109 1856 Num
2131 1821 2240 1857 addes
2259 1829 2338 1867 eum
2361 1819 2430 1857 dies

1411 1880 1499 1908 totos
1523 1870 1573 1907 ad
1593 1869 1708 1908 aleam
1730 1871 1874 1909 ludere?
1905 1870 2060 1908 Canu.
2089 1875 2182 1907 Cum
2204 1880 2304 1920 caput
2326 1868 2433 1916 ebrii,

1412 1919 1515 1970 eya]
1544 1921 1708 1959 Romani
1733 1921 1849 1958 ferme
1865 1928 1992 1970 aperto
2015 1922 2053 1958 ὃς
2076 1920 2179 1957 nudo
2202 1922 2318 1970 capite
2349 1930 2433 1969 age-

369 1889 394 1914 2
425 1873 596 1924 catoni]
627 1873 804 1912 Uticensi.
833 1874 906 1912 Hic
928 1873 1017 1912 dum
1040 1873 1085 1911 ad
1109 1872 1228 1910 officia
1250 1881 1352 1923 ante-

318 1929 448 1967 lucana
470 1925 659 1964 accederet
681 1953 691 1968 ,
730 1924 902 1963 involuto
926 1927 1044 1974 capite
1067 1936 1087 1961 a
1112 1924 1354 1973 petulantibus

319 1978 518 2029 juvenibus
539 1976 606 2013 fuit
626 1976 876 2024 reprehensus.
905 1976 973 2013 CA
990 1989 1013 2014 ϊ
1029 1988 1049 2011 Α
1066 1987 1102 2012 N.
1412 1972 1506 2009 bant.
1561 1971 1630 2009 Sed
1663 1972 1791 2009 molles
1815 1999 1826 2015 ,
1865 1973 1903 2009 &
1935 1971 2142 2009 valetudine
2162 1972 2324 2019 impliciti
2349 1971 2437 2009 illud

378 2041 397 2078 3
430 2034 469 2066 C.
494 2024 668 2076 Cassan]
699 2026 740 2063 C.
761 2026 878 2072 Julius
905 2026 1035 2064 Caesau
1059 2025 1224 2064 dictator.
1253 2027 1353 2063 Nam
1414 2023 1606 2070 tegebant:
1632 2030 1667 2060 at
1691 2022 1754 2071 qui
1777 2024 1886 2059 latere
1907 2023 1945 2058 &
1969 2020 2091 2058 fallere
2113 2023 2306 2069 cupiebant
2327 2051 2338 2067 ‚
2377 2021 2438 2060 vel

323 2081 406 2129 post
428 2089 561 2116 necem
585 2076 764 2121 Catonis,
796 2078 858 2126 qui
882 2075 996 2114 semet
1017 2077 1150 2115 Uticae
1173 2074 1355 2121 confecit,
1382 2106 1383 2116 ,
1412 2073 1684 2116 obvolvebant;
1716 2080 1755 2109 ut
1777 2072 1835 2109 vel
1857 2071 2013 2122 pudori,
2041 2071 2101 2108 vel
2123 2071 2221 2109 saluti
2242 2072 2326 2110 suae
2348 2083 2439 2110 con-

327 2129 383 2167 M.
405 2129 552 2167 Tullius
571 2125 720 2164 laudem
747 2128 824 2175 ejus
848 2126 1063 2175 complexus
1096 2127 1145 2165 est
1178 2126 1258 2164 Lib.
1293 2129 1357 2176 qui
1382 2124 1386 2173 1
1415 2122 1570 2161 sulerent
1585 2151 1594 2167 ‚
1623 2135 1707 2160 cum
1732 2123 1993 2171 ignorarentur.
2016 2172 2020 2176 η
2048 2121 2163 2167 Cujus
2185 2125 2236 2162 rei
2258 2134 2336 2160 non
2352 2134 2442 2172 pau-

328 2180 426 2218 Cato
458 2179 584 2227 Major
616 2177 757 2215 dicitur.
813 2177 927 2215 Hunc
961 2177 1094 2215 librum
1135 2179 1173 2215 &
1206 2186 1356 2226 propter
1383 2185 1387 2225 ς
1416 2184 1457 2210 ca
1487 2173 1655 2221 exempla
1688 2174 1934 2211 inveniuntur.
1989 2172 2045 2209 Sic
2078 2173 2183 2219 igitur
2216 2174 2254 2210 &
2278 2173 2373 2211 Cato
2397 2184 2442 2211 ex

328 2231 494 2278 ingentes
530 2228 596 2265 viri
630 2228 785 2265 virtutes
817 2230 857 2266 &
888 2230 1040 2266 oratoris
1073 2228 1256 2265 summam
1281 2229 1358 2265 elo-
1385 2239 1388 2271 i
1417 2225 1594 2261 convivio
1629 2225 1666 2261 in
1698 2224 1820 2260 lucem
1853 2223 1970 2260 trac-“to
2007 2221 2172 2267 rediens,
2199 2224 2289 2260 rexit
2312 2230 2443 2272 caput,

332 2281 523 2331 quentiam
546 2289 631 2315 cum
657 2278 787 2316 Caesar
807 2279 949 2316 videret
963 2277 1139 2327 amplecti
1165 2307 1175 2323 ,
1213 2279 1358 2317 exorsus
1387 2276 1389 2314 ἲ
1415 2286 1462 2312 nc
1485 2274 1715 2318 nosceretur,
1745 2276 1782 2312 ὅ(
1807 2275 1841 2311 in
1866 2273 2044 2311 ebrietatis
2067 2282 2107 2308 ac
2141 2273 2445 2322 intemperantiae

333 2332 382 2369 est
412 2331 504 2369 duos
540 2329 777 2366 Anticatones
805 2357 815 2373 ,
855 2329 984 2378 quibus
1020 2330 1170 2367 crimina
1210 2330 1360 2367 Catonis
1388 2329 1393 2380 ἕ,
1418 2322 1740 2373 reprehensionem
1754 2335 1840 2362 cum
1865 2323 1986 2361 fam-ae
2007 2321 2212 2362 discrimine
2235 2324 2440 2362 incurreret.

332 2383 506 2430 colligens
529 2381 543 2427 (p
557 2379 672 2417 fuerat
696 2379 796 2416 enim
819 2379 864 2417 illi
891 2378 987 2416 Cato
1011 2381 1045 2417 in
1064 2379 1206 2429 republ.
1226 2380 1360 2425 hostis,
1392 2384 1393 2398 ¹
1423 2376 1634 2413 Rucuma.

331 2440 375 2469 ut
407 2433 470 2480 qui
507 2430 665 2467 Caesaris
696 2428 889 2477 tyrannida
923 2430 1160 2479 pracsazirct>
1187 2440 1361 2478 magnam
1392 2411 1395 2447 ¹
1472 2438 1490 2472 7
1533 2423 1758 2480 EsubzciAE.]
1811 2423 2046 2463 verecundia
2085 2423 2254 2461 confusos
2287 2429 2371 2458 cum
2401 2426 2438 2452 a·

333 2485 372 2522 in
414 2488 558 2518 tantum
592 2481 713 2516 virum
748 2478 971 2518 iracundiam
1004 2479 1141 2519 effudit.
1199 2482 1289 2521 Sunt
1310 2488 1363 2518 ta-
1391 2451 1395 2503 i
1423 2476 1629 2527 gnoviflent
1649 2474 1718 2513 este
1743 2476 1940 2514 Catonem.
1971 2475 2127 2512 CATAN-
2163 2522 2169 2528 ¹
2203 2476 2212 2483 ⁴
2322 2517 2328 2523 ,
2374 2516 2380 2522 ,

335 2542 447 2574 men,
504 2533 537 2567 ui
559 2530 766 2566 urbanitatis
797 2530 910 2577 gratia
935 2558 945 2574 ‚
984 2538 1024 2567 ut
1058 2542 1144 2568 cum
1181 2531 1364 2569 Cicerone
1476 2540 1498 2572 4
1527 2525 1772 2574 Deprehensos.
1798 2524 1811 2571 l
1851 2527 2028 2563 inventos
2059 2526 2096 2561 in
2128 2522 2247 2568 ahquo
2280 2527 2442 2554 mmmc-

340 2591 477 2620 conten
507 2590 581 2618 eret
604 2607 614 2624 ‚
652 2589 766 2628 quain
800 2579 888 2617 odio
920 2579 1087 2619 adversus
1122 2581 1366 2627 defunctum,

341 2633 488 2681 scriptos
551 2631 756 2679 opinentur.
831 2631 1099 2669 Anticatonum
1160 2633 1366 2670 meminere

343 2682 472 2721 Fabius
486 2711 496 2726 ,
526 2680 730 2729 Tranqull.
754 2679 936 2725 Juvenalis
951 2710 960 2725 ‚
995 2683 1208 2720 Plutarchus
1230 2684 1268 2720 δέ
1290 2683 1370 2720 Ser-

348 2734 439 2768 vius.
469 2732 582 2770 Imm.
610 2730 824 2767 Mediceus:
855 2735 898 2768 G.
920 2732 1075 2781 Caesar,
1103 2740 1143 2770 ut
1169 2733 1243 2784 sup.
1258 2732 1368 2782 Epist.

350 2779 416 2816 XI.
439 2794 472 2817 n.
499 2796 528 2829 5.
551 2793 673 2829 neque
694 2781 797 2818 aliter
821 2781 1055 2819 Oxoniensis.

403 2841 425 2873 4
455 2830 623 2877 Describit
657 2831 760 2867 enim.
783 2830 797 2879 ]
830 2831 958 2869 Malim
976 2861 986 2877 ,
1008 2833 1132 2881 scribit
1155 2833 1274 2877 enim,
1304 2833 1370 2880 syl-

351 2877 431 2916 laba
459 2880 502 2914 de
535 2890 578 2914 ex
611 2879 683 2915 fine
716 2881 961 2925 paescdentis
995 2886 1095 2921 vocis
1127 2885 1235 2928 huius
1267 2885 1371 2921 initio

355 2926 452 2966 male
475 2925 642 2963 adh-«esic
672 2928 841 2964 casana.
871 2931 991 2967 Nostri
1016 2944 1147 2970 omnes
1172 2929 1346 2982 Describit
1362 2962 1372 2978 ,

357 2978 397 3015 δε
419 2976 468 3015 cst
492 2977 593 3017 sane,
622 2975 678 3012 ubi
701 2976 774 3010 1]οῖ
800 2978 948 3014 voi-bum
972 2991 1038 3025 pro
1075 2981 1220 3030 simplici
1252 2983 1374 3028 scribe-

356 3040 393 3064 re
404 3029 561 3076 ponitur.
613 3024 713 3073 Quid
727 3023 811 3061 illud
826 3025 945 3062 Taciti
961 3028 1374 3081 V1.Ann.cap.XX1V.

358 3076 507 3119 Recitari
518 3078 700 3125 fastorum
722 3073 960 3125 &florumque
972 3076 1042 3116 eius
1057 3077 1228 3130 descripta
1236 3091 1295 3132 per
1305 3082 1374 3123 dies

1429 2579 1528 2616 Nam
1551 2576 1749 2615 secundum
1775 2577 1952 2614 Senecam
1967 2603 1978 2619 ,
2004 2571 2157 2622 quisquis
2179 2568 2312 2614 objecit
2333 2565 2443 2602 Cato-

1430 2631 1467 2666 ni
1491 2629 1653 2672 crimen,
1684 2626 1821 2665 facilius
1846 2637 1934 2665 eum
1958 2625 2040 2662 fecit
2072 2615 2261 2656 honestum
2289 2644 2298 2657 ,
2335 2627 2447 2671 quam

1431 2687 1589 2727 turpem.
1620 2678 1734 2715 IDEM.
1765 2676 1864 2713 Male
1880 2669 2082 2712 Helmsmd.
2105 2665 2328 2716 reprehensos.
2369 2667 2452 2703 bo-

1432 2738 1513 2766 tum
1538 2728 1587 2766 est
1608 2729 1695 2767 illud
1720 2724 1902 2764 luvenalis
1926 2723 1993 2760 Sat.
2016 2717 2081 2754 VI.
2106 2726 2158 2752 vs.
2181 2715 2262 2762 284.

1483 2825 1554 2835 —-
1606 2825 1675 2834 —
1728 2800 1821 2839 nihil
1843 2797 1887 2844 est
1909 2791 2080 2832 audacius
2103 2789 2175 2828 illis

1486 2853 1695 2904 Deprenfis.

1435 2929 1495 2965 ubi
1529 2931 1739 2974 interpretes
1771 2922 1876 2958 adeas
1895 2918 1991 2956 licet.
2019 2918 2171 2957 Tacitus
2194 2918 2466 2969 III.Ann.cap.'

1438 2976 1543 3014 L1-11.
1574 2982 1627 3011 Ne
1648 2969 1897 3010 denotantibus
1921 2968 2019 3006 vobis
2042 2983 2103 3005 ora
2129 2982 2167 3005 ac
2196 2982 2327 3007 metum
2344 2970 2466 3021 fingu-

1436 3026 1550 3063 lorum
1569 3051 1579 3068 ,
1617 3024 1681 3071 ipse
1714 3022 1821 3059 etiam
1853 3019 2010 3056 viderem
2042 3034 2117 3064 eos,
2148 3033 2189 3055 ac
2214 3020 2315 3058 zelat
2341 3021 2470 3071 depree

1437 3072 1651 3115 hendercm.
1680 3071 1822 3112 Eadem
1845 3069 1989 3112 ratione
2014 3080 2126 3112 tencre
2147 3070 2330 3120 usurpant.
2473 3120 2475 3125 Ι

2348 3134 2365 3162 1
2395 3124 2483 3170 1³0⁴:
