2616 3686
303 208 365 244 η
529 193 1054 244 e.1³L1N11
1127 168 1634 246 cAE'crLu
1702 198 2216 263 SECUNDI

302 276 456 329 lares.
529 273 841 329 Meditabar
885 285 898 307 ¹
939 275 1139 348 aliquid
1171 315 1186 339 ‚
1235 277 1670 347 enotabamque:
1723 292 1783 332 ut
1819 280 1854 332 fi
1895 275 1911 293 ²
1948 300 2132 342 manus
2183 300 2411 358 vacua8,'

306 348 483 418 plenas
511 358 692 402 tamen
717 365 860 401 ceras
889 363 1240 417 reportarem.
1319 350 1444 404 Non
1470 349 1572 414 est,
1611 350 1759 423 quod
1811 367 2123 415 contemnas
2161 362 2268 416 hocv
2303 364 2413 421 stu-.

305 419 473 474 dendi
500 435 684 489 genus,
767 422 970 474 Mirum
998 419 1102 484 est,
1143 434 1203 474 ut
1231 422 1436 475 animus
1465 445 1479 472 ε
1502 425 1793 492 agitatione
1819 464 1833 486 ,
1873 442 2134 499 motuque
2160 439 2403 505 corporis

305 493 592 547 excitetur.
668 498 687 522 ⁴
726 495 844 565 Jam
881 491 1123 564 undique
1169 492 1351 557 silvae,
1391 493 1447 549 &
1484 495 1746 551 solitudo:
1787 497 2068 570 ipsumque
2095 505 2221 560 illud
2254 508 2404 566 silen-

306 566 439 618 tium
463 603 478 627 ,
530 567 678 636 quod
717 566 987 620 venationi
1028 565 1186 619 datur
1214 604 1231 630 ‚
1279 583 1468 636 magna
1518 570 1861 639 cogitationis
1898 572 2244 630 incitamenta
2271 582 2403 640 sunt.

308 636 579 699 Proinde,
621 657 745 693 cum
775 637 1039 691 venabere
1068 638 1247 693 licebit
1277 640 1495 695 auftore
1523 658 1639 705 me,
1680 655 1737 695 ut
1765 661 1777 687 ς
1809 646 2081 712 panarium
2111 659 2159 701 ts<
2187 651 2402 721 ⁶lagun..

304 711 477 765 culam
505 712 572 767 fic
599 715 756 766 etiam
786 711 1069 783 pugillares
1096 712 1249 766 feras,
1289 713 1597 785 Experieris
1625 732 1736 770 non
1760 712 1774 739 ⁷
1801 716 2029 772 Dianam
2055 724 2220 796 tnagis
2249 741 2403 779 mon-

305 783 474 849 tibus,
514 802 672 858 quarn
697 785 1008 841 Minervam
1032 786 1285 841 inerrare.
1362 787 1515 842 Vale.
2401 793 2407 798 ’

449 949 592 1007 VII.
666 951 734 1008 C.
811 952 1261 1080 Ριικῑυὲ
1327 953 1802 1082 Οοέᾼνιο
1878 952 1894 977 ⁸
1969 958 2230 1017 RuFo

1301 1045 1407 1081 uo
1527 1067 1538 1081 .

302 1159 536 1233 Roganti
574 1161 832 1228 chlavio,
870 1174 932 1217 ut
965 1166 1133 1220 vellet
1170 1163 1334 1233 adeffe
1374 1165 1531 1220 Gallo
1566 1178 1749 1222 contra
1786 1167 2035 1224 Baeticos
2065 1208 2081 1235 ‚
2105 1171 2399 1316 pollsicfftur

2243 1266 2270 1296 a
2297 1261 2400 1300 tem

304 1358 374 1397 Sed
397 1361 506 1401 Gellii
528 1362 636 1402 verba
659 1364 751 1403 haec
769 1364 898 1404 clarius
917 1367 1132 1417 exprimunt
1147 1395 1158 1411 ,
1188 1366 1329 1416 Asdru-
1367 1367 1534 1418 Bongars.
1566 1372 1776 1421 cogitatione.
1839 1371 1997 1411 Heinsio
2026 1371 2212 1420 placebat:
2233 1371 2298 1409 hac
2325 1372 2400 1422 agi-

303 1410 386 1455 bal,
414 1413 564 1463 inquit,
592 1416 763 1463 epistolam
787 1416 956 1466 scriptam
976 1421 1080 1468 super
1108 1417 1207 1455 rebus
1229 1431 1330 1455 arca·
1367 1421 1522 1466 tatione,
1553 1432 1591 1460 ut
1613 1433 1712 1471 patet
1734 1435 1778 1461 ex
1802 1423 1907 1472 Epist.
1929 1423 2137 1460 CCCXlV.
2171 1423 2321 1461 Graevii
2351 1424 2400 1463 ad

303 1461 358 1498 nis
386 1462 446 1500 hoc
472 1466 570 1501 modo
596 1466 772 1514 abscondit
794 1483 804 1502 .-
836 1469 1024 1516 pugillart'a
1053 1482 1146 1505 nova
1175 1471 1329 1506 nondum
1370 1471 1490 1517 Eum;
1519 1483 1630 1523 atque
1652 1477 1700 1512 ita
1719 1475 1789 1513 MS
1825 1473 1928 1511 Voff-
1953 1474 2045 1512 Edd-
2069 1473 2230 1511 Sichardi
2252 1502 2263 1518 ,
2300 1474 2401 1523 Gry-

301 1513 410 1549 etiam
439 1527 514 1550 cera
541 1516 636 1553 illita
664 1518 788 1566 accepit
809 1545 821 1562 ,
855 1518 974 1557 literas
1001 1521 1038 1557 in
1074 1520 1208 1569 tignum
1243 1520 1327 1556 inci·
1370 1522 1469 1568 phii,
1499 1524 1701 1563 Hackiana.
1758 1526 1953 1564 primariae
1974 1534 2102 1562 tamen
2132 1525 2396 1563 membranae:

304 1563 378 1606 dit,
405 1566 513 1612 postea
541 1566 704 1612 tabulas,
735 1568 790 1606 uti
804 1568 955 1613 solitum
982 1570 1047 1617 est.
1078 1584 1154 1608 cera
1182 1570 1328 1607 collivit.
1365 1582 1405 1608 ut
1424 1574 1567 1611 animus
1589 1576 1790 1625 agitatione
1817 1587 1979 1623 motuque
1999 1588 2025 1612 c.
2048 1586 2067 1612 a
2089 1576 2220 1624 quibus
2233 1587 2303 1623 ego
2315 1587 2395 1614 non

300 1613 437 1652 Plinius
483 1628 529 1654 ex
569 1619 743 1657 Homero
789 1618 906 1660 afferit
949 1622 1179 1671 pugillarium
1229 1622 1329 1660 usum
1365 1624 1597 1670 recesserim,
1626 1638 1705 1664 non
1723 1634 1800 1663 tam
1827 1626 1929 1673 quod
1949 1626 2136 1673 praecedit
2157 1624 2217 1661 hoc
2230 1625 2397 1671 studendi

299 1664 405 1702 fuisse
431 1675 515 1704 ante
543 1669 711 1718 Trojana
745 1679 930 1718 tempora.
988 1673 1044 1710 Ex
1081 1672 1332 1722 praecedenti·
1361 1688 1468 1722 genus
1490 1705 1501 1721 ,
1530 1688 1758 1728 quamquam
1785 1679 1821 1715 &
1844 1678 1916 1714 hoc
1934 1676 2106 1714 iteratum
2130 1676 2215 1714 illud
2248 1676 2315 1713 hac
2341 1677 2403 1715 su·

300 1715 367 1754 bus
405 1717 585 1765 colligitur
623 1721 694 1757 dici
731 1721 920 1770 pugillares
959 1725 996 1760 &
1036 1725 1222 1772 pugillaria
1261 1736 1329 1761 nu·
1364 1724 1528 1772 spectum
1552 1729 1692 1771 reddin
1721 1728 1779 1765 sed
1805 1726 1908 1769 duod
1929 1727 1965 1763 in
2002 1727 2212 1765 universum
2245 1726 2292 1765 de
2323 1729 2398 1776 agi-

300 1778 409 1805 mero
446 1769 618 1816 plurium.
655 1770 811 1808 Caram.
862 1773 970 1811 Adde
1009 1774 1112 1812 Corn
1173 1774 1326 1812 Witellii
1361 1777 1493 1813 tatione
1525 1778 1623 1815 valet
1647 1805 1658 1822 ,
1695 1778 1797 1826 quod
1826 1777 1962 1815 Plinius
1981 1777 2042 1814 hic
2062 1779 2296 1822 enunciavit,
2325 1778 2398 1823 δε,

299 1817 473 1861 Defens,
502 1829 631 1858 contra
658 1821 730 1859 Ge.
755 1823 940 1861 Merulam
973 1825 1064 1873 Cap.
1092 1825 1158 1862 ΠΙ.
1206 1825 1254 1862 Et
1281 1824 1328 1862 si'c
1366 1825 1391 1863 fi
1424 1829 1588 1865 maxime
1618 1829 1663 1867 de
1692 1828 1750 1866 illa
1789 1837 1933 1866 tantum
1974 1829 2166 1876 agitatione
2207 1828 2396 1877 corporis,

301 1869 397 1906 infra
423 1870 504 1907 Lib.
521 1871 607 1908 Vll.
631 1871 740 1920 Epist.
763 1873 925 1911 XXV11.
950 1886 986 1912 n.
1006 1875 1165 1922 7.Poscit
1179 1875 1327 1924 pugilla·
1366 1888 1461 1926 quae
1488 1879 1643 1917 obvenit
1671 1881 1708 1916 in
1732 1878 2048 1916 administratione
2079 1880 2309 1922 venationis.
2338 1880 2396 1917 in·

303 1930 382 1963 res,
403 1920 547 1966 stilum,
577 1921 718 1967 lamen,
745 1922 792 1961 de
811 1925 943 1975 quibus
961 1937 1053 1964 mox
1073 1939 1110 1964 n.
1135 1938 1172 1974 9.
1192 1923 1326 1976 rursus-
1364 1928 1604 1977 telligendum
1632 1930 1726 1967 foret
1747 1957 1757 1972 ,
1786 1929 1972 1978 sequentia
1999 1937 2125 1966 tamen
2150 1941 2228 1967 non
2253 1930 2397 1975 minus,

302 1983 368 2020 que
393 1971 483 2010 ceris
500 1983 544 2012 (90
557 1973 634 2019 stilo
653 1974 836 2016 incumbit,
1301 1979 1304 1982 '
1362 1990 1475 2028 quam
1499 1979 1572 2029 ipse
1594 1988 1790 2019 contextus
1808 1981 1913 2017 istum
1935 1981 2047 2016 eriam
2066 1979 2208 2017 sensum
2227 1981 2306 2018 satis
2332 1980 2399 2024 deq

358 2032 373 2059 ι
405 2022 599 2074 Aliquid.]
631 2025 720 2063 Vox
747 2024 886 2076 aliquid
905 2040 983 2067 non
1009 2030 1057 2068 est
1078 2029 1116 2066 in
1137 2028 1243 2067 libro·
1283 2030 1323 2067 In
1360 2031 1576 2075 terminant,
2243 2081 2249 2087 ⁸

301 2071 387 2110 edit·
410 2074 537 2112 casca:
566 2075 701 2126 aliqua·
717 2078 805 2126 quia
824 2086 942 2117 mutat
961 2082 995 2116 in
1021 2081 1126 2118 editis
1149 2108 1158 2124 ‚
1188 2092 1259 2129 ego
1288 2081 1323 2118 in
1412 2097 1434 2127 4
1462 2081 1598 2132 Jam]
1630 2083 1739 2123 Valet
1756 2084 1858 2135 quod
1870 2091 2067 2132 praeterea,
2096 2076 2268 2136 ἦθ’-ΓΗΚ
2300 2081 2398 2125 Jam

301 2134 389 2161 eum
420 2124 559 2163 sensum
587 2126 751 2172 inclino,
778 2136 820 2166 ut
849 2130 970 2179 scripti
998 2130 1076 2169 libri
1107 2143 1181 2179 ope
1206 2132 1324 2170 furcil·
1365 2140 1435 2181 opes
1465 2141 1517 2169 tot
1538 2133 1693 2171 victoriis
1716 2135 1896 2185 quaefitae·
1918 2132 2071 2188 Carm-
2105 2130 2399 2190 Egtmuxdelroc·

302 2174 452 2212 landam
483 2175 520 2213 in
554 2178 690 2215 malam
718 2181 878 2217 omnino
908 2193 986 2219 rem
1006 2183 1170 2220 arbitrer.
1222 2182 1323 2220 Prae·
1371 2182 1569 2231 particulae
1589 2184 1652 2222 usu
1681 2186 1725 2222 ad
1748 2186 1872 2223 Sallust
1906 2181 1935 2220 Ι.
1957 2181 2091 2219 Ηιίῖοῐ»
2115 2181 2206 2218 Orat
2245 2181 2419 2232 ΡΙῊῙΙΡΡΙ,

303 2225 413 2273 cipue
437 2236 523 2264 cum
542 2227 589 2265 ita
610 2227 773 2266 absolute
794 2232 961 2267 enatandi
991 2233 1106 2271 verbo
1140 2232 1257 2270 solens
1290 2245 1330 2270 u-
1369 2245 1407 2276 n,
1424 2244 1483 2272 21.
1506 2234 1596 2271 item
1618 2235 1662 2273 ad
1690 2237 1833 2274 Lucani
1863 2233 1942 2272 Lib·
1970 2232 2019 2268 V.
2042 2242 2092 2271 vs,
2117 2244 2199 2278 274.
2234 2233 2402 2275 Voffian.
2448 2243 2470 2273 .’--

304 2284 401 2315 tatur
426 2277 572 2316 Plinius.
601 2279 755 2317 Bra-m.
784 2281 931 2328 Saepius
951 2294 1026 2321 vox
1048 2282 1206 2334 aliquid,
1235 2292 1329 2321 tam·
1372 2284 1470 2321 Nam
1493 2285 1665 2336 undique;
1697 2290 1733 2325 ὅ(
1761 2287 1884 2334 paullo
1904 2285 1999 2322 infra
2017 2284 2401 2332 :ltcet&pugillarem,

303 2338 416 2376 quarn
438 2327 576 2377 plebeia
603 2339 664 2370 aut
685 2340 786 2369 certe
817 2333 939 2370 minus
968 2334 1115 2382 elegans
1137 2362 1148 2378 ,
1188 2334 1332 2372 Criticis
1371 2346 1436 2381 pro
1470 2333 1581 2372 licebit
1614 2349 1656 2373 ac
1681 2337 1868 2387 pus-villares
1887 2364 1898 2380 ,
1935 2343 2108 2381 corrupte
2131 2363 2143 2378 ,
2182 2335 2403 2392 uthquilibet

304 2378 536 2418 offendiculo
562 2381 643 2421 fuit.
671 2382 761 2420 Hoc
783 2393 873 2421 vero
896 2384 982 2422 loco
1005 2385 1049 2422 ab
1070 2384 1331 2424 Codd.n0stris
1371 2384 1471 2422 videt
1540 2392 1615 2422 Iam
1645 2389 1797 2437 undique
1829 2385 1978 2435 filvae0]
2001 2385 2144 2422 Contra
2158 2386 2401 2435 Quinctium.
2427 2409 2431 2419 ι

305 2429 478 2467 omnibus
501 2431 727 2477 vindicatur,
757 2433 796 2471 ὃ(
820 2434 915 2472 infra
933 2435 1092 2474 Plinium
1118 2436 1190 2484 pari
1214 2437 1332 2475 modo
1374 2435 1453 2473 Lib·
1481 2437 1525 2475 X.
1548 2449 1615 2484 cap
1649 2439 1702 2477 111
1740 2440 1893 2478 aucun.

303 2478 523 2529 loquentiu
557 2483 761 2527 audiemus.
815 2485 875 2523 Sic
909 2497 998 2524 mox
1021 2487 1116 2535 Epist
1151 2486 1215 2524 lX.
1240 2500 1273 2525 n.
1299 2499 1333 2535 4.
1426 2500 1443 2535 ς
1477 2489 1713 2539 panarium]
1746 2491 1850 2529 Panis
1871 2488 2170 2539 receptaculum.
2199 2497 2239 2526 ut
2266 2488 2396 2537 μακε-ζ

305 2536 390 2569 Aut
410 2530 477 2578 lego
499 2531 659 2582 aliquid,
688 2545 752 2572 aut
775 2536 894 2584 scribo.
947 2537 1025 2576 Cic.
1065 2539 1114 2581 V,
1150 2538 1196 2576 de
1219 2538 1334 2576 Finib.
1376 2537 1471 2574 rium
1488 2540 1587 2587 grani
1629 2543 1785 2580 Carm-
2295 2588 2302 2595 ι

306 2592 387 2631 cap.
423 2581 507 2620 XV.
546 2586 721 2636 Incipiunt
748 2589 976 2626 commentari
1001 2588 1139 2639 aliquid
1163 2617 1175 2634 ,
1213 2601 1257 2629 <9⁶
1285 2592 1322 2628 di
1426 2590 1450 2625 6
1483 2592 1762 2642 Lagunculam.]
1792 2593 1870 2630 Vas
1887 2591 2080 2629 vinarium.
2123 2589 2396 2640 Diminutivum

298 2635 402 2682 scere·
1377 2651 1397 2677 a
1432 2639 1583 2689 lagena,
1613 2655 1708 2693 quae
1736 2652 1927 2682 tumorem
1958 2643 1996 2681 in
2018 2641 2144 2680 medio
2164 2637 2323 2676 extendit
2344 2636 2397 2673 se·

359 2696 380 2720 2
412 2690 545 2723 Manus
569 2686 744 2737 vacuam]
783 2688 925 2728 Alludit
954 2688 999 2728 ad
1016 2690 1145 2730 locum
1167 2691 1270 2740 virg,
1295 2692 1333 2731 in
1377 2692 1541 2730 cundum
1564 2694 1791 2740 juvenalem.
1848 2693 1982 2732 Graeci
2003 2695 2311 2745 hayman-vocant
2332 2698 2395 2734 per

312 2732 443 2774 Bucol.
473 2737 551 2776 Ecl.
578 2738 607 2777 1.
629 2751 681 2778 vs.
705 2739 764 2791 36.
1376 2745 1441 2780 tria
1462 2754 1593 2792 genera
1614 2747 1828 2792 indiscrete,
1856 2753 1898 2783 ut
1926 2745 2139 2782 Athenaeus
2156 2749 2192 2776 ln
2214 2736 2282 2775 suis
2304 2747 2396 2784 c0e7

1374 2794 1428 2832 nis
1452 2804 1557 2833 notat
1600 2797 1718 2837 Ioum·

1424 2855 1443 2890 7
1477 2846 1646 2889 Dianam,
1673 2848 1689 2898 ]
1720 2846 1939 2886 Venationis
1956 2845 2075 2882 deam.
2109 2842 2224 2879 lnam.

1428 2897 1450 2935 8
1480 2901 1565 2945 Ruso
1591 2904 1663 2936 Suo.
1687 2899 1701 2948 ]
1741 2897 1934 2934 Mediceus
1970 2895 2006 2930 8(
2033 2892 2233 2931 Helmnad.
2251 2897 2399 2934 tantum*

1379 2949 1528 2985 Octavio
1547 2954 1610 2984 Suo
1631 2954 1661 2984 S.
1686 2949 1786 2996 quo-l
1809 2947 1867 2983 hic
1891 2955 2008 2993 aeque
2033 2944 2203 2981 sufficiens
2229 2944 2300 2983 effe
2332 2958 2400 2993 po·

317 2985 474 3033 Bra-sn,
1376 3006 1491 3042 terat,
1522 3010 1564 3034 ac
1585 2997 1653 3034 Lib
1686 2998 1733 3035 11-
1762 2996 1867 3044 Epist.
1895 2996 1936 3032 X.
1960 3007 2056 3044 quae
2079 2995 2199 3032 eidem
2236 2997 2398 3035 Octavio

373 3049 392 3086 3
425 3041 507 3079 Hae
527 3042 727 3091 agitatione
757 3056 919 3092 motuque
936 3045 992 3094 c.]
1021 3048 1176 3086 Riccard
1200 3049 1333 3088 Helm·
1377 3046 1478 3083 mista
1510 3047 1570 3090 est.
1627 3047 1737 3086 Mox·
1756 3045 1925 3086 Riccard-
1951 3059 2033 3086 cum
2061 3046 2150 3086 mihi
2176 3047 2325 3096 quidem
2343 3059 2403 3100 po-⁶

319 3087 405 3132 stad·
436 3092 600 3133 Arnzen.
630 3095 668 3133 ἃ
691 3096 891 3136 Lindenbr.
913 3109 936 3132 a
959 3097 1158 3146 cogitatione
1176 3111 1339 3151 motuque
1371 3097 1525 3145 testatis,
1551 3103 1624 3137 cet·

365 2840 635 2926 Nondqbrzquam
666 2844 792 2892 gravis
818 2857 895 2882 aere
919 2843 1063 2883 domum
1097 2844 1190 2884 mihi
1207 2846 1335 2886 dextra

417 2900 452 2923 re
478 2903 489 2926 ι
513 2902 562 2927 at-

2295 3149 2402 3195 1τέ
