2616 3686
418 178 872 239 *LIBER
939 179 1008 225 X.
1075 178 1648 230 EPISTOUA
1715 184 1893 237 LXII..

147 259 499 402 P‘Ecuniae
522 257 798 330 publicae,
838 256 1112 319 Domine,
1153 257 1496 330 providentia
1523 273 1645 325 tua,
1687 262 1742 316 &
1775 267 2062 327 ministerio
2095 277 2278 334 nostro

2184 214 2298 271 773„

261 337 424 390 etjam
454 329 675 388 exaaae
700 333 820 387 sunt
836 330 924 396 ‚&
947 332 1270 401 exiguntur,
1296 332 1474 405 1‘quae
1497 351 1688 394 vereor
1705 355 1806 400 ,ne
1834 344 2038 399 otiosae
2054 347 2280 416 jaceant.

147 413 285 464 Nam
309 409 364 462 ὅτ
393 406 739 481 praediorum
761 404 1256 477 comparandorum
1295 422 1384 462 aut
1419 409 1560 464 nulla
1582 447 1598 473 ,
1652 424 1742 466 aut
1774 413 2029 471 rariffima
2071 425 2277 482 occasio

150 483 249 547 est,
291 500 394 537 nec
420 482 766 537 inveniuntur
790 481 883 554 qui
922 481 1089 535 velint
1119 480 1316 537 debere
1345 494 1362 515 2
1390 482 1548 557 Reip.
1579 486 1891 557 praesertim
1916 490 2182 550 duodenis
2205 501 2280 553 as-

2123 568 2281 638 stom,

146 674 296 723 agnovi,
322 671 424 723 quod
441 683 519 712 non
538 671 586 709 est
605 681 626 708 a
644 681 757 708 manu
780 668 930 718 Traiani
951 696 962 714 ,
987 669 1060 726 ,qui
1080 670 1171 709 mire
1205 679 1209 702 1
1244 670 1452 713 obtinuisset
1476 701 1487 718 ,
1523 680 1649 713 tamen
1683 677 1807 716 usurae
1843 679 2064 720 centesimae
2092 682 2130 719 δε
2156 684 2279 723 usurae
2293 693 2297 709 ³

147 724 342 762 delectatur
359 724 499 771 vulgata
517 722 704 760 leitione:
743 721 909 765 libenter,
943 733 992 757 mi
1027 726 1175 760 Secunde

151 774 311 823 cariffime
334 802 344 819 ,
378 773 515 822 cognovi
536 772 660 810 litteris
681 772 750 808 tuis
770 799 781 817 ‚
819 771 921 821 quod
945 771 1002 808 vel
1019 772 1177 809 demon-

149 825 256 864 strant
280 823 532 874 Epist.XXlX.
558 836 594 861 n.
610 834 640 861 1.
666 822 748 860 CII.
770 824 808 860 &
830 821 934 860 CIV.
958 822 1059 871 quod
1078 821 1104 859 fi
1124 830 1180 860 te-

149 887 233 915 neas
255 903 266 920 ,
303 886 379 912 non
410 875 571 921 ambiges
592 873 754 921 respuere
780 872 1084 922 praepositionem
1112 886 1178 918 ex,

150 937 260 975 quam
281 924 530 964 Thomasiana
552 926 591 963 &
623 924 822 962 Cellariana
851 923 974 962 litteris
1005 921 1178 973 praefixe-

153 984 248 1015 runt.
1024 1007 1027 1008 γ

203 1038 237 1064 1.
263 1028 366 1075 Qae
385 1039 502 1064 vereor
520 1053 533 1070 ‚
570 1038 611 1063 ne
631 1024 750 1076 otiosae
765 1025 939 1074 jamna]
969 1024 1102 1074 Otiosae
1125 1033 1183 1074 pe-

150 1077 269 1114 cuniae
291 1105 302 1122 ,
329 1088 424 1125 quae
445 1076 613 1114 conditae
629 1077 753 1124 jacent
773 1104 784 1121 ‚
823 1088 892 1114 nec
914 1076 1072 1112 srurstum
1091 1075 1183 1112 affe-

151 1135 234 1164 runt
246 1125 437 1176 poffeffori.
449 1127 714 1176 Quineiilianus
728 1127 929 1165 Declamat.
938 1126 1184 1164 CCCXLIV.

150 1179 336 1215 Pecuniam
356 1179 456 1216 dedi.-
472 1189 514 1217 ω·
536 1191 577 1214 ex
599 1178 710 1216 otiosa
718 1179 866 1226 jacente
881 1177 1084 1227 patrimonii
1100 1187 1183 1226 par-

150 1238 216 1274 u,
250 1229 386 1279 aliquid
415 1228 612 1265 numeravi.
661 1228 804 1267 Eadem
843 1229 880 1264 ὃ(
917 1233 1034 1264 Vacua
1057 1227 1182 1265 dicitur

150 1278 200 1315 L.
219 1280 269 1326 Q.
291 1279 464 1317 Caecilius
484 1279 663 1317 XXVIII.
681 1279 728 1316 D.
752 1277 914 1326 depositi.
942 1278 1042 1314 Huic
1064 1289 1183 1327 oppo-

151 1329 246 1366 nitur
265 1338 427 1378 occupata
442 1329 604 1379 pecunia,
627 1341 721 1379 quae
739 1329 894 1367 lucratur
920 1327 1095 1365 domino:
1126 1329 1186 1367 vei

152 1381 236 1428 quia
253 1380 291 1417 in
314 1380 467 1418 foenore
487 1378 598 1428 posita
621 1407 632 1424 ,
669 1381 728 1418 vel
759 1380 840 1428 quia
859 1379 1017 1427 impensa
1039 1379 1075 1416 in
1097 1390 1184 1417 coe-

152 1429 300 1468 mendas
318 1442 380 1468 res.
407 1431 505 1467 unde
531 1430 665 1469 reditus
687 1443 729 1468 ac
749 1431 994 1467 commodum
1017 1429 1076 1467 est.
1105 1430 1179 1467 Co—

153 1480 298 1518 lumella
318 1481 398 1519 Lib.
420 1479 486 1519 XL
520 1492 599 1528 cap.
622 1482 648 1517 1.
685 1482 867 1519 Pecuniam
899 1481 1045 1517 Domini
1077 1493 1182 1530 neque

155 1530 191 1567 in
209 1539 319 1580 pecore
332 1544 454 1580 ‚neque
471 1533 508 1569 in
529 1530 607 1568 aliis
627 1531 722 1569 rebus
739 1530 1003 1580 promercalibus
1014 1539 1182 1578 occupet.

157 1581 339 1619 Ausonius
363 1582 407 1618 ad
439 1581 702 1630 Symmachum
727 1594 735 1617 :
774 1580 968 1630 improbam
999 1593 1184 1617 nummum

160 1631 271 1669 malui
291 1642 468 1680 occupare
492 1658 503 1675 ‚
541 1633 648 1681 quam
679 1631 826 1670 condere.
879 1631 1051 1668 Ceterum
1074 1643 1185 1678 pecu-

157 1682 231 1718 nias
252 1694 295 1719 ex
318 1682 509 1730 provinciis
535 1682 693 1719 redarstas
713 1711 724 1727 ,
760 1689 821 1719 aut
852 1681 1081 1729 praediorum
1104 1693 1183 1718 em—

155 1732 335 1779 ptionibus
357 1760 368 1777 ,
404 1740 467 1770 a·ut
484 1733 520 1769 in
542 1732 698 1770 foenore
727 1732 846 1780 positu
875 1730 1027 1780 occupari
1048 1731 1185 1775 solitas,

153 1783 260 1820 etiam
287 1783 332 1821 L.
366 1783 476 1832 Gajus
506 1782 574 1822 IX.
603 1784 642 1820 ὃς
668 1784 712 1821 L.
750 1783 783 1822 Si
812 1782 904 1820 bene
929 1781 1102 1820 XXXlsl.
1131 1783 1181 1819 D.

156 1831 202 1868 de
221 1833 330 1871 usuris
354 1860 365 1877 ‚
400 1834 489 1871 item
520 1834 565 1871 L.
594 1834 781 1881 Rescripto
812 1833 881 1871 Vt.
910 1834 941 1882 ᾗ.
962 1832 1129 1870 Debitoti
1156 1833 1185 1870 I.

159 1881 208 1919 D.
230 1883 275 1920 de
295 1884 500 1921 muneribus
529 1885 567 1921 ὃ(
596 1885 794 1922 honoribus
815 1911 827 1929 ,
863 1883 1050 1921 docemur.
1102 1882 1188 1920 Bu-

161 1943 341 1971 cnnnii.
379 1934 466 1971 Ver.
498 1934 622 1972 Editio
659 1934 755 1984 otiose
776 1962 788 1980 ,
833 1932 905 1971 five
936 1934 1018 1983 quia
1046 1940 1186 1972 veteres

159 1983 235 2021 libri
262 1983 400 2032 semper
427 1984 575 2032 simplici
602 1999 619 2023 e
645 1996 711 2033 pro
737 1986 979 2023 recentiorum
1007 1997 1047 2021 ae
1073 1991 1182 2022 utun-

161 2041 218 2070 tur
240 2061 250 2077 ,
284 2033 358 2072 five
380 2061 390 2077 ‚
430 2042 470 2072 ut
491 2034 532 2072 sit
553 2034 775 2073 adverbium.
812 2036 949 2073 Merito
979 2035 1187 2084 praeferunt

165 2085 291 2133 reliqui
323 2085 496 2133 loquendi
530 2096 642 2133 genus
678 2097 741 2134 per
766 2086 983 2136 adJ'eciivuni
1014 2098 1059 2122 ex
1085 2097 1191 2124 more

165 2136 296 2184 optimi
317 2137 490 2185 cujusque
504 2164 513 2180 ,
525 2137 638 2185 qualia
654 2136 761 2175 habes
779 2137 824 2175 ad
840 2137 916 2176 Lib.
927 2137 1111 2185 V1.Epist.
1123 2137 1191 2175 Vl.

165 2197 203 2224 n.
219 2186 253 2223 6.
282 2186 420 2223 Dicenti
443 2186 529 2224 mihi
548 2187 711 2225 sollicitus
742 2187 873 2236 adfistit
894 2216 907 2233 ‚
944 2187 1190 2236 quemadmo-

163 2236 252 2273 dum
275 2238 311 2273 &
334 2237 459 2284 legitur
476 2238 513 2275 in
538 2249 616 2274 uno
647 2237 828 2275 Codicum
855 2266 866 2282 ,
901 2249 1013 2287 quem
1041 2238 1189 2276 excussit

158 2286 363 2324 Brummer.
391 2287 446 2325 Sic
463 2288 697 2325 membranae
716 2288 877 2326 Senator.
896 2290 933 2326 in
948 2289 1057 2327 Livio
1071 2288 1190 2327 Lib.I.

157 2348 235 2386 cap.
259 2338 300 2373 L.
328 2338 552 2374 Conveniunt
580 2339 785 2386 frequentes
813 2339 926 2387 prima
961 2339 1042 2375 luce.
1073 2339 1184 2386 vulgo

157 2397 347 2437 perperam
363 2392 572 2438 frequenter.
607 2389 668 2425 Ne
689 2389 726 2426 in
746 2399 783 2426 re
802 2397 888 2426 nota
909 2389 1006 2438 plura
1024 2392 1188 2427 cumule-

161 2450 252 2477 mus.
280 2438 600 2475 LONGOLIUS.

210 2501 245 2526 2.
274 2488 484 2537 Reipublicae
497 2489 698 2537 praesertim
714 2488 890 2526 duodenis
911 2488 1068 2539 affibus]
1098 2490 1186 2528 Scri·

160 2539 318 2578 bendum
341 2539 412 2576 effe
427 2568 437 2584 ,
465 2547 504 2576 ut
527 2540 646 2586 pulcre
668 2539 756 2577 vidit
775 2539 961 2577 Salmasius
983 2541 1092 2588 ufiiris
1110 2541 1184 2587 affi-

164 2589 223 2628 bus
243 2619 253 2635 ,
291 2589 351 2637 (id
371 2590 422 2627 est
448 2618 458 2633 ,
494 2590 601 2627 usuris
619 2591 779 2627 nummis
798 2590 913 2627 solidis
937 2591 1123 2629 menstruis
1145 2592 1181 2629 in

164 2648 331 2678 centenos
346 2668 356 2684 ‚
383 2641 508 2689 quibus
528 2641 732 2678 numeratio
757 2640 849 2677 faeta
873 2639 966 2683 es’t‚)
995 2641 1184 2679 docuimus

164 2688 201 2725 in
226 2691 417 2738 posteriore
457 2690 674 2738 Antexegefi
705 2690 750 2729 de
782 2689 995 2728 Centesimis
1016 2691 1123 2728 usuris
1146 2693 1183 2729 ὃ(

167 2737 313 2780 foenore
330 2742 498 2779 unciario.
550 2743 596 2780 Et
616 2742 773 2779 miseruit
792 2752 855 2779 me
878 2740 1043 2790 profecsto
1066 2742 1185 2780 homi—

168 2789 242 2830 nis,
267 2792 350 2839 qui,'
374 2793 454 2830 licet
476 2791 716 2840 ψυχοῤῥτιγῶν
736 2792 794 2828 καὶ
814 2794 954 2827 κύκνειον
973 2789 1064 2841 ᾅδων
1084 2819 1094 2836 ,
1121 2804 1184 2830 ne·

167 2838 354 2878 cessitatem
372 2842 589 2891 imposuerat
609 2841 670 2880 sibi
689 2854 766 2880 non
789 2841 944 2891 patiendi
958 2869 967 2885 ,
996 2849 1055 2881 ut.
1086 2843 1187 2891 quod

168 2896 291 2926 verum
313 2891 358 2927 est
379 2919 389 2933 ‚
420 2904 550 2931 verum
578 2892 649 2931 esse
672 2893 887 2932 crederetur.
939 2892 1035 2930 Nihil
1056 2893 1186 2931 habent

169 2934 252 2975 istae
273 2938 457 2980 Vindiciae
476 2951 613 2990 praeter
635 2943 824 2982 maledic‘ia
838 2971 848 2986 ‚
875 2943 1090 2992 sophismata
1105 2971 1114 2987 ‚
1135 2954 1173 2980 er

174 2996 284 3023 rores.
329 2989 442 3028 Pauca
459 2992 504 3031 de
522 2995 641 3032 multis
668 2995 705 3031 ὃ(
734 2994 808 3032 fere
838 2993 952 3031 obiter
974 2993 1066 3030 dicsta
1094 2994 1191 3041 (hoc

173 3034 246 3082 est,
271 3048 363 3087 quse
379 3042 621 3089 quaestionem
641 3056 717 3083 non
735 3044 962 3091 decernunt,
989 3046 1027 3083 &
1050 3056 1142 3095 quae
1166 3043 1191 3082 si

1241 725 1384 770 unciae,
1415 732 1591 774 quantum
1613 726 1804 773 differunt,
1823 729 2031 782 differrent)
2058 734 2139 771 talia
2159 735 2280 783 igitur,

1243 775 1282 810 δε
1306 774 1351 814 de
1373 777 1444 814 hoc
1461 786 1596 823 genere
1618 780 1840 825 potissimum
1866 809 1877 826 ,
1916 784 1954 819 ὃς
1977 783 2128 831 quidem
2149 795 2279 835 perpe-

1243 835 1320 862 ram
1352 826 1571 875 fallendique
1605 829 1734 866 animo
1762 831 1859 877 <hoc
1886 832 1934 870 est
1958 860 1968 875 ,
2006 843 2046 872 ut
2075 846 2152 872 non
2171 847 2280 887 appa-

1246 884 1320 913 reat
1341 905 1351 919 ,
1382 888 1453 926 qua
1477 875 1667 916 occasione
1699 881 1886 927 interjecia
1909 883 1976 920 fint
2002 912 2013 928 ,
2053 885 2188 933 quidve
2216 889 2282 925 ha-

1246 926 1354 965 beant
1377 928 1563 965 momenti
1586 955 1595 970 ,
1632 937 1753 968 utrum
1786 932 1830 969 acl
1861 944 1938 971 rem
1967 934 2148 974 summam
2170 939 2280 986 perti-

1247 985 1376 1021 neant,
1406 990 1452 1015 an
1473 978 1789 1028 aliquidinediuin
1810 984 2003 1033 minusque
2030 987 2278 1033 ponderosum
2297 997 2302 1001 '

1245 1027 1450 1078 instruant)
1477 1029 1659 1078 propofita
1683 1044 1691 1068 :
1728 1043 1848 1081 neque
1877 1033 1922 1071 ad
1955 1046 1997 1071 ea
2025 1044 2152 1075 tamen
2179 1041 2281 1088 quic-

1248 1089 1358 1126 quam
1383 1106 1394 1122 ,
1431 1079 1532 1128 quod
1562 1080 1687 1119 deceat
1709 1083 1870 1131 &juvet
1891 1112 1901 1128 ‚
1938 1085 2156 1134 responsum.
2210 1090 2279 1129 Vel

1246 1128 1345 1166 hunc
1364 1131 1488 1167 locum
1512 1130 1609 1168 vide.
1663 1137 1891 1171 Annumerat
1920 1136 2010 1173 mihi
2033 1139 2194 1187 quinque
2225 1151 2282 1179 re-

1247 1179 1478 1227 sponsiones,
1505 1192 1657 1229 quarum
1678 1185 1828 1230 primam
1851 1187 1969 1223 modo
1984 1190 2280 1229 examinabimus.

1252 1230 1470 1279 Principium
1492 1233 1542 1270 est
1563 1245 1571 1270 :
1601 1259 1629 1277 „
1656 1234 1731 1270 Cur
1752 1235 1844 1283 prius
1867 1247 1952 1284 ergo
1973 1249 2086 1286 usque
2106 1240 2200 1277 adeo
2222 1249 2282 1279 tu-

1249 1307 1276 1325 „
1305 1283 1503 1319 multu-atus
1529 1283 1619 1327 fuit,
1644 1290 1861 1335 tantumque
1884 1288 2039 1334 pulveris
2059 1291 2281 1330 concitavit?

1248 1333 1311 1369 An
1344 1334 1580 1371 tumultuatus
1616 1334 1745 1372 fuerim
1762 1364 1771 1380 ,
1799 1337 1918 1374 videat
1953 1339 2066 1376 leesor
2102 1352 2182 1389 pag.
2219 1355 2285 1392 ςς,Ἰ

1246 1383 1369 1429 prioris
1397 1385 1674 1432 Antexegeseos.
1723 1386 1847 1425 Do&e
1865 1389 1901 1425 δε
1920 1389 2102 1436 ingeniose
2122 1392 2281 1441 suspicari

1247 1432 1455 1471 Salmasium
1476 1435 1548 1473 dixi
1568 1435 1683 1472 Plinio
1704 1436 1869 1485 scriptum
1891 1440 2001 1487 usuris
2021 1441 2144 1490 affibus
2166 1459 2178 1480 .-
2216 1444 2277 1483 sed
2300 1464 2303 1468 ·

1246 1484 1382 1521 etiamsi
1401 1486 1586 1532 vulgatum
1608 1488 1801 1525 retineatur
1814 1516 1823 1532 ,
1851 1489 1936 1527 nihil
1957 1485 2189 1538 profuturum
2209 1493 2282 1532 hu-

1241 1535 1300 1582 jus
1320 1534 1541 1574 dementiae.
1578 1536 1651 1572 Hic
1676 1536 1724 1573 est
1747 1540 1863 1576 omnis
1881 1540 1936 1576 ille
1959 1543 2162 1582 tumultus?
2190 1545 2278 1582 Per-

1245 1585 1314 1631 git:
1330 1612 1368 1637 ‚⁹²
1398 1586 1485 1622 Mea
1507 1593 1580 1623 erat
1599 1587 1770 1625 sententia
1790 1590 2005 1638 semperque
2027 1595 2184 1632 manebit
2206 1595 2277 1634 Pli-

1246 1661 1272 1678 ‚‚
1301 1646 1402 1671 nium
1424 1634 1616 1683 significare
1640 1638 1802 1687 Trajrino
1825 1668 1835 1682 ,
1864 1651 1940 1677 non
1962 1643 2116 1689 potuisse
2135 1645 2170 1681 se
2187 1656 2278 1683 con·

1245 1710 1273 1731 „
1299 1685 1409 1723 sulere
1429 1688 1572 1733 egestati
1590 1686 1750 1734 publicae
1769 1717 1780 1734 ,
1819 1690 1881 1728 nisi
1915 1692 2081 1738 promissa
2097 1694 2281 1735 creditori-

1250 1761 1280 1780 „
1305 1736 1368 1772 bus
1397 1737 1499 1773 usura
1525 1735 1719 1775 centesima
1830 1742 2000 1789 Turpem
2032 1745 2069 1781 &
2101 1746 2276 1793 agrestem

1249 1786 1505 1834 negligentiam
1529 1790 1537 1824 !
1576 1788 1708 1825 Plinius
1730 1789 1825 1828 adeo
1847 1802 1924 1829 non
1945 1795 2104 1842 queritur
2124 1796 2169 1833 de
2190 1808 2278 1846 ege-

1248 1835 1336 1874 state
1354 1837 1492 1884 publica
1515 1866 1525 1881 ,
1559 1837 1652 1876 adeo
1686 1851 1762 1877 non
1791 1841 1934 1879 necesse
1963 1844 2042 1881 fore
2061 1846 2277 1893 reipublicae

1249 1887 1297 1924 ait
1320 1915 1330 1931 ,
1358 1895 1398 1924 ut
1423 1889 1607 1926 versuram
1640 1889 1745 1928 faciat
1764 1918 1773 1933 ‚
1812 1893 1930 1930 multo
1953 1896 2073 1933 minus
2096 1897 2277 1936 versuram

1245 1936 1307 1974 sub
1327 1939 1528 1976 centesimis
1549 1940 1728 1983 usuris;ut
1747 1943 1854 1979 etiam
1875 1943 1997 1981 scribat
2017 1946 2190 1994 superesse
2208 1949 2276 1987 rei-

1247 1988 1408 2035 publicae
1430 2017 1440 2033 ,
1475 1990 1577 2038 quod
1597 1990 1669 2028 aliis
1687 1992 1773 2029 velit
1796 1993 1993 2038 collocare3
2021 2007 2091 2034 nec
2108 2000 2276 2048 reperiri,
2299 2021 2301 2023 ·

1247 2039 1309 2088 qui
1327 2041 1487 2088 accipere
1507 2048 1582 2078 tam
1607 2042 1771 2089 gravibus
1794 2044 1900 2081 usuris
1916 2045 2038 2084 velint.
2086 2047 2277 2097 Sequitur:

1249 2117 1274 2133 ‚,
1303 2090 1650 2141 Contenderamque
1681 2092 1781 2141 affini
1804 2106 1869 2143 pro
1892 2097 1997 2134 uncia
2022 2097 2112 2136 sumi
2133 2101 2171 2136 ἃ
2195 2101 2282 2138 duo·

1250 2167 1278 2186 „
1305 2141 1405 2178 denos
1427 2141 1511 2190 affes-
1526 2154 1623 2179 anno
1646 2155 1796 2192 quoque
1817 2145 1998 2184 conficere
2017 2150 2250 2188 centesimam
2264 2179 2276 2196 ,

1247 2217 1273 2235 ‚,
1301 2192 1339 2228 δε
1357 2192 1619 2242 consequenter
1635 2194 1737 2241 juxta
1751 2194 1903 2233 Plinium
1916 2198 2276 2249 συνεκὸοχικᾶςαθεω
2298 2208 2304 2214 ”

1248 2268 1274 2284 ,,
1305 2242 1527 2280 menstruum
1551 2244 1969 2285 consideraridivisorem
1991 2249 2209 2289 centesimae
2228 2252 2274 2290 ad

1247 2303 1436 2333 „annum
1456 2294 1606 2337 relatae.
1634 2296 1733 2343 cujus
1754 2299 1899 2344 proprie
1917 2298 2046 2336 divisor
2065 2309 2140 2337 erat
2158 2302 2279 2340 uncia.
2307 2322 2311 2326 ·

1249 2341 1386 2380 Scimus
1407 2369 1417 2386 ,
1454 2345 1492 2380 δε
1525 2346 1744 2393 explofimus
1776 2347 1866 2385 satis.
1890 2352 1947 2384 As
1983 2360 2049 2396 pro
2071 2352 2175 2388 uncia
2194 2364 2273 2390 non
2300 2370 2303 2372 ·

1250 2393 1365 2440 potest
1385 2394 1473 2430 suini
1487 2423 1495 2435 ‚
1510 2394 1573 2431 nisi
1598 2396 1635 2432 &
1657 2397 1833 2433 duodecim
1844 2409 1909 2446 pro
1921 2410 1998 2435 uno
2018 2400 2275 2450 sumipossunt.

1251 2446 1342 2480 &ane
1364 2444 1465 2492 quod
1487 2445 1590 2482 uncia
1610 2446 1675 2484 fuit
1696 2446 1853 2495 respediu
1871 2450 2012 2494 ,alterius
2032 2450 2130 2496 assis,
2151 2453 2185 2490 id
2207 2465 2275 2502 po·

1249 2493 1312 2530 test
1336 2507 1374 2532 as
1395 2493 1474 2532 fieri
1497 2494 1654 2544 respeRu
1674 2497 1819 2535 aliarum
1834 2501 2018 2537 unciarum
2045 2503 2084 2539 δε
2100 2504 2246 2542 viciffini
2265 2519 2274 2542 ε
2303 2510 2307 2513 “

1245 2543 1304 2581 sed
1324 2544 1358 2581 id
1379 2545 1436 2583 hic
1452 2546 1575 2583 locum
1600 2558 1677 2584 non
1698 2548 1804 2586 habet
1813 2564 1824 2592 ;
1852 2551 1935 2598 quia
1955 2552 2149 2590 centesima
2171 2567 2274 2592 men-³
2298 2567 2304 2570 ·

1248 2594 1337 2632 strua
1356 2595 1434 2633 sunt
1454 2597 1546 2644 ipsae
1568 2600 1690 2644 usurae
1711 2599 1811 2648 affes3
1837 2611 1905 2638 nec
1923 2604 2116 2650 quicquam
2135 2605 2171 2641 in
2190 2606 2270 2642 usu-

1250 2645 1293 2682 ris
1321 2645 1397 2682 affis
1435 2648 1586 2692 partibus
1614 2650 1806 2697 appellatur
1828 2677 1838 2693 ‚
1878 2652 1940 2688 nisi
1971 2653 2130 2700 respee‘iu
2149 2655 2272 2694 usurae
2301 2663 2306 2666 '

1248 2695 1464 2734 centesimae
1506 2699 1709 2736 menstruae
1743 2709 1914 2749 tanquam
1938 2703 2042 2739 asfis:
2080 2705 2166 2741 ideo
2192 2717 2272 2744 non
2300 2727 2303 2730 <

1250 2747 1365 2792 potest
1386 2759 1425 2784 as
1451 2758 1516 2795 pro
1534 2751 1637 2786 uncia
1656 2749 1817 2794 ejusdem
1842 2751 2166 2801 centesimaeponi.
2189 2757 2272 2802 Jam

1253 2795 1428 2833 duodecim
1450 2797 1534 2846 affes
1563 2801 1796 2845 agnasciintiir
1822 2801 1970 2848 quidem
1991 2803 2026 2839 in
2047 2814 2146 2841 anno
2167 2807 2276 2846 usuris
2306 2822 2309 2825 ·

1251 2845 1452 2884 centesimis
1470 2857 1617 2885 centum
1640 2849 1764 2886 assium
1784 2849 1867 2888 sorti
1889 2865 1896 2888 :
1925 2851 1984 2889 sed
2003 2860 2080 2891 tum
2105 2868 2144 2892 as
2164 2859 2278 2892 oza-mi-
2306 2871 2312 2874 ·

1254 2911 1338 2942 ρων,
1367 2896 1502 2934 denarii
1523 2898 1657 2935 sextam
1682 2899 1861 2938 decimam
1884 2910 2020 2950 partein
2043 2931 2054 2946 ,
2084 2905 2275 2953 fignificat:

1253 2953 1292 2981 ut
1313 2946 1489 2983 duodecim
1504 2947 1651 2995 sestertii
1665 2950 1817 2987 existunt
1845 2952 1881 2989 in
1909 2964 2007 2990 anno
2026 2953 2164 2993 lucrum
2191 2968 2272 2996 cen·

1254 3003 1333 3032 tum
1352 2996 1584 3034 sestertiorum
1607 2999 1712 3036 usuris
1734 3001 1953 3046 centesimis;
1976 3004 2149 3043 duodecim
2171 3008 2279 3045 denn-

1258 3046 1302 3085 rii
1321 3047 1379 3086 vel
1400 3047 1524 3086 Dalm·
1538 3049 1617 3089 sunt
1638 3056 1649 3096 ,'
1676 3050 1777 3102 quod
1795 3046 1953 3096 efficiunt
1970 3064 2133 3094 annuum
2154 3059 2276 3096 usurae
2307 3065 2312 3084 ³

2198 3120 2299 3145 cen--
