2616 3686
327 226 421 281 ²72
576 200 1659 265 C.PL1NIICAEC1L11
1726 200 2239 255 SECUNDI
2474 260 2480 265 ,

247 307 281 357 4
324 289 480 343 valet.
559 297 571 317 ⁸
615 283 870 339 Moretur
910 295 1042 350 ergo
1074 278 1129 332 in
1165 274 1411 360 libertate
1444 273 1742 358 fruentibus·
1769 272 1924 328 nobis
1950 313 1968 338 ,
2003 274 2212 331 fruatur
2246 270 2453 346 legato,

325 358 512 504 *ειεῑειὲἳὲι
538 358 721 485 (Erga
745 348 1149 427 diligentiffime
1173 363 1393 406 caverit.
1469 347 1630 404 Cavit
1657 361 1836 410 emm,
1873 359 2012 417 quae
2046 345 2276 404 heredes
2319 347 2456 402 bene

417 565 524 622 XI.

333 705 647 760 Minutiemo
698 696 976 755 Liciniani
1025 694 1249 748 exilium
1298 703 1493 746 narrat
1520 729 1534 754 ,
1571 693 1628 746 in
1665 692 1804 766 quod
1826 694 2006 766 pulstts
2031 690 2299 761 fuerat‘a
2336 693 2459 748 Do.

402 776 622 830 mitiano
669 792 793 827 reus
845 767 1063 839 incestus
1113 785 1227 821 cum
1276 767 1493 836 virgine
1542 764 1778 834 Vestali:
1819 766 1981 835 stmul
2027 764 2082 821 (5
2122 765 2275 819 illius
2314 767 2460 822 vitia

405 860 632 911 taxans,
672 846 727 903 ἐξ
754 846 1014 916 fortunae
1053 839 1400 894 mobilitatem
1437 850 1644 891 notans.

599 567 668 622 C.
745 566 1180 622 PL1N1us
1256 575 1271 599 ³
1350 557 1975 613 M1Nuc1ANo
2051 551 2236 609 Suo
2308 555 2362 612 S.

477 983 730 1040 Udistine
762 978 780 1004 ⁴
817 979 1096 1036 Valerium
1138 975 1484 1043 Licinianum
1522 975 1578 1028 in
1615 976 1629 1002 ⁵
1664 970 1844 1029 Sicilia
1867 971 2153 1042 profiteri?
2195 973 2460 1032 Nondum

475 1071 529 1113 te
555 1071 690 1126 puto
721 1052 936 1110 audiss'e.
1013 1050 1104 1106 Est
1131 1049 1277 1103 enirn
1302 1063 1490 1102 recens
1515 1046 1774 1101 nuncius:
1813 1045 1830 1068 ⁶
1856 1044 2162 1100 Praetorius
2186 1045 2275 1101 hic
2289 1050 2459 1104 modo

332 1134 473 1187 inter
509 1125 971 1200 eloquentissimos
1009 1123 1283 1178 causarum
1321 1119 1526 1174 astores
1562 1118 1891 1173 habebatur:
1946 1134 2093 1172 nunc
2131 1135 2200 1171 eo
2225 1119 2461 1186 decidit,

262 1225 292 1259 2
339 1217 397 1261 ut
424 1203 568 1258 exsul
592 1202 661 1256 de
686 1199 978 1263 Senatorc‚
1012 1213 1029 1240 ⁷
1058 1196 1244 1252 rhetor
1274 1193 1343 1248 de
1378 1206 1595 1248 oratore
1621 1191 1795 1247 fieret.
1871 1189 2056 1263 Itaque
2080 1189 2187 1263 ipse
2224 1191 2279 1245 in
2315 1208 2463 1318 ρὲας-

617 1284 624 1287 “
2367 1279 2466 1319 atr-

338 1386 460 1414 autem
484 1374 643 1423 dcsunffi
667 1372 841 1411 voluntas
872 1370 1021 1420 (vereor
1042 1379 1152 1421 quam
1174 1366 1211 1405 in
1231 1375 1371 1411 partem

338 1426 616 1476 Jurxsconsulti,
646 1425 840 1476 quodsum
860 1424 1018 1461 dietarus
1034 1450 1044 1466 ‚
1072 1419 1271 1469 accipiant)
1303 1431 1373 1456 an-

339 1478 472 1527 tiquior
489 1478 570 1526 jure
586 1475 641 1522 est.
669 1475 776 1513 Idem
800 1475 954 1524 respexit
977 1474 1115 1511 Lucius
1137 1470 1261 1509 Titius
1290 1471 1372 1513 ille,

341 1539 429 1566 cum
454 1527 701 1566 Testamento
723 1526 789 1564 suo
815 1524 1047 1564 subscriberet
1071 1536 1080 1560 :
1110 1523 1157 1560 L.
1184 1520 1374 1559 TITIUS

341 1578 462 1618 HOC
500 1579 670 1616 MEUM
705 1574 1145 1616 TESTAMENTUM
1184 1571 1373 1611 SCRIPSI

344 1629 463 1667 SINE
486 1629 644 1668 ULLO
668 1626 1016 1676 JURISPERITO
1033 1654 1044 1671 ‚
1073 1623 1376 1663 RATIONEM

344 1679 510 1717 ANIMI
543 1681 643 1717 MEI
676 1679 880 1718 POTIUS
908 1676 1179 1721 SECUTUS,
1207 1675 1377 1724 QUAM

345 1730 559 1770 NIMIAM
585 1730 660 1779 ET
694 1728 944 1768 MISERAM
968 1725 1348 1766 DILIGENTIAM
1365 1756 1375 1773 ,

345 1781 420 1820 ET
454 1782 496 1821 SI
528 1781 701 1820 MINUS
733 1779 971 1828 ALIQUID
998 1778 1272 1815 LEGITIME
1293 1777 1376 1814 ΜΙ-

345 1831 528 1871 NUSVE
545 1831 744 1871 PERITE
765 1830 975 1870 FECERO
992 1857 1001 1873 ‚
1027 1829 1134 1866 PRO
1147 1829 1280 1874 JURE
1294 1829 1382 1866 LE-

346 1884 555 1922 GITIMO
580 1883 782 1922 HABERI
808 1881 987 1920 DEBET
1005 1879 1242 1918 HOMINIS
1256 1880 1377 1917 SANI

345 1934 658 1974 VOLUNTAS
681 1963 692 1979 ,
733 1934 879 1973 Laudat
910 1933 1024 1979 JCtus
1050 1931 1093 1967 L.
1116 1928 1376 1968 LXXXVIII.

350 1987 384 2029 §.
406 1987 544 2025 Lucius
564 1987 626 2024 ult.
648 1986 698 2024 D.
721 1985 766 2023 de
790 1985 936 2033 Legatis
958 1982 1005 2020 11.
1036 1982 1245 2020 Euenum.

402 2050 418 2077 1
452 2045 613 2075 Moretur
637 2051 712 2084 ergo
734 2037 770 2073 in
793 2034 997 2084 libertam]
1039 2033 1227 2081 Gryphius
1260 2034 1298 2070 &
1325 2033 1378 2071 Si-

350 2088 504 2127 chardus
528 2090 566 2127 ὅ(
588 2099 715 2135 margo
738 2088 791 2125 Cl.
815 2087 979 2125 Minois:
1000 2091 1154 2121 Meretur
1176 2097 1250 2131 ergo
1273 2083 1378 2121 liber-

349 2148 488 2184 tatem,
516 2148 641 2177 contra
663 2137 774 2176 fidem
798 2139 968 2175 omnium
989 2136 1177 2174 librorum.
1209 2133 1303 2171 Illud
1336 2134 1379 2177 li-

352 2189 518 2228 uentibus
538 2190 635 2227 nobis
652 2189 795 2227 illustrat
820 2188 990 2228 Cussacius
1013 2186 1059 2225 ad
1071 2184 1233 2223 African.
1248 2184 1377 2223 Tract.

355 2239 404 2277 II.
429 2251 509 2289 pag.
533 2253 616 2291 391.
638 2240 757 2278 Tom.
780 2240 828 2277 ΙΙ.
854 2241 927 2287 Op.

404 2303 425 2328 2
453 2291 569 2341 Qasi
591 2293 716 2329 omnia
737 2288 990 2340 diligentissime
1011 2287 1067 2337 a]
1099 2287 1207 2336 Lego
1230 2299 1239 2324 :
1279 2285 1402 2341 quasti

356 2339 509 2380 domina
533 2339 783 2392 diligentiffime
807 2341 957 2378 caverit.
980 2339 1143 2388 alioquin
1169 2348 1321 2375 mancus
1334 2337 1402 2396 cstl

351 2391 482 2430 sermo.
511 2392 663 2431 Bima.
689 2392 782 2430 Non
805 2403 955 2429 mancus
979 2388 1027 2428 est
1049 2389 1192 2432 sermo,
1223 2399 1309 2426 cum
1333 2399 1402 2439 ex:>

352 2451 431 2530 tgtta
466 2443 624 2533 Epistobla
652 2442 821 2531 adparat-at
844 2471 855 2487 ,
891 2441 1040 2528 intefllffii
1077 2439 1402 2540 ἀεξᾷιὉςδὲΞίηέΝ

409 2504 517 2536 ram,
552 2505 753 2533 uinona
784 2505 993 2532 eomamc
1026 2503 1090 2528 um
1122 2510 1145 2527 ν.
1176 2518 1186 2533 ,
1267 2503 1381 2528 11-

359 2544 468 2593 tellfgi
493 2545 624 2584 debeat
654 2574 664 2590 ,
699 2545 823 2581 Verba
844 2543 1005 2581 absolute
1025 2550 1237 2591 ponuntur,
1264 2549 1306 2579 ut
1330 2542 1405 2585 vir

363 2593 484 2633 dirnus
507 2596 607 2644 supra
631 2595 676 2633 ad
699 2594 807 2643 Epist.
831 2595 877 2632 II.
899 2607 933 2631 n.
957 2606 989 2631 2.

1433 1360 1589 1399 aliorum
1611 1361 1813 1399 nominum
1832 1358 2079 1399 litteratorum
2100 1358 2205 1405 sunt,
2227 1371 2307 1398 non
2327 1359 2465 1400 Secun-

1434 1411 1469 1450 di
1491 1411 1612 1450 nostri.
1645 1412 1843 1451 Miniciano
1861 1409 2090 1449 scribendum
2113 1408 2184 1449 effe
2201 1418 2301 1460 patet
2323 1422 2369 1450 ex
2382 1411 2462 1452 Lib.

1436 1463 1463 1501 Ι.
1477 1462 1586 1513 Epist.
1597 1462 1701 1499 XIII.
1714 1474 1748 1500 n.
1762 1474 1796 1512 3.
1809 1464 1849 1501 &
1866 1461 1948 1500 Lib.
1961 1459 2050 1498 VII.
2068 1459 2176 1509 Epist.
2189 1461 2313 1498 XXII.
2325 1473 2362 1499 n.
2375 1473 2408 1509 7.

1483 1526 1507 1561 4
1548 1511 1726 1551 Valerium
1769 1511 2049 1601 Licinianumg
2102 1511 2278 1557 Liciniani
2312 1513 2460 1564 Hispani

1435 1564 1629 1614 municipis
1654 1563 1832 1602 Martialis
1854 1563 1999 1601 mentio
2046 1571 2060 1601 t
2081 1562 2180 1612 apud
2202 1562 2462 1612 Martial.p0e-

1435 1622 1512 1652 tarn
1544 1616 1583 1652 in
1615 1616 1830 1666 epigramm.
1871 1614 2029 1652 Cmu.
2075 1612 2145 1651 Ed.
2175 1613 2264 1651 Vct.
2287 1613 2463 1653 Valerium

1436 1665 1623 1703 Licianum
1647 1681 1658 1709 ;
1690 1664 1856 1718 Ricgard.
1876 1665 1914 1704 in
1937 1663 2063 1703 Indice
2084 1691 2097 1710 ‚
2133 1676 2212 1715 quo
2234 1666 2345 1704 etiam
2366 1667 2483 1715 prim,

1436 1717 1526 1766 cipia
1563 1715 1816 1766 Epistol-axum
1844 1715 2018 1755 exhibere
2049 1716 2139 1754 solet
2163 1744 2174 1762 ‚
2202 1715 2464 1762 Minicianum‚

1435 1767 1666 1856 inscriptione
1697 1775 1889 1818 corruptus
1912 1781 1921 1805 ε
1959 1767 1999 1805 in
2031 1774 2138 1806 textu
2158 1767 2236 1817 ipso
2257 1767 2463 1817 Vulgatum

1434 1829 1532 1868 agno
1549 1828 1607 1857 cit.

1486 1882 1504 1919 ς
1533 1870 1697 1921 Sicilia.]
1738 1870 1844 1910 Olim
1872 1868 1997 1908 Italiae
2029 1867 2228 1920 conJuneta
2251 1896 2262 1914 ,
2291 1881 2385 1908 mox
2407 1872 2464 1910 in-

1433 1922 1606 1959 terventu
1630 1923 1711 1961 freti
1734 1921 1870 1961 divulsa
1891 1935 1900 1959 z
1929 1921 2103 1959 omnium
2133 1919 2330 1958 insularum
2365 1921 2464 1962 ferti-

1434 1970 1541 2009 litatis
1564 1973 1776 2011 claritudine
1799 1973 1987 2010 celebrata.
2039 1973 2141 2012 Italia
2162 1970 2386 2019 superiorem
2410 1973 2464 2013 di-

1435 2033 1534 2060 ceres
1556 2023 1771 2069 frumento,
1797 2023 1906 2061 melle
1921 2051 1931 2067 ‚
1961 2034 2074 2060 croco
2099 2052 2109 2068 ‚
2135 2022 2282 2070 aliisque
2301 2026 2465 2072 permul-

1433 2073 1499 2110 tis:
1529 2076 1568 2112 ὅ(
1591 2076 1726 2113 merito
1749 2076 1972 2112 Romanoru
2090 2084 2212 2111 rreum
2234 2075 2463 2123 appellatam.

1435 2124 1623 2162 Trinacria
1645 2127 1684 2164 &
1705 2126 1893 2177 Triquetra
1915 2137 1936 2163 a
1948 2075 2127 2214 ’ἕξω
2157 2126 2351 2163 nominata
2388 2126 2461 2174 est,

1434 2186 1454 2212 a
1486 2176 1597 2214 tribus
1635 2178 1774 2226 angulis
1808 2177 1847 2214 &
1878 2173 1954 2225 prd'
2018 2177 2168 2220 ntoriis,
2196 2175 2326 2224 quibus
2346 2178 2384 2215 in
2410 2179 2462 2218 di-

1434 2227 1533 2264 versa
1556 2228 1851 2277 procurrentibus
1873 2227 2057 2265 Aliter-am
2072 2227 2190 2264 efficit.
2221 2225 2464 2278 Thucydides

1435 2279 1615 2315 sicaniam
1639 2280 1882 2327 cognominat
1904 2280 1948 2316 ab
1971 2278 2098 2316 incolis
2121 2308 2130 2323 ‚
2181 2289 2276 2326 quos
2310 2280 2456 2329 quidam

1438 2336 1613 2377 putarunt
1632 2329 1818 2378 indigenas
1842 2343 1850 2367 :
1887 2329 2076 2379 postremo
2097 2330 2143 2367 ab
2165 2328 2260 2367 Italis
2283 2359 2293 2375 ‚
2321 2331 2383 2378 qui
2403 2327 2457 2381 ὅξ-

1436 2380 1505 2417 culi
1550 2379 1762 2418 dicebantur
1787 2382 1856 2426 ‚in
1900 2392 1983 2418 eam
2017 2381 2131 2428 vulgo
2164 2379 2363 2429 profestis,
2403 2379 2456 2411 5¹·

1437 2430 1517 2467 cilia
1542 2440 1695 2468 vocata:
1718 2430 1793 2469 five
1815 2438 1881 2478 (ut
1903 2432 1985 2481 alii)
2008 2444 2029 2469 a
2051 2432 2160 2469 siculo
2182 2440 2275 2478 rege.
2304 2429 2455 2481 CATAN-

1438 2481 1602 2520 Riccard.
1627 2484 1664 2520 ὃ(
1690 2483 1819 2520 Oxon.
1849 2482 1965 2520 sicilia
1985 2482 2164 2533 profiteri,
2189 2474 2455 2530 Praepositione

1438 2534 1574 2571 abscisa.
1607 2534 1790 2581 eleganter
1814 2562 1826 2579 ,
1871 2533 1936 2571 nifi
1958 2542 2107 2583 propter
2127 2525 2377 2584 praecedentes
2397 2523 2455 2581 1¹1ss

1439 2592 1534 2622 teras
1562 2584 1637 2621 hoc
1660 2583 1798 2621 factum
1823 2584 1894 2624 eflc
1914 2583 2101 2622 constaret.
2135 2575 2230 2615 Vide
2247 2572 2292 2610 ad
2314 2574 2457 2613 Lucani

415 2657 434 2691 η
468 2651 772 2684 ΜιΝυΤιΑΝο
795 2649 1050 2683 CORNELIO
1073 2642 1200 2692 svo]
1230 2643 1286 2681 Sic
1307 2643 1386 2692 ple·
1406 2683 1407 2689 ἵ
1442 2635 1523 2674 Lib·
1547 2634 1659 2672 VIII·
1682 2647 1733 2673 vs.
1755 2637 1839 2681 428.

367 2690 500 2747 raeque
524 2697 690 2745 vulgatae
706 2726 716 2742 ,
745 2707 830 2733 cum
855 2695 1114 2734 recentioribus
1133 2694 1266 2743 scriptis
1279 2709 1290 2737 ;
1321 2693 1386 2731 nifi

394 2748 470 2786 uod
491 2749 547 2788 alii
570 2748 730 2786 Cornelio
756 2747 958 2785 minutiam
981 2753 1142 2796 ponant,
1171 2744 1274 2794 quod
1307 2746 1389 2794 qui-

400 2808 457 2834 em
494 2812 621 2847 parum
654 2800 763 2838 refert
787 2826 797 2842 ,
834 2807 875 2835 ut
908 2798 982 2835 iarn
1004 2797 1164 2835 vidimus
1187 2795 1234 2832 ad
1256 2795 1337 2833 Lib.
1361 2795 1390 2832 Ι.

375 2843 480 2892 Epist.
502 2851 549 2886 V.
568 2862 600 2886 n.
623 2851 656 2887 8.
681 2851 733 2887 At
760 2849 947 2887 veterrimi
971 2845 1393 2886 Mediceus&Riccard.

1406 2803 1413 2869 l

379 2895 545 2935 faceslerc
557 2899 641 2935 hinc
654 2900 777 2937 iubent
790 2899 876 2936 illud
888 2899 1046 2936 Cornelio
1061 2928 1070 2943 ‚
1096 2896 1198 2946 quod
1210 2898 1247 2935 &
1262 2898 1393 2934 Oxou.
1412 2890 1416 2936 ἶ

1495 2742 1543 2775 Et
1563 2736 1593 2786 [ἱ
1613 2735 1795 2775 Thessalia
1817 2734 1946 2772 bellum
1972 2727 2071 2768 civile
2089 2727 2268 2776 peractum
2290 2725 2346 2773 est.

1494 2841 1518 2876 6
1548 2838 1747 2875 Praetorius
1768 2834 1824 2871 h1'c
1845 2828 1984 2877 modo]
2015 2829 2118 2875 Lege
2141 2827 2289 2866 Sueton.
2313 2827 2459 2865 Domit.

1447 2901 1524 2939 cap.
1547 2889 1655 2926 VIII.
1683 2887 1834 2923 But-ra.
1870 2879 2058 2916 Mediceus
2081 2891 2088 2914 :
2119 2880 2321 2916 Praetorius
2343 2877 2464 2917 modo

381 2946 419 2981 &
443 2945 557 2983 Aldus
581 2947 687 2985 fecit:
719 2948 907 2985 Medicens
929 2956 1052 2986 tamen
1079 2948 1283 2986 Municiano
1313 2947 1393 2984 scri·
1414 2963 1419 3014 ¹
1449 2944 1509 2980 hiC
1525 2941 1620 2977 inter
1640 2943 1707 2973 cet·

381 2994 431 3031 bit
456 3023 466 3038 ,
505 2997 543 3032 δε
576 2996 738 3033 Riccard.
774 2998 1000 3040 Minicianw,
1041 2999 1170 3035 oxon.
1204 2997 1419 3034 Mintian0.2

382 3045 473 3084 Non
497 3047 693 3096 repetimus
774 3056 840 3082 uae
863 3047 906 3082 ml
935 3048 1012 3083 Lib.
1037 3048 1062 3083 1.
1085 3048 1129 3084 dc
1152 3059 1228 3084 uno
1262 3042 1420 3085 Nomi-t
1585 3085 1595 3090 ,
1699 3083 1707 3088 ,

747 3057 821 3132 ἒχο
853 3095 1020 3132 dixmms.
1058 3098 1320 3135 Addit-amenta
1339 3095 1400 3134 illa
1419 3116 1421 3120 ·
1455 3101 1494 3126 re
1516 3086 1640 3136 pamm
1663 3088 1842 3132 Uluspam·
1868 3082 1929 3120 C*
1943 3094 1966 3120 's
1983 3094 2005 3119 Α
2019 3093 2053 3120 Ν·

381 3107 430 3135 ne
464 3096 627 3146 Epistolis
659 3074 742 3145 prie

1502 3001 1520 3034 7
1551 2983 1718 3032 Rham]
1749 2980 1845 3018 Artis
1867 2978 2009 3018 dicendi
2031 2980 2198 3028 magister
2224 3009 2232 3024 ‚
2261 2991 2380 3018 orator
2403 2979 2467 3030 qui

1454 3049 1536 3076 eam
1561 3042 1715 3071 exercet.
1744 3032 1873 3068 Graeci
1897 3039 2022 3068 tamen
2044 3032 2231 3071 rhetorem
2254 3044 2323 3080 pro
2348 3039 2471 3069 orato·

2335 3126 2353 3172 ι’
2381 3132 2476 3181 §Laos
