2616 3686
458 192 1841 259 LIBERV11.EPISTOLAXXL
2151 224 2245 276 μ,

95 342 98 348 .
125 279 354 352 primuS,
388 273 480 345 qui
507 289 534 325 a
559 282 613 324 te
635 269 930 350 proximUS.
957 269 1087 338 quin
1112 270 1274 324 etiarn
1295 270 1350 351 in
1376 287 1390 309 ¹
1418 271 1738 328 testamentis
1762 276 1920 330 debes
1947 276 2211 336 adnotasse
2228 311 2245 335 ‚

129 350 254 422 (nifi
288 347 404 418 quis
440 344 580 398 forte
617 342 854 396 alterutri
894 339 1133 395 nostrum
1181 340 1559 411 amieiffimus)
1583 345 1771 401 eadem
1803 348 2003 419 legata,
2043 350 2097 403 &
2129 356 2245 422 qui-

125 423 250 477 dem
276 417 471 487 pariter
497 415 797 486 accipimus,
876 412 1033 484 Quae
1059 414 1238 468 omnia
1266 415 1371 468 huc
1401 414 1662 483 speciant,
1709 429 1770 471 ut
1795 419 2025 474 invicem
2051 423 2242 476 arden·
2281 438 2313 485 7

123 495 223 548 tius
261 491 535 561 diligamus
563 526 579 552 ,
625 503 750 565 cum
787 497 870 539 tot
909 485 1132 541 vinculis
1167 504 1263 541 nos
1304 486 1471 542 studia
1497 526 1513 552 ‚
1551 506 1762 557 moreS,
1800 490 1967 556 fama,
2004 493 2243 565 suprema

110 564 356 637 -denique
381 562 657 618 hominum
680 560 696 579 ²
717 557 915 629 judicia
942 558 1326 632 constringant.
1363 559 1515 618 Vale.

262 730 434 787 XXI.
509 729 574 785 C.
648 727 1078 783 PL1N1us
1155 725 1171 751 ³
1243 725 1734 784 Coauuro
1806 728 1988 786 Suo
2060 733 2115 788 S.

120 877 343 934 Cornuto
365 873 617 936 monenti,
641 882 701 926 ut
724 871 1038 941 infirmitati
1059 874 1318 927 oculorum
1341 873 1628 943 consuleret
1648 912 1663 937 ‚
1690 875 1919 930 ordinem
1942 877 2094 933 vitae
2108 881 2239 953 βιαιο

439 956 732 1012 enumerat,
772 946 827 1003 f&
837 957 944 1017 pro
956 947 1179 1020 gallinis
1199 945 1358 1016 mtffis
1378 963 1492 999 cum
1517 947 1677 999 amico
1680 947 1924 1019 jocatur.

230 1095 398 1156 Are0,
434 1093 452 1119 ⁴
477 1091 677 1162 collega
707 1090 995 1154 cariffime‚
1038 1092 1091 1144 (ἵε
1118 1090 1411 1146 infirmitati
1439 1092 1750 1156 oculorum,
1790 1104 1849 1146 ut
1868 1093 2019 1163 jubes
2049 1133 2065 1159 ‚
2103 1113 2234 1152 con..

225 1170 349 1222 sul0.
424 1165 562 1218 Nam
590 1166 641 1217 δε
670 1165 774 1219 huc
804 1168 947 1219 teclo
973 1165 1222 1219 vehiculo
1249 1163 1489 1235 undique
1516 1165 1769 1227 inclusu3‚
1808 1168 1950 1238 quali
1990 1167 2044 1221 in
2082 1168 2235 1222 cubi-

115 1243 237 1298 culo
261 1237 505 1312 perveni,
542 1236 555 1262 ⁵
588 1236 641 1290 &
667 1238 755 1291 hic
784 1254 891 1292 non
916 1237 1032 1292 stilo
1066 1237 1269 1300 mode,
1305 1254 1491 1292 verum
1519 1239 1677 1291 etiam
1711 1237 2051 1302 lefiionibuS,
2091 1239 2237 1296 diffi-

116 1315 284 1369 culter
319 1351 334 1374 ‚
385 1308 475 1363 sed
525 1307 760 1363 abstineo
790 1348 806 1373 ‚
865 1311 1089 1382 solisque
1135 1310 1346 1364 auribus
1393 1309 1601 1365 studeo.
1680 1309 1944 1365 Cubicula
1990 1311 2235 1370 obduffls
2284 1338 2312 1372 ι

114 1387 240 1442 velis
299 1383 316 1405 ⁶
377 1398 581 1451 opaca,
628 1399 728 1436 nec
779 1396 955 1437 tamen
1008 1382 1227 1437 obscura
1273 1382 1429 1437 facio,
1504 1383 1959 1455 Cryptoporticus
2015 1403 2238 1457 quoque

112 1454 382 1528 adopertis
430 1451 770 1507 inferioribus
817 1456 1088 1518 fenestriS,
1139 1468 1347 1508 tantum
1386 1454 1651 1518 umbrae,
1711 1470 1967 1526 quantum
2023 1458 2236 1517 luminis

111 1531 287 1585 habet.
325 1526 391 1580 fic
427 1524 675 1595 paulatim
714 1525 888 1578 lucem
926 1527 1066 1579 ferre
1110 1525 1380 1581 condisco.
1456 1525 1472 1553 ⁷
1507 1525 1782 1580 Balineum
1821 1528 2025 1583 assumo
2057 1566 2073 1593 ,
2109 1533 2231 1602 quia
2285 1557 2307 1608 3

111 1600 327 1674 prodest
352 1615 362 1651 :
415 1597 596 1649 vinum
623 1634 640 1658 ‚
688 1597 810 1666 quia
839 1614 946 1650 non
976 1610 1136 1651 nocet
1162 1636 1176 1662 ‚
1216 1597 1516 1668 parciffime
1543 1612 1736 1652 tamen.
1813 1599 1886 1653 Ita
1910 1601 2135 1666 affuevi,
2175 1604 2229 1657 &

112 1689 256 1729 nunc
277 1667 293 1693 ⁸
317 1667 490 1725 custos
516 1666 672 1720 adest.
748 1667 1040 1731 Gallinam,
1081 1684 1139 1722 ut
1166 1687 1193 1723 a
1216 1683 1268 1724 te
1295 1670 1490 1724 miffam
1516 1709 1530 1732 ,
1570 1671 1796 1725 libenter
1820 1673 2033 1743 accepi,
2067 1691 2228 1747 quam
2275 1696 2307 1745 4

111 1747 228 1802 satis
253 1742 457 1799 acribus
481 1739 678 1804 oculis,
714 1742 734 1768 ⁹
752 1757 1052 1814 quanquam
1079 1741 1256 1799 adhuc
1282 1742 1475 1816 lippuS,
1515 1741 1910 1814 pinguissimam
1935 1744 2060 1801 vidi·
2083 1749 2233 1806 Vale.

117 2016 225 2055 Maro
247 2013 372 2063 Eclog.
394 2014 441 2051 V.
465 2023 515 2051 vs.
535 2011 596 2062 492
1201 2025 1278 2065 cap.
1310 2014 1377 2053 XI.
1408 2026 1444 2054 n.
1480 2026 1513 2066 3.
1540 2014 1641 2054 Infra
1681 2015 1814 2054 Noster
1835 2014 1944 2064 Epist.
1964 2014 2105 2054 XXXI.
2134 2027 2169 2055 n.
2199 2032 2235 2068 ς-

556 2069 570 2078 ’
616 2111 623 2119 .
1196 2066 1389 2104 multorum
1408 2068 1580 2116 supremis
1602 2066 1740 2105 iudiciis
1761 2068 1893 2104 credere
1910 2075 2017 2116 potes.
2224 2072 2232 2080 '

164 2136 235 2146 —
287 2136 357 2146 —
404 2126 444 2154 tu
465 2125 554 2152 nunc
575 2127 638 2152 ms
660 2113 746 2153 alter
767 2114 809 2154 ab
829 2115 902 2156 illo.
1250 2130 1269 2167 3
1301 2122 1534 2156 CORNUTO
1569 2118 1739 2157 FUSCO
1777 2124 1873 2155 SUO.
1894 2117 1910 2167 ]
1949 2119 2077 2168 Scripti
2099 2130 2233 2160 omnes

1204 2168 1243 2204 &
1264 2168 1426 2218 plerique
1449 2170 1629 2218 impreffi:
1659 2175 1814 2208 Cornuto
1837 2176 1911 2207 Suo.

112 2220 152 2259 δε
170 2219 245 2260 hoc
266 2216 538 2256 usitatiffimum.
565 2216 719 2254 Com-E,
1250 2231 1273 2266 4
1300 2221 1451 2269 Collega.
1477 2220 1492 2268 ]
1522 2221 1596 2258 Vel
1616 2221 1654 2258 in
1678 2220 1903 2268 praefestura
1924 2221 2049 2259 aerarii
2074 2248 2083 2263 ,
2112 2222 2170 2260 vel
2192 2224 2228 2261 in

165 2283 180 2308 1
215 2266 484 2316 Testamentis.]
531 2266 790 2306 subscribendis
837 2269 876 2306 &
920 2266 1096 2317 signandis
1119 2298 1129 2314 ,
1208 2268 1448 2308 Consulatu?
1477 2271 1577 2308 Nam
1609 2279 1810 2318 utrumque
1843 2269 2090 2318 magistratum
2122 2271 2227 2312 simul

112 2322 240 2370 quibus
264 2321 324 2358 tibi
348 2320 506 2367 primum
522 2344 531 2360 ,
561 2318 649 2354 mihi
671 2316 867 2356 secundum
889 2319 1014 2356 locum
1037 2332 1127 2357 con·
1200 2318 1345 2366 geffere.
1374 2322 1406 2357 C
1421 2333 1440 2356 A
1457 2335 1479 2359 τ
1496 2334 1516 2357 Α
1532 2331 1567 2357 u.

112 2371 268 2409 cedunt:
299 2382 341 2406 an
367 2371 402 2406 in
423 2369 572 2416 legatis,
599 2366 727 2416 quibus
747 2370 853 2416 primi
866 2372 1127 2416 nominamur,
1256 2384 1273 2418 ς
1304 2376 1351 2407 Et
1375 2383 1444 2406 non
1471 2371 1548 2417 stilo
1580 2371 1693 2408 modo.
1715 2369 1731 2418 ]
1772 2370 1915 2407 Omnes
1947 2368 2065 2417 scripti
2090 2397 2100 2414 ,
2131 2371 2224 2413 Edd.

111 2423 150 2461 &
177 2423 304 2471 quibus
335 2420 463 2456 eadem
493 2419 609 2467 legata
632 2445 642 2461 ,
671 2418 708 2454 ὅ(
730 2421 856 2468 pariter
878 2430 919 2457 ac
942 2432 986 2457 ex
1009 2432 1128 2470 aequo
1200 2420 1302 2458 Vett.
1331 2421 1445 2458 Aldus
1469 2424 1506 2458 ὅ(
1529 2421 1738 2469 Gryphius:
1769 2432 1810 2458 ω·
1831 2420 1891 2457 hic
1913 2433 1983 2458 non
1998 2419 2078 2466 stilo
2097 2423 2196 2460 modo
2211 2440 2224 2463 ι

109 2474 328 2519 accipimus,
356 2469 419 2506 nisi
449 2471 572 2519 aliquis
607 2468 655 2506 est
676 2469 833 2508 alterutri
855 2470 1015 2507 nostrum
1036 2474 1129 2509 ami-
1201 2481 1313 2519 quam
1345 2471 1560 2509 Particulam
1594 2483 1656 2508 cui·
1688 2471 1746 2508 alii
1777 2470 1999 2515 omiserint,
2047 2483 2125 2510 non
2163 2485 2227 2512 ex·

111 2523 289 2566 elisimus,
324 2524 362 2559 ὃ(
390 2520 474 2558 ideo
507 2519 671 2556 amiciori
701 2521 839 2568 majora
869 2521 983 2568 legata
1004 2520 1130 2561 scribit.
1203 2531 1305 2570 puto.
2224 2520 2227 2522 ’

113 2572 218 2611 Car
236 2585 308 2610 AN.
345 2572 446 2609 Prior
481 2572 655 2608 Catinaci
689 2570 868 2618 expositio
890 2571 1028 2618 prorsus
1052 2571 1130 2611 falsa
1251 2575 1274 2609 6
1305 2579 1431 2622 Opaca.
1454 2570 1470 2621 ]
1511 2570 1791 2620 Aliquantulum
1824 2571 2028 2611 inumbrata
2055 2601 2065 2617 ‚
2093 2574 2224 2614 subob-

114 2622 171 2666 ἢῆ.
199 2624 241 2662 ln
264 2622 484 2661 testamentis
507 2633 657 2669 quoque
671 2620 855 2658 adnotasse
869 2630 971 2670 potes
993 2649 1002 2664 ,
1029 2625 1132 2671 quod
1200 2623 1308 2660 scura.
1362 2623 1484 2660 Celsus
1521 2623 1692 2670 praecipit
1722 2624 1759 2661 in
1792 2622 2013 2671 lippitudinis
2035 2628 2224 2666 curatione

113 2684 180 2712 nos
210 2686 277 2723 pro
307 2671 603 2711 coniunffiffimis
635 2673 673 2708 ὅ(
704 2669 889 2710 simillimis
911 2672 1132 2720 habeamur,
1201 2676 1323 2721 primo
1355 2673 1412 2712 die
1444 2675 1529 2711 loco
1561 2673 1714 2711 obscuro
1746 2673 1900 2718 cubare,
1931 2675 1969 2712 ὃ(
2001 2687 2022 2713 a
2051 2675 2222 2717 sermone

115 2723 202 2762 dum
224 2724 352 2762 eadem
374 2724 488 2771 legata
503 2750 513 2765 ,
543 2724 580 2760 &
603 2723 752 2771 quidem
777 2725 905 2771 pariter
927 2724 1132 2771 accipimus.
1203 2724 1386 2763 abstinere.
1417 2725 1570 2762 Cum.

165 2786 186 2812 2
216 2773 386 2823 Iudicia]
416 2776 436 2811 i.
458 2776 682 2810 testamenta.
713 2774 853 2821 Apulei.
878 2774 1038 2822 Apolog.
1053 2787 1133 2823 pag.
1254 2786 1273 2821 7
1305 2776 1498 2813 Balineum.
1536 2773 1552 2824 ]
1603 2775 1760 2814 Curatur
1808 2774 1988 2823 lippitudo
2023 2776 2225 2818 secundum

120 2834 202 2873 334.
224 2827 371 2863 Utinam
405 2836 445 2862 tu
479 2823 613 2871 Ruffine
635 2824 842 2872 supremum
865 2825 934 2862 eius
957 2824 1131 2864 iudiciuin
1203 2826 1350 2864 Celsum
1365 2826 1508 2863 balineo
1523 2854 1533 2870 ,
1554 2825 1668 2871 vino,
1695 2828 1840 2876 quiete,
1868 2825 2086 2864 abstinentia.
2109 2827 2225 2869 lom.

123 2886 190 2910 mm
214 2876 391 2925 impediffes
414 2880 428 2911 Ι
479 2888 565 2919 quas
597 2874 684 2913 mihi
721 2888 784 2912 aut
818 2888 933 2912 coram
960 2904 970 2919 ,
997 2887 1062 2912 aut
1095 2877 1133 2913 in
1255 2881 1274 2916 8
1305 2875 1464 2925 Custos.]
1495 2877 1572 2924 Qui
1621 2878 1811 2926 prohibet,
1848 2888 1896 2916 ne
1932 2876 2032 2924 supra
2067 2878 2226 2920 modum

126 2922 320 2969 testamento
339 2928 473 2975 gratias
493 2926 614 2976 egisset.
669 2925 814 2964 Eodem
839 2929 991 2964 nomine
1014 2927 1132 2965 iudicii
1202 2926 1332 2964 bibam.
1362 2929 1416 2965 11>
1431 2941 1451 2965 ε
1468 2941 1506 2965 M.
1533 2927 1606 2965 Vel
1638 2940 1730 2966 uxor
1753 2956 1764 2972 ,
1791 2928 1849 2965 vel
1870 2926 2043 2966 medicus.
2071 2928 2225 2971 Bima.

122 2975 266 3029 ωιτν-«νηὶ
281 3002 291 3018 ,
316 2976 425 3015 iudicii
441 2978 618 3026 supremi,
641 2980 676 3016 in
688 2977 770 3014 Iure
784 2976 1131 3016 nostrotestamenta
1202 2978 1397 3026 Pei-peram
1431 2978 1585 3016 Helmst.
1615 2979 1729 3017 Arnz.
1763 2981 1801 3018 &
1834 2977 1900 3016 Ed.
1924 2978 2010 3016 Ver.
2062 2983 2110 3018 Et
2133 2995 2224 3022 nunc

123 3032 297 3067 veniunt,
323 3035 362 3062 ut
392 3029 430 3065 &
460 3029 555 3076 apud
591 3029 807 3067 Suetonium
824 3056 834 3073 ‚
864 3028 984 3065 Valer.
1009 3028 1132 3066 Maxi—
1201 3027 1307 3075 custos
1329 3028 1483 3079 adhaesi.

36 3085 43 3099 ·
124 3083 229 3112 mum
249 3083 291 3112 tc
310 3074 406 3115 allos.
427 3078 508 3118 vide
530 3079 748 3131 Interpretes
766 3079 812 3120 ad
834 3077 954 3119 lustin.
979 3078 1058 3117 Lib.
1082 3080 1131 3122 V,
1164 3110 1171 3143 ¹
1251 3092 1274 3128 9
1303 3082 1536 3132 §Quamquam
1556 3079 1674 3119 adhuc
1694 3082 1808 3132 lippis.
1830 3079 1846 3133 ]
1876 3081 1934 3122 Sic
1955 3084 2064 3124 etiam
2085 3082 2225 3128 Aldus‚'

1474 3132 1510 3180 V
1524 3143 1547 3172 v
1560 3143 1584 3170 v
1613 3144 1633 3171 2
2126 3135 2221 3181 Gry-
