2616 3686
34 1772 38 1774 ,
110 1735 210 1782 (ait)
234 1734 389 1772 Patrocli
401 1733 446 1770 ad
462 1734 674 1771 Mcrionem
689 1742 732 1769 ex
745 1730 849 1768 XVI.
863 1730 963 1768 Iliad.
981 1732 1138 1771 VEENH.

536 175 879 242 LIBER
948 182 1899 240 V.EPISTOLAXX1.
2149 200 2248 256 393

112 271 515 350 providendum
566 263 643 320 est
709 259 880 324 mihi,
947 273 1017 342 ne
1084 258 1310 329 gratiam
1360 261 1611 314 novitatis
1670 259 1731 341 ,ὃς
1797 263 2034 325 florem,
2096 279 2234 344 quae

113 345 493 403 oratiunculam
541 339 684 393 illam
731 333 818 390 vel
865 348 1095 390 max1me
1144 330 1534 412 commendat,
1598 332 1847 404 epistolae
1912 337 2234 408 loquacitate

110 424 129 475 ,⁸
158 431 517 493 praecerpam.
553 410 707 468 Vale.
726 495 732 500 .

407 545 1237 610 XX1.C.P1.1n1us
1312 547 1582 606 Ruro
1658 506 1840 604 s'uo
1911 546 1966 602 S.

111 696 346 752 Dictura·
368 704 518 748 erant
539 687 786 744 advocati
808 688 952 759 apud
974 687 1333 742 centumviros
1354 727 1370 751 ,
1427 687 1501 742 ad
1518 704 1642 760 quos
1666 685 1946 740 audiendos
1972 682 2238 740 Secundus

181 778 489 825 convenerat
515 804 531 828 ‚
569 762 666 830 sed
703 761 948 815 Licinius
982 759 1163 832 Nepos
1177 762 1398 833 judicia
1420 763 1595 831 fhlvit
1623 799 1638 823 ‚
1688 760 1853 814 edicto
1891 776 2095 812 monens
2120 798 2135 822 ‚
2176 768 2238 810 ut

181 836 684 906 Senatusconsttltum
697 838 1053 905 servaretur:
1095 852 1191 907 quo
1219 834 1510 889 cavebatur
1539 873 1553 895 ,
1605 851 1667 885 ue
1693 834 1811 903 quis
1836 844 1960 885 ante
1985 832 2243 886 notionem

166 912 444 986 pecuniam
466 909 755 979 acciperet,
789 907 885 960 vel
890 907 1278 978 pacisceretur:
1321 906 1461 980 quod
1481 906 1709 978 Nepotis
1720 906 1930 976 factum
1956 923 1989 958 a
2027 906 2241 978 quibus-⁴

180 984 296 1038 dam
318 980 819 1056 reprehendebatur,
856 980 921 1034 ab
945 980 1073 1033 aliis
1099 979 1433 1038 laudabatur.

259 1119 615 1177 Escenderam
654 1123 707 1176 in
746 1125 761 1152 ³
796 1117 1069 1175 Basilicam
1099 1118 1292 1190 Juliam
1320 1158 1336 1184 ,
1388 1119 1667 1176 auditurus
1702 1117 1894 1190 quibus
1930 1133 1949 1157 ⁴
1993 1117 2242 1188 proxima

253 1195 822 1265 comperendinatione
862 1193 1188 1265 respondere
1229 1192 1474 1248 debeam.
1537 1191 1809 1247 Sedebant
1851 1189 2091 1261 judiceS,
2128 1189 2244 1244 De·
2287 1199 2318 1247 z*

108 1269 327 1324 cemviri
366 1280 663 1329 venerant,
716 1276 729 1302 ⁵
764 1265 1179 1322 obversabantur
1203 1265 1451 1323 advocati
1484 1289 1501 1332 ς
1544 1265 1808 1322 filentium
1833 1265 2087 1334 longum,
2119 1278 2246 1394 ct1an-

2159 1351 2250 1394 em

1206 1480 1369 1529 triusque
1390 1480 1499 1528 partis
1519 1477 1629 1516 anto.
1657 1477 1872 1516 Secundum
1901 1477 1989 1515 alios
2012 1480 2250 1521 comparendi:

1207 1529 1308 1566 natio
1331 1529 1380 1566 est
1403 1529 1557 1568 secunda
1576 1528 1686 1566 anio.
1734 1528 1831 1566 Item
1856 1528 2172 1577 comperendinatio
2197 1531 2248 1569 est

1207 1580 1251 1617 ab
1278 1581 1440 1629 utrisque
1469 1580 1707 1628 litigatoribus
1740 1579 1902 1617 invicem
1926 1578 1989 1617 fibi
2011 1579 2250 1621 denunciatio

1207 1631 1243 1668 in
1267 1630 1513 1681 perendinum
1534 1630 1646 1668 diem.
1684 1630 1786 1668 Nam
1812 1641 1898 1666 cum
1921 1630 1959 1666 in
1982 1640 2060 1666 rem
2083 1630 2246 1679 aliquam

1206 1690 1354 1729 agerent
1376 1681 1574 1729 litigatores
1599 1709 1610 1724 ,
1649 1683 1687 1718 8<
1709 1690 1831 1729 poena
1852 1679 1887 1717 se
1909 1679 2122 1719 sacramenti
2144 1690 2248 1730 pete-

1203 1739 1309 1777 rent,
1335 1731 1532 1780 poscebant
1550 1730 1715 1780 judicem
1737 1758 1748 1775 ,
1775 1731 1839 1779 qui
1859 1730 2010 1768 dabatur
2031 1731 2111 1779 post
2135 1733 2247 1772 XXX

1203 1781 1327 1827 diem,
1357 1794 1434 1833 quo
1468 1781 1556 1819 dato
1591 1779 1725 1819 deinde
1755 1782 1850 1819 inter
1883 1779 1917 1818 se
1939 1784 2247 1830 comperendinum

1203 1833 1297 1870 diem
1320 1832 1616 1879 denunciabant,
1642 1840 1684 1869 ut
1694 1831 1739 1868 ad
1750 1832 1932 1881 judicium
1945 1834 2137 1872 venirent:
2167 1848 2246 1885 quo

1202 1895 1289 1922 cum
1324 1883 1411 1923 effer
1443 1892 1601 1922 ventum
1626 1913 1636 1929 ,
1675 1892 1876 1932 antequam
1916 1884 2018 1920 causa
2052 1894 2246 1933 ageretur,

1202 1934 1302 1982 quasi
1325 1947 1389 1984 per
1404 1936 1570 1985 J‘udicem
1594 1946 1674 1973 rem
1699 1934 1938 1984 exponebant
1962 1947 1970 1971 :
1999 1936 2103 1983 quod
2126 1938 2246 1985 iprum

114 1992 154 2021 ut
176 1986 213 2021 δε
237 1984 343 2022 Vols.
360 1995 529 2024 neutrum
550 1985 769 2035 agnoscunt,
796 1997 906 2034 quare
927 1997 1012 2023 cum
1075 1987 1138 2025 ldo
1203 1984 1389 2024 dicebatur
1422 1987 1546 2036 causae
1578 1985 1735 2034 conjettio
1762 2015 1772 2030 ,
1813 1983 1913 2035 quast
1949 1986 2074 2023 cautae
2098 1986 2180 2026 suae
2208 1990 2247 2028 in

116 2036 155 2071 &
179 2035 349 2083 Gryphio
370 2038 464 2087 apud
485 2048 518 2074 te
540 2038 708 2084 expunxi.
737 2036 930 2074 Mediceus
955 2049 963 2074 :
988 2039 1139 2086 proden-
1202 2035 1314 2075 breve
1346 2037 1504 2076 coactio.
1545 2036 1757 2076 Secundum
1784 2037 1872 2074 alios
1900 2036 1994 2074 inter
2015 2040 2248 2088 comperendi-

114 2084 200 2119 dum
224 2085 266 2131 est
289 2086 389 2125 milnss
419 2087 549 2125 Sallust.
572 2089 650 2125 Cat.
669 2099 746 2136 cap.
771 2087 855 2125 LII.
878 2099 954 2134 n.4
978 2095 1050 2124 Hoc
1072 2089 1140 2139 nisi
1202 2088 1384 2126 nationem
1418 2091 1457 2128 &
1489 2088 1759 2140 ampliationem
1793 2088 1869 2126 hoc
1899 2087 2043 2125 interest
2076 2117 2084 2134 ,
2142 2090 2247 2139 quod

113 2136 337 2182 provideris,
366 2150 412 2176 ne
434 2138 582 2175 accidat.
610 2138 706 2176 Infra
720 2137 936 2176 coniicicbat
948 2138 1134 2178 Barthius:
1200 2140 1518 2189 comperendinatio
1553 2152 1597 2178 cx
1630 2150 1702 2176 una
1736 2146 1881 2176 tantum
1916 2140 2089 2186 repetitur
2113 2150 2243 2188 parte,

108 2187 270 2232 gratiam
310 2190 483 2226 novitatis
521 2198 560 2226 ut
590 2187 714 2239 florem
739 2217 749 2233 ,
777 2188 851 2227 sine
889 2188 976 2226 iusta
1008 2189 1136 2229 cauffa.
1198 2200 1284 2227 cum
1307 2200 1392 2229 ante
1410 2192 1524 2240 judex
1547 2202 1624 2228 non
1642 2190 2246 2237 intelligeret,utomninosuade·

112 2235 228 2273 Porro
241 2250 284 2274 ex
298 2240 469 2277 omnibus
481 2240 606 2278 nostris
619 2240 856 2278 MSS-&Ed
869 2241 956 2278 Vet.
967 2242 1131 2290 reposui:
1164 2259 1168 2298 f
1198 2238 1314 2279 batur.
1341 2242 1513 2289 Judiccs,
1539 2241 1564 2278 fi
1588 2242 1688 2278 bona
1710 2241 1810 2277 causa
1826 2268 1835 2282 ‚
1865 2239 2100 2276 absolvebant
2127 2252 2236 2279 eam:

112 2298 200 2336 quae
223 2289 484 2327 oratiunculam
509 2291 607 2328 iilam
632 2291 688 2327 vel
707 2292 864 2327 maxime
884 2293 1109 2330 commendat
1125 2322 1135 2338 ,
1164 2301 1168 2331 Ι
1198 2289 1224 2326 st
1247 2294 1366 2337 mala,
1399 2304 1477 2330 non
1500 2292 1617 2330 statim
1642 2290 1879 2326 damnabant.
1911 2288 1985 2326 Sed
2004 2290 2071 2325 hac
2095 2291 2244 2328 excusa-

112 2347 179 2386 pro
196 2339 327 2386 vulgari
340 2340 600 2378 oratiunculam
615 2354 741 2378 meam.
769 2343 1008 2379 Commendat
1024 2337 1168 2409 etiam]
1198 2343 1302 2380 tione
1332 2343 1538 2392 parcebant.
1595 2341 1694 2378 Nam
1726 2351 1812 2376 cum
1851 2338 2128 2377 condemnandi
2154 2351 2243 2381 nota

113 2387 264 2432 restitui,
298 2402 382 2428 cuin
409 2391 599 2429 Hackiana
624 2394 662 2430 ὃς
686 2393 751 2428 Ed.
775 2391 861 2429 Ver.
885 2395 1136 2432 commendant
1165 2412 1167 2430 1
1199 2392 1286 2430 esiet
1308 2400 1365 2437 Θ,
1394 2394 1505 2430 litera.
1536 2392 1570 2428 A
1586 2419 1595 2435 ,
1619 2390 1854 2434 absolvendi,
1883 2389 2083 2438 ampliandi
2098 2389 2245 2439 signum

111 2439 322 2477 maluiffent.
379 2443 476 2479 Vide
511 2441 612 2491 supra
653 2443 699 2480 ad
733 2441 841 2490 Epist.
869 2443 971 2479 XIX.
995 2456 1030 2480 n.
1057 2456 1089 2494 3.
1166 2437 1168 2471 ἶ
1199 2443 1248 2479 N.
1273 2444 1316 2480 L..
1339 2443 1442 2492 quod
1466 2440 1686 2491 fignificabat
1709 2453 1777 2476 non
1802 2439 1954 2489 liquere,
1984 2441 2068 2478 iudc
2091 2442 2245 2492 amplia-

158 2502 180 2527 2
208 2492 480 2541 Praemium]
512 2493 555 2530 Id
577 2493 625 2530 cit
649 2493 850 2536 aeriorem,
871 2492 1039 2531 delibem.
1063 2496 1137 2532 C».-
1166 2487 1170 2539 ᾗ
1201 2493 1247 2530 tio
1284 2494 1503 2531 nascebatur.
1560 2492 1666 2528 Haec
1699 2490 1889 2544 Asconius.
1932 2491 2088 2530 Tacitus
2112 2489 2243 2544 com'pe-

115 2551 204 2579 TAN.
252 2549 490 2580 Praeceroam.
517 2543 531 2592 ]
585 2544 667 2580 Alii
701 2544 811 2582 Iectio
842 2544 951 2582 habet
979 2545 1139 2592 perdam.
1168 2553 1172 2598 ζ
1200 2545 1463 2581 rendinmimes
1484 2543 1609 2581 liberas
1633 2542 1722 2579 olim
1747 2540 1849 2579 fuiflc
1874 2551 2071 2580 memorat.
2111 2544 2243 2583 Postea

113 2590 311 2630 Boxuoau.
367 2594 442 2630 Alii
473 2596 632 2643 perdam.
674 2596 708 2631 in
747 2593 871 2632 nostris
921 2595 1141 2634 membranis
1169 2599 1173 2634 ἲ
1202 2595 1379 2633 restrictae
1403 2596 1480 2633 sunt
1502 2594 1639 2641 legibus
1664 2621 1675 2637 ‚
1704 2592 1800 2631 unde
1822 2593 1903 2630 alibi
1926 2593 2116 2632 Secundus
2140 2596 2245 2635 dixe-

106 2648 333 2690 praeteream.
372 2644 416 2680 M
432 2658 444 2681 1
463 2657 484 2679 Ν
502 2658 524 2680 0
542 2660 568 2681 s.
616 2645 737 2682 Etiam
773 2657 818 2682 ex
853 2644 979 2682 nostris
1011 2646 1139 2684 Oxon.
1203 2655 1278 2688 rat,
1307 2646 1391 2695 leges
1407 2675 1416 2690 ,
1444 2657 1496 2682 tot
1521 2644 1624 2681 horas
1640 2672 1649 2685 ,
1704 2654 1756 2680 tot
1781 2643 1849 2680 dies
1865 2672 1875 2688 ‚
1905 2654 1957 2681 tot
1979 2646 2242 2697 comperendig

115 2691 263 2732 Helmst.
286 2695 400 2732 Arnz.
425 2697 463 2734 ὃς
487 2696 553 2733 Ed.
578 2697 665 2733 Vct.
682 2706 912 2744 praeteream.
937 2697 1007 2733 Sed
1032 2696 1141 2745 Opti·
1174 2718 1178 2734 i
1204 2699 1370 2734 nationes
1394 2697 1609 2736 Imitemur.
1641 2695 1796 2732 Cuia.

114 2753 193 2782 mus
217 2754 444 2796 praecerpam.
494 2747 627 2795 Pancg.
649 2758 725 2795 cap.
753 2746 895 2783 LVIII.
935 2752 1143 2784 Summum·
1174 2739 1178 2772 ³
1256 2761 1273 2796 5
1306 2738 1605 2796 obversabantur
1631 2742 1842 2794 advocati.]
1876 2745 1993 2783 Simul
2016 2745 2164 2784 aderant
2177 2747 2242 2786 ad-'

1207 2800 1338 2835 vocati.
1380 2799 1531 2846 Legitur
1557 2798 1667 2836 ctiam
1691 2795 1976 2846 observabantur
2000 2826 2010 2841 ‚
2038 2797 2167 2835 scilicet
2196 2798 2253 2836 ab·

117 2805 177 2843 que
206 2796 294 2834 illud
315 2807 491 2847 purpurae
523 2798 621 2835 decus
648 2828 657 2843 ‚
697 2810 767 2834 non
791 2796 858 2842 nili
878 2805 1140 2847 praecerptum

110 2845 426 2898 praefloratumque
448 2850 706 2887 transmittere.
1204 2851 1394 2887 advocatis
1414 2852 1452 2887 ἕκ-
1475 2848 1709 2886 auditoribus.
1749 2848 1980 2885 Centuinviri
2018 2849 2244 2885 veneraban-

169 2905 188 2943 3
218 2896 396 2946 Bafilicam
426 2899 585 2944 Juliam.
609 2899 624 2950 ]
667 2901 710 2938 In
744 2911 815 2948 qua
846 2899 978 2947 judicia
1001 2900 1145 2948 publica
1175 2895 1285 2956 Itur:
1317 2912 1403 2937 nam
1433 2899 1631 2947 observatio
1655 2897 1700 2934 ad
1721 2898 1909 2936 honorem
1938 2897 2114 2942 refertur,
2143 2900 2243 2938 &in

123 2945 161 2981 &
183 2947 317 2994 privata
335 2949 629 2990 conficiebantur.
657 2951 794 2998 Relege
819 2962 839 2987 a
859 2950 962 2988 nobis
986 2962 1146 2999 praeno·
1206 2952 1346 2989 duabus
1394 2951 1498 2989 rebus
1545 2949 1593 2988 est
1623 2978 1633 2993 ,
1690 2949 1865 2997 obst-quio
1912 2958 1975 2985 aut
2013 2949 2252 2998 speculando.

122 3002 207 3032 tata.
236 2996 391 3039 Canu,
1176 2968 1303 3044 lAlssas
1351 3001 1549 3052 observatio
1579 3000 1626 3038 est
1665 2999 1790 3038 callida
1814 3026 1826 3045 2
1862 3001 1900 3040 &
1938 2997 2088 3048 diligens
2125 3010 2244 3038 anno-

170 3057 194 3092 4
222 3049 389 3086 Proxima
409 3052 803 3104 comperendinatione]
829 3053 1142 3101 Aetionc,quam
1176 3052 1178 3085 ἱ
1204 3055 1303 3091 titio.
1333 3052 1391 3090 Io
1408 3066 1427 3090 ε
1446 3065 1482 3090 Μ.
1508 3050 1821 3100 obversabantm.
1846 3050 1859 3101 ]
1903 3049 1958 3088 Sic
1993 3053 2031 3088 ὃς
2061 3050 2168 3088 Pal-at.
2202 3054 2249 3089 δε.

1206 3104 1298 3144 Eds.
1332 3105 1438 3145 Vett.
1468 3114 1572 3150 non,
1603 3110 1645 3142 ut
1669 3101 1814 3151 vulgata
1838 3102 2019 3140 recentior
2042 3130 2053 3148 ,
2080 3100 2254 3186 ossserva*

1292 3156 1298 3159 “
1359 3153 1367 3157 ”
1423 3155 1425 3157 ’
2120 3159 2258 3189 antur..

105 1479 324 1518 cantilenam
352 1479 463 1529 magis
484 1478 724 1517 concelebrant
747 1477 928 1522 homines·,'
953 1492 1043 1527 quae
1065 1480 1130 1518 aui

107 1530 280 1568 aientibus
302 1530 527 1578 recenttffima
547 1529 684 1575 existat.
710 1528 837 1566 Verba
860 1528 940 1564 sunt
961 1529 1139 1568 Telema-

112 1582 168 1619 chi
197 1594 242 1618 ex
278 1582 357 1618 Lib.
393 1583 420 1618 I.
444 1579 641 1629 Odyll'eae.
671 1580 828 1616 Cir-rm.
855 1579 934 1626 Qui
956 1590 1139 1628 praeterea

107 1630 229 1680 legiffe
261 1632 404 1669 videtur
438 1634 487 1677 τῷ
515 1629 573 1668 ἔτι
609 1628 678 1678 χξῆ
717 1631 816 1673 μῦθον
835 1627 1008 1670 ὀφέλλειν.
1061 1633 1138 1669 Ideo
1164 1639 1167 1659 ²

110 1682 206 1719 nullo
240 1684 340 1722 modo
371 1693 501 1730 oportet
529 1683 700 1731 sermones
728 1693 860 1728 augere.
906 1680 1031 1718 Verba
1058 1682 1138 1721 sunt

164 1796 178 1822 1
211 1784 324 1834 Apud
357 1795 393 1823 te
422 1783 682 1835 providendum
714 1779 758 1830 est
789 1780 929 1831 mihi..]
973 1782 1030 1819 Sic
1059 1784 1145 1835 libri

111 1835 275 1882 vulgares
299 1864 308 1879 ,
348 1838 458 1875 etiam
483 1836 656 1872 Gruterus
681 1861 694 1879 ,
730 1834 792 1882 qui
820 1839 947 1870 tamen
978 1834 1074 1872 aliud
1101 1836 1138 1873 in

111 1883 220 1922 Palat.
245 1888 283 1922 &
305 1886 396 1925 Edd.
419 1885 522 1923 Vett.
542 1887 663 1932 legere
692 1882 870 1934 potuiffet.
908 1883 1064 1927 Helmst.
1100 1888 1140 1924 ὃς

114 1932 185 1970 Ed.
206 1935 292 1971 Vct.
315 1947 333 1971 a
357 1944 394 1974 tc
413 1936 670 1983 providendum
683 1948 768 1973 e.m.
797 1935 867 1973 Sed
878 1935 1023 1972 Veterri
1068 1948 1110 1974 us
1128 1966 1138 1983 ,

123 3096 285 3146 Primum
307 3109 406 3140 eram
424 3103 576 3159 aeturus.
612 3104 940 3161 comperendinatio
963 3105 1065 3144 enim
1099 3116 1142 3142 u-
