<?xml version="1.0" encoding="UTF-8"?>
<!DOCTYPE html PUBLIC "-//W3C//DTD XHTML 1.0 Transitional//EN"
    "http://www.w3.org/TR/xhtml1/DTD/xhtml1-transitional.dtd">
<html xmlns="http://www.w3.org/1999/xhtml" xml:lang="en" lang="en">
 <head>
  <title>
</title>
<meta http-equiv="Content-Type" content="text/html;charset=utf-8" />
  <meta name='ocr-system' content='tesseract 3.04.00' />
  <meta name='ocr-capabilities' content='ocr_page ocr_carea ocr_par ocr_line ocrx_word'/>
</head>
<body>
  <div class='ocr_page' id='page_1' title='image "./caiipliniicaecil00plin_0340.png"; bbox 0 0 2616 3686; ppageno 0'>
   <div class='ocr_carea' id='block_1_1' title="bbox 339 183 435 241">
    <p class='ocr_par' dir='ltr' id='par_1_1' title="bbox 339 183 435 241">
     <span class='ocr_line' id='line_1_1' title="bbox 339 183 435 241; baseline -0.031 0"><span class='ocrx_word' id='word_1_1' title='bbox 339 183 435 241; x_wconf 78' lang='lat'>276</span> 
     </span>
    </p>
   </div>
   <div class='ocr_carea' id='block_1_2' title="bbox 257 331 1080 398">
    <p class='ocr_par' dir='ltr' id='par_1_2' title="bbox 257 331 1080 398">
     <span class='ocr_line' id='line_1_2' title="bbox 257 331 1080 398; baseline 0.004 -12"><span class='ocrx_word' id='word_1_2' title='bbox 257 348 290 398; x_wconf 92' lang='lat'>7</span> <span class='ocrx_word' id='word_1_3' title='bbox 343 331 488 386; x_wconf 74' lang='lat' dir='ltr'>Miffi</span> <span class='ocrx_word' id='word_1_4' title='bbox 535 333 705 390; x_wconf 85' lang='lat' dir='ltr'>statim</span> <span class='ocrx_word' id='word_1_5' title='bbox 749 336 1080 398; x_wconf 83' lang='lat' dir='ltr'>Pontifices,</span> 
     </span>
    </p>
   </div>
   <div class='ocr_carea' id='block_1_3' title="bbox 338 175 2239 331">
    <p class='ocr_par' dir='ltr' id='par_1_3' title="bbox 338 175 2239 331">
     <span class='ocr_line' id='line_1_3' title="bbox 561 175 2239 234; baseline 0.002 -6"><span class='ocrx_word' id='word_1_6' title='bbox 561 175 2239 234; x_wconf 86' lang='lat' dir='ltr'>C.PL1N11CAEC1LIISECUND1</span> 
     </span>
     <span class='ocr_line' id='line_1_4' title="bbox 338 256 1588 331; baseline 0 -16"><span class='ocrx_word' id='word_1_7' title='bbox 338 259 603 331; x_wconf 75' lang='lat' dir='ltr'>polluisset</span> <span class='ocrx_word' id='word_1_8' title='bbox 644 263 851 327; x_wconf 88' lang='lat' dir='ltr'>solum,</span> <span class='ocrx_word' id='word_1_9' title='bbox 900 263 1252 317; x_wconf 82' lang='lat' dir='ltr'>verumetiam</span> <span class='ocrx_word' id='word_1_10' title='bbox 1291 256 1588 316; x_wconf 89' lang='lat' dir='ltr'>occidisset.</span> 
     </span>
    </p>
   </div>
   <div class='ocr_carea' id='block_1_4' title="bbox 1666 257 2454 332">
    <p class='ocr_par' dir='ltr' id='par_1_4' title="bbox 1666 257 2454 332">
     <span class='ocr_line' id='line_1_5' title="bbox 1666 257 2454 332; baseline 0.009 -20"><span class='ocrx_word' id='word_1_11' title='bbox 1666 257 1804 312; x_wconf 86' lang='lat' dir='ltr'>Nam</span> <span class='ocrx_word' id='word_1_12' title='bbox 1841 258 2004 315; x_wconf 82' lang='lat' dir='ltr'>vidua</span> <span class='ocrx_word' id='word_1_13' title='bbox 2054 259 2245 315; x_wconf 88' lang='lat' dir='ltr'>abortu</span> <span class='ocrx_word' id='word_1_14' title='bbox 2271 260 2454 332; x_wconf 74' lang='lat' dir='ltr'>periit.</span> 
     </span>
    </p>
   </div>
   <div class='ocr_carea' id='block_1_5' title="bbox 1130 330 2451 407">
    <p class='ocr_par' dir='ltr' id='par_1_5' title="bbox 1130 330 2451 407">
     <span class='ocr_line' id='line_1_6' title="bbox 1130 330 2451 407; baseline 0.002 -17"><span class='ocrx_word' id='word_1_15' title='bbox 1130 337 1224 407; x_wconf 92' lang='lat' dir='ltr'>qui</span> <span class='ocrx_word' id='word_1_16' title='bbox 1263 331 1275 353; x_wconf 88' lang='lat'>¹</span> <span class='ocrx_word' id='word_1_17' title='bbox 1315 330 1702 388; x_wconf 82' lang='lat' dir='ltr'>defodiendam</span> <span class='ocrx_word' id='word_1_18' title='bbox 1743 331 2154 405; x_wconf 84' lang='lat' dir='ltr'>necandamque</span> <span class='ocrx_word' id='word_1_19' title='bbox 2179 348 2451 392; x_wconf 87' lang='lat' dir='ltr'>curarent.</span> 
     </span>
    </p>
   </div>
   <div class='ocr_carea' id='block_1_6' title="bbox 255 403 2463 694">
    <p class='ocr_par' dir='ltr' id='par_1_6' title="bbox 255 403 2463 694">
     <span class='ocr_line' id='line_1_7' title="bbox 338 403 2453 471; baseline 0.001 -12"><span class='ocrx_word' id='word_1_20' title='bbox 338 403 424 459; x_wconf 89' lang='lat' dir='ltr'>Illa</span> <span class='ocrx_word' id='word_1_21' title='bbox 452 423 596 461; x_wconf 89' lang='lat' dir='ltr'>minc</span> <span class='ocrx_word' id='word_1_22' title='bbox 625 409 695 463; x_wconf 88' lang='lat' dir='ltr'>ad</span> <span class='ocrx_word' id='word_1_23' title='bbox 720 412 736 432; x_wconf 87' lang='lat'>²</span> <span class='ocrx_word' id='word_1_24' title='bbox 761 407 1006 469; x_wconf 82' lang='lat' dir='ltr'>Vestam,</span> <span class='ocrx_word' id='word_1_25' title='bbox 1047 424 1190 462; x_wconf 87' lang='lat' dir='ltr'>nunc</span> <span class='ocrx_word' id='word_1_26' title='bbox 1217 407 1281 461; x_wconf 89' lang='lat' dir='ltr'>ad</span> <span class='ocrx_word' id='word_1_27' title='bbox 1311 419 1524 461; x_wconf 87' lang='lat' dir='ltr'>ceteros</span> <span class='ocrx_word' id='word_1_28' title='bbox 1571 405 1702 461; x_wconf 85' lang='lat' dir='ltr'>deos</span> <span class='ocrx_word' id='word_1_29' title='bbox 1737 420 1922 458; x_wconf 88' lang='lat' dir='ltr'>manus</span> <span class='ocrx_word' id='word_1_30' title='bbox 1963 404 2217 469; x_wconf 89' lang='lat' dir='ltr'>tendens,</span> <span class='ocrx_word' id='word_1_31' title='bbox 2257 409 2453 471; x_wconf 87' lang='lat' dir='ltr'>multa,</span> 
     </span>
     <span class='ocr_line' id='line_1_8' title="bbox 337 475 2456 553; baseline 0.003 -24"><span class='ocrx_word' id='word_1_32' title='bbox 337 475 428 530; x_wconf 91' lang='lat' dir='ltr'>sed</span> <span class='ocrx_word' id='word_1_33' title='bbox 483 479 587 534; x_wconf 87' lang='lat' dir='ltr'>hoc</span> <span class='ocrx_word' id='word_1_34' title='bbox 624 479 1049 553; x_wconf 84' lang='lat' dir='ltr'>frequentiffime</span> <span class='ocrx_word' id='word_1_35' title='bbox 1085 480 1428 540; x_wconf 85' lang='lat' dir='ltr'>clamitabat,</span> <span class='ocrx_word' id='word_1_36' title='bbox 1481 477 1578 533; x_wconf 86' lang='lat' dir='ltr'>Me</span> <span class='ocrx_word' id='word_1_37' title='bbox 1618 477 1812 545; x_wconf 83' lang='lat' dir='ltr'>Caesar</span> <span class='ocrx_word' id='word_1_38' title='bbox 1848 475 2085 542; x_wconf 80' lang='lat' dir='ltr'>incestam</span> <span class='ocrx_word' id='word_1_39' title='bbox 2115 488 2310 547; x_wconf 82' lang='lat' dir='ltr'>putat:</span> <span class='ocrx_word' id='word_1_40' title='bbox 2349 499 2456 552; x_wconf 84' lang='lat' dir='ltr'>qua</span> 
     </span>
     <span class='ocr_line' id='line_1_9' title="bbox 255 548 2463 622; baseline 0.002 -20"><span class='ocrx_word' id='word_1_41' title='bbox 255 561 283 613; x_wconf 86' lang='lat'>8</span> <span class='ocrx_word' id='word_1_42' title='bbox 340 549 354 574; x_wconf 89' lang='lat'>³</span> <span class='ocrx_word' id='word_1_43' title='bbox 372 550 529 616; x_wconf 73' lang='lat' dir='ltr'>fizcra</span> <span class='ocrx_word' id='word_1_44' title='bbox 540 554 811 622; x_wconf 80' lang='lat' dir='ltr'>faciente,</span> <span class='ocrx_word' id='word_1_45' title='bbox 847 559 863 584; x_wconf 85' lang='lat'><strong>⁴</strong></span> <span class='ocrx_word' id='word_1_46' title='bbox 887 552 1053 612; x_wconf 80' lang='lat' dir='ltr'>vicit,</span> <span class='ocrx_word' id='word_1_47' title='bbox 1091 550 1471 622; x_wconf 80' lang='lat' dir='ltr'>triumphavit.</span> <span class='ocrx_word' id='word_1_48' title='bbox 1540 551 1552 577; x_wconf 86' lang='lat'><em>⁵</em></span> <span class='ocrx_word' id='word_1_49' title='bbox 1584 549 1871 605; x_wconf 83' lang='lat' dir='ltr'>Blandiens</span> <span class='ocrx_word' id='word_1_50' title='bbox 1900 548 2061 611; x_wconf 86' lang='lat' dir='ltr'>haee,</span> <span class='ocrx_word' id='word_1_51' title='bbox 2100 565 2165 602; x_wconf 89' lang='lat' dir='ltr'>an</span> <span class='ocrx_word' id='word_1_52' title='bbox 2196 549 2463 618; x_wconf 76' lang='lat' dir='ltr'>irridenS,</span> 
     </span>
     <span class='ocr_line' id='line_1_10' title="bbox 337 619 2457 694; baseline 0 -19"><span class='ocrx_word' id='word_1_53' title='bbox 337 638 406 676; x_wconf 86' lang='lat' dir='ltr'>ex</span> <span class='ocrx_word' id='word_1_54' title='bbox 432 623 628 679; x_wconf 86' lang='lat' dir='ltr'>fiducia</span> <span class='ocrx_word' id='word_1_55' title='bbox 666 626 736 679; x_wconf 88' lang='lat' dir='ltr'>sui</span> <span class='ocrx_word' id='word_1_56' title='bbox 755 665 770 688; x_wconf 94' lang='lat'>,</span> <span class='ocrx_word' id='word_1_57' title='bbox 809 643 873 678; x_wconf 87' lang='lat' dir='ltr'>an</span> <span class='ocrx_word' id='word_1_58' title='bbox 897 642 967 678; x_wconf 84' lang='lat' dir='ltr'>ex</span> <span class='ocrx_word' id='word_1_59' title='bbox 992 636 1312 692; x_wconf 87' lang='lat' dir='ltr'>contemptu</span> <span class='ocrx_word' id='word_1_60' title='bbox 1338 623 1600 694; x_wconf 87' lang='lat' dir='ltr'>Principis</span> <span class='ocrx_word' id='word_1_61' title='bbox 1627 623 1848 683; x_wconf 84' lang='lat' dir='ltr'>dixerit,</span> <span class='ocrx_word' id='word_1_62' title='bbox 1892 620 2118 674; x_wconf 88' lang='lat' dir='ltr'>dubium</span> <span class='ocrx_word' id='word_1_63' title='bbox 2144 619 2248 676; x_wconf 91' lang='lat' dir='ltr'>est:</span> <span class='ocrx_word' id='word_1_64' title='bbox 2288 621 2457 680; x_wconf 78' lang='lat' dir='ltr'>⁶dixit</span> 
     </span>
    </p>
   </div>
   <div class='ocr_carea' id='block_1_7' title="bbox 335 693 1639 770">
    <p class='ocr_par' dir='ltr' id='par_1_7' title="bbox 335 693 1639 770">
     <span class='ocr_line' id='line_1_11' title="bbox 335 693 1639 770; baseline 0 -20"><span class='ocrx_word' id='word_1_65' title='bbox 335 694 514 751; x_wconf 90' lang='lat' dir='ltr'>donec</span> <span class='ocrx_word' id='word_1_66' title='bbox 553 698 618 752; x_wconf 88' lang='lat' dir='ltr'>ad</span> <span class='ocrx_word' id='word_1_67' title='bbox 653 698 970 770; x_wconf 87' lang='lat' dir='ltr'>supplicium</span> <span class='ocrx_word' id='word_1_68' title='bbox 1006 693 1188 751; x_wconf 90' lang='lat' dir='ltr'>nescio</span> <span class='ocrx_word' id='word_1_69' title='bbox 1225 712 1292 752; x_wconf 90' lang='lat' dir='ltr'>an</span> <span class='ocrx_word' id='word_1_70' title='bbox 1327 695 1587 750; x_wconf 90' lang='lat' dir='ltr'>innocens</span> <span class='ocrx_word' id='word_1_71' title='bbox 1620 732 1639 760; x_wconf 86' lang='lat'>,</span> 
     </span>
    </p>
   </div>
   <div class='ocr_carea' id='block_1_8' title="bbox 328 907 1367 2285">
    <p class='ocr_par' dir='ltr' id='par_1_8' title="bbox 328 907 1360 1355">
     <span class='ocr_line' id='line_1_12' title="bbox 331 907 1359 965; baseline 0.001 -19"><span class='ocrx_word' id='word_1_72' title='bbox 331 907 494 954; x_wconf 79' lang='lat' dir='ltr'>faverat,</span> <span class='ocrx_word' id='word_1_73' title='bbox 522 910 561 948; x_wconf 88' lang='lat'>&amp;</span> <span class='ocrx_word' id='word_1_74' title='bbox 585 909 718 950; x_wconf 87' lang='lat' dir='ltr'>Sabino</span> <span class='ocrx_word' id='word_1_75' title='bbox 741 910 958 951; x_wconf 82' lang='lat' dir='ltr'>collocatam</span> <span class='ocrx_word' id='word_1_76' title='bbox 983 913 1168 962; x_wconf 87' lang='lat' dir='ltr'>corrupit,</span> <span class='ocrx_word' id='word_1_77' title='bbox 1195 921 1287 965; x_wconf 88' lang='lat' dir='ltr'>mox</span> <span class='ocrx_word' id='word_1_78' title='bbox 1300 911 1359 949; x_wconf 90' lang='lat' dir='ltr'>in-</span> 
     </span>
     <span class='ocr_line' id='line_1_13' title="bbox 332 959 1359 1013; baseline 0.004 -18"><span class='ocrx_word' id='word_1_79' title='bbox 332 959 493 998; x_wconf 67' lang='lat' dir='ltr'>terfesto</span> <span class='ocrx_word' id='word_1_80' title='bbox 514 964 645 1000; x_wconf 88' lang='lat' dir='ltr'>marito</span> <span class='ocrx_word' id='word_1_81' title='bbox 667 962 911 1002; x_wconf 74' lang='lat' dir='ltr'>ardentissime</span> <span class='ocrx_word' id='word_1_82' title='bbox 934 965 972 1001; x_wconf 90' lang='lat'>&amp;</span> <span class='ocrx_word' id='word_1_83' title='bbox 995 965 1112 1013; x_wconf 88' lang='lat' dir='ltr'>palam</span> <span class='ocrx_word' id='word_1_84' title='bbox 1133 962 1256 1001; x_wconf 88' lang='lat' dir='ltr'>dilexit</span> <span class='ocrx_word' id='word_1_85' title='bbox 1280 990 1291 1006; x_wconf 88' lang='lat'>,</span> <span class='ocrx_word' id='word_1_86' title='bbox 1318 970 1359 1000; x_wconf 86' lang='lat' dir='ltr'>ut</span> 
     </span>
     <span class='ocr_line' id='line_1_14' title="bbox 333 1010 1358 1062; baseline 0.003 -16"><span class='ocrx_word' id='word_1_87' title='bbox 333 1010 437 1047; x_wconf 81' lang='lat' dir='ltr'>causa</span> <span class='ocrx_word' id='word_1_88' title='bbox 456 1013 584 1051; x_wconf 89' lang='lat' dir='ltr'>mortis</span> <span class='ocrx_word' id='word_1_89' title='bbox 617 1014 708 1052; x_wconf 82' lang='lat' dir='ltr'>illius</span> <span class='ocrx_word' id='word_1_90' title='bbox 732 1017 914 1058; x_wconf 84' lang='lat' dir='ltr'>extiterit,</span> <span class='ocrx_word' id='word_1_91' title='bbox 945 1025 1031 1051; x_wconf 90' lang='lat' dir='ltr'>cum</span> <span class='ocrx_word' id='word_1_92' title='bbox 1055 1011 1227 1062; x_wconf 88' lang='lat' dir='ltr'>coegisset</span> <span class='ocrx_word' id='word_1_93' title='bbox 1250 1013 1358 1050; x_wconf 90' lang='lat' dir='ltr'>abor-</span> 
     </span>
     <span class='ocr_line' id='line_1_15' title="bbox 330 1061 1359 1113; baseline 0.004 -17"><span class='ocrx_word' id='word_1_94' title='bbox 330 1065 414 1098; x_wconf 86' lang='lat' dir='ltr'>tum</span> <span class='ocrx_word' id='word_1_95' title='bbox 448 1061 578 1101; x_wconf 84' lang='lat' dir='ltr'>facere.</span> <span class='ocrx_word' id='word_1_96' title='bbox 628 1065 733 1102; x_wconf 58' lang='lat' dir='ltr'>Car</span> <span class='ocrx_word' id='word_1_97' title='bbox 750 1078 821 1103; x_wconf 73' lang='lat' dir='ltr'>AN.</span> <span class='ocrx_word' id='word_1_98' title='bbox 864 1066 1000 1102; x_wconf 82' lang='lat' dir='ltr'>Fratris</span> <span class='ocrx_word' id='word_1_99' title='bbox 1026 1064 1154 1111; x_wconf 86' lang='lat' dir='ltr'>filiam.</span> <span class='ocrx_word' id='word_1_100' title='bbox 1179 1062 1194 1113; x_wconf 89' lang='lat'>]</span> <span class='ocrx_word' id='word_1_101' title='bbox 1225 1062 1359 1101; x_wconf 83' lang='lat' dir='ltr'>Noster</span> 
     </span>
     <span class='ocr_line' id='line_1_16' title="bbox 330 1108 1358 1166; baseline 0.003 -17"><span class='ocrx_word' id='word_1_102' title='bbox 330 1108 414 1149; x_wconf 84' lang='lat' dir='ltr'>Lib.</span> <span class='ocrx_word' id='word_1_103' title='bbox 446 1113 557 1150; x_wconf 78' lang='lat' dir='ltr'>Vm.</span> <span class='ocrx_word' id='word_1_104' title='bbox 592 1115 656 1165; x_wconf 85' lang='lat' dir='ltr'>Ep.</span> <span class='ocrx_word' id='word_1_105' title='bbox 688 1115 810 1154; x_wconf 85' lang='lat' dir='ltr'><strong>XXII.</strong></span> <span class='ocrx_word' id='word_1_106' title='bbox 849 1115 988 1163; x_wconf 77' lang='lat' dir='ltr'>Nostine</span> <span class='ocrx_word' id='word_1_107' title='bbox 1011 1118 1094 1161; x_wconf 84' lang='lat' dir='ltr'>hos,</span> <span class='ocrx_word' id='word_1_108' title='bbox 1122 1115 1180 1166; x_wconf 78' lang='lat' dir='ltr'>qui</span> <span class='ocrx_word' id='word_1_109' title='bbox 1199 1116 1358 1152; x_wconf 85' lang='lat' dir='ltr'>omnium</span> 
     </span>
     <span class='ocr_line' id='line_1_17' title="bbox 328 1159 1359 1217; baseline 0.005 -19"><span class='ocrx_word' id='word_1_110' title='bbox 328 1159 521 1200; x_wconf 75' lang='lat' dir='ltr'>libidinum</span> <span class='ocrx_word' id='word_1_111' title='bbox 545 1166 646 1213; x_wconf 86' lang='lat' dir='ltr'>servi</span> <span class='ocrx_word' id='word_1_112' title='bbox 669 1196 679 1213; x_wconf 92' lang='lat'>,</span> <span class='ocrx_word' id='word_1_113' title='bbox 721 1166 769 1217; x_wconf 82' lang='lat' dir='ltr'>fic</span> <span class='ocrx_word' id='word_1_114' title='bbox 800 1167 954 1205; x_wconf 75' lang='lat' dir='ltr'>altorum</span> <span class='ocrx_word' id='word_1_115' title='bbox 986 1167 1086 1204; x_wconf 76' lang='lat' dir='ltr'>vitiis</span> <span class='ocrx_word' id='word_1_116' title='bbox 1132 1167 1359 1213; x_wconf 80' lang='lat' dir='ltr'>irascuntur,</span> 
     </span>
     <span class='ocr_line' id='line_1_18' title="bbox 332 1213 1360 1267; baseline 0.006 -19"><span class='ocrx_word' id='word_1_117' title='bbox 332 1213 434 1263; x_wconf 65' lang='lat' dir='ltr'>quasi</span> <span class='ocrx_word' id='word_1_118' title='bbox 454 1215 645 1254; x_wconf 76' lang='lat' dir='ltr'>invideant</span> <span class='ocrx_word' id='word_1_119' title='bbox 661 1246 671 1262; x_wconf 94' lang='lat'>‚</span> <span class='ocrx_word' id='word_1_120' title='bbox 698 1229 742 1257; x_wconf 71' lang='lat' dir='ltr'>cy</span> <span class='ocrx_word' id='word_1_121' title='bbox 761 1217 963 1267; x_wconf 80' lang='lat' dir='ltr'>graviffime</span> <span class='ocrx_word' id='word_1_122' title='bbox 981 1218 1159 1265; x_wconf 75' lang='lat' dir='ltr'>puniunt,</span> <span class='ocrx_word' id='word_1_123' title='bbox 1187 1230 1269 1266; x_wconf 79' lang='lat' dir='ltr'>quos</span> <span class='ocrx_word' id='word_1_124' title='bbox 1281 1230 1360 1254; x_wconf 87' lang='lat' dir='ltr'>ma-</span> 
     </span>
     <span class='ocr_line' id='line_1_19' title="bbox 331 1264 1360 1316; baseline 0.006 -17"><span class='ocrx_word' id='word_1_125' title='bbox 331 1264 428 1301; x_wconf 79' lang='lat' dir='ltr'>xime</span> <span class='ocrx_word' id='word_1_126' title='bbox 449 1265 641 1305; x_wconf 81' lang='lat' dir='ltr'>imitantur</span> <span class='ocrx_word' id='word_1_127' title='bbox 655 1278 670 1306; x_wconf 54' lang='grc' dir='ltr'>,θ</span> <span class='ocrx_word' id='word_1_128' title='bbox 700 1270 756 1308; x_wconf 88' lang='lat' dir='ltr'>Sic</span> <span class='ocrx_word' id='word_1_129' title='bbox 778 1272 816 1308; x_wconf 85' lang='lat'>&amp;</span> <span class='ocrx_word' id='word_1_130' title='bbox 839 1268 1115 1315; x_wconf 58' lang='lat' dir='ltr'>Victorjunior</span> <span class='ocrx_word' id='word_1_131' title='bbox 1129 1270 1167 1307; x_wconf 91' lang='lat' dir='ltr'>in</span> <span class='ocrx_word' id='word_1_132' title='bbox 1179 1267 1360 1316; x_wconf 81' lang='lat' dir='ltr'>Augusto.</span> 
     </span>
     <span class='ocr_line' id='line_1_20' title="bbox 330 1311 1316 1355; baseline 0.003 -2"><span class='ocrx_word' id='word_1_133' title='bbox 330 1311 543 1355; x_wconf 68' lang='lat' dir='ltr'>Bucimizn.</span> <span class='ocrx_word' id='word_1_134' title='bbox 1312 1320 1316 1324; x_wconf 83' lang='lat'>&#39;</span> 
     </span>
    </p>

    <p class='ocr_par' dir='ltr' id='par_1_9' title="bbox 328 1368 1367 2229">
     <span class='ocr_line' id='line_1_21' title="bbox 384 1368 1362 1419; baseline 0.003 -14"><span class='ocrx_word' id='word_1_135' title='bbox 384 1379 399 1405; x_wconf 92' lang='lat'>1</span> <span class='ocrx_word' id='word_1_136' title='bbox 436 1368 691 1414; x_wconf 79' lang='lat' dir='ltr'>Desodiendam</span> <span class='ocrx_word' id='word_1_137' title='bbox 705 1369 1007 1419; x_wconf 57' lang='lat' dir='ltr'>necandamque]</span> <span class='ocrx_word' id='word_1_138' title='bbox 1022 1371 1133 1418; x_wconf 79' lang='lat' dir='ltr'>Quae</span> <span class='ocrx_word' id='word_1_139' title='bbox 1158 1369 1362 1408; x_wconf 81' lang='lat' dir='ltr'>Vestalium</span> 
     </span>
     <span class='ocr_line' id='line_1_22' title="bbox 329 1417 1362 1470; baseline 0.007 -17"><span class='ocrx_word' id='word_1_140' title='bbox 329 1417 574 1466; x_wconf 74' lang='lat' dir='ltr'>virginitatem</span> <span class='ocrx_word' id='word_1_141' title='bbox 611 1421 819 1469; x_wconf 80' lang='lat' dir='ltr'>prodiderat</span> <span class='ocrx_word' id='word_1_142' title='bbox 843 1451 854 1467; x_wconf 92' lang='lat'>,</span> <span class='ocrx_word' id='word_1_143' title='bbox 903 1423 987 1458; x_wconf 79' lang='lat' dir='ltr'>viva</span> <span class='ocrx_word' id='word_1_144' title='bbox 1020 1420 1066 1457; x_wconf 87' lang='lat' dir='ltr'>ad</span> <span class='ocrx_word' id='word_1_145' title='bbox 1087 1429 1233 1470; x_wconf 85' lang='lat' dir='ltr'>portam</span> <span class='ocrx_word' id='word_1_146' title='bbox 1259 1421 1362 1460; x_wconf 89' lang='lat' dir='ltr'>Coli-</span> 
     </span>
     <span class='ocr_line' id='line_1_23' title="bbox 328 1468 1366 1522; baseline 0.008 -18"><span class='ocrx_word' id='word_1_147' title='bbox 328 1478 416 1505; x_wconf 90' lang='lat' dir='ltr'>nam</span> <span class='ocrx_word' id='word_1_148' title='bbox 441 1468 696 1508; x_wconf 81' lang='lat' dir='ltr'>defodiebatur</span> <span class='ocrx_word' id='word_1_149' title='bbox 719 1473 891 1517; x_wconf 87' lang='lat' dir='ltr'>tumulo,</span> <span class='ocrx_word' id='word_1_150' title='bbox 919 1474 983 1521; x_wconf 90' lang='lat' dir='ltr'>qui</span> <span class='ocrx_word' id='word_1_151' title='bbox 1006 1471 1193 1510; x_wconf 78' lang='lat' dir='ltr'>sceleratus</span> <span class='ocrx_word' id='word_1_152' title='bbox 1214 1482 1366 1522; x_wconf 85' lang='lat' dir='ltr'>campus</span> 
     </span>
     <span class='ocr_line' id='line_1_24' title="bbox 329 1519 1363 1567; baseline 0.009 -13"><span class='ocrx_word' id='word_1_153' title='bbox 329 1519 574 1567; x_wconf 73' lang='lat' dir='ltr'>appellabatur</span> <span class='ocrx_word' id='word_1_154' title='bbox 597 1523 689 1560; x_wconf 85' lang='lat' dir='ltr'>intra</span> <span class='ocrx_word' id='word_1_155' title='bbox 712 1524 865 1561; x_wconf 87' lang='lat' dir='ltr'>uibem:</span> <span class='ocrx_word' id='word_1_156' title='bbox 893 1523 955 1561; x_wconf 91' lang='lat' dir='ltr'>ubi</span> <span class='ocrx_word' id='word_1_157' title='bbox 979 1523 1207 1561; x_wconf 80' lang='lat' dir='ltr'>subterranea</span> <span class='ocrx_word' id='word_1_158' title='bbox 1229 1522 1363 1563; x_wconf 87' lang='lat' dir='ltr'>doinus</span> 
     </span>
     <span class='ocr_line' id='line_1_25' title="bbox 328 1570 1364 1624; baseline 0.008 -18"><span class='ocrx_word' id='word_1_159' title='bbox 328 1570 526 1608; x_wconf 84' lang='lat' dir='ltr'>mediocris</span> <span class='ocrx_word' id='word_1_160' title='bbox 560 1581 635 1611; x_wconf 83' lang='lat' dir='ltr'>erat</span> <span class='ocrx_word' id='word_1_161' title='bbox 660 1602 671 1619; x_wconf 92' lang='lat'>,</span> <span class='ocrx_word' id='word_1_162' title='bbox 707 1575 744 1612; x_wconf 91' lang='lat' dir='ltr'>in</span> <span class='ocrx_word' id='word_1_163' title='bbox 778 1586 891 1624; x_wconf 85' lang='lat' dir='ltr'>quam</span> <span class='ocrx_word' id='word_1_164' title='bbox 922 1586 942 1611; x_wconf 91' lang='lat' dir='ltr'>e</span> <span class='ocrx_word' id='word_1_165' title='bbox 974 1575 1061 1612; x_wconf 90' lang='lat' dir='ltr'>loco</span> <span class='ocrx_word' id='word_1_166' title='bbox 1092 1573 1276 1622; x_wconf 84' lang='lat' dir='ltr'>superiore</span> <span class='ocrx_word' id='word_1_167' title='bbox 1300 1574 1364 1614; x_wconf 89' lang='lat' dir='ltr'>de-</span> 
     </span>
     <span class='ocr_line' id='line_1_26' title="bbox 329 1619 1364 1671; baseline 0.008 -13"><span class='ocrx_word' id='word_1_168' title='bbox 329 1619 575 1660; x_wconf 84' lang='lat' dir='ltr'>scendebatur.</span> <span class='ocrx_word' id='word_1_169' title='bbox 628 1625 775 1671; x_wconf 86' lang='lat' dir='ltr'>Jacebat</span> <span class='ocrx_word' id='word_1_170' title='bbox 807 1627 845 1664; x_wconf 87' lang='lat' dir='ltr'>in</span> <span class='ocrx_word' id='word_1_171' title='bbox 878 1636 925 1662; x_wconf 93' lang='lat' dir='ltr'>eo</span> <span class='ocrx_word' id='word_1_172' title='bbox 957 1624 1082 1663; x_wconf 86' lang='lat' dir='ltr'>stratus</span> <span class='ocrx_word' id='word_1_173' title='bbox 1114 1624 1289 1670; x_wconf 61' lang='lat' dir='ltr'>lectulus,</span> <span class='ocrx_word' id='word_1_174' title='bbox 1326 1629 1364 1666; x_wconf 91' lang='lat'>&amp;</span> 
     </span>
     <span class='ocr_line' id='line_1_27' title="bbox 329 1669 1366 1727; baseline 0.008 -19"><span class='ocrx_word' id='word_1_175' title='bbox 329 1669 478 1709; x_wconf 87' lang='lat' dir='ltr'>lucerna</span> <span class='ocrx_word' id='word_1_176' title='bbox 501 1673 649 1712; x_wconf 85' lang='lat' dir='ltr'>ardens:</span> <span class='ocrx_word' id='word_1_177' title='bbox 679 1677 934 1725; x_wconf 83' lang='lat' dir='ltr'>primitiaeque</span> <span class='ocrx_word' id='word_1_178' title='bbox 957 1687 1078 1714; x_wconf 87' lang='lat' dir='ltr'>rerum</span> <span class='ocrx_word' id='word_1_179' title='bbox 1092 1674 1216 1714; x_wconf 79' lang='lat' dir='ltr'>earum</span> <span class='ocrx_word' id='word_1_180' title='bbox 1234 1704 1243 1721; x_wconf 91' lang='lat'>,</span> <span class='ocrx_word' id='word_1_181' title='bbox 1271 1690 1366 1727; x_wconf 82' lang='lat' dir='ltr'>quae</span> 
     </span>
     <span class='ocr_line' id='line_1_28' title="bbox 330 1722 1365 1776; baseline 0.006 -15"><span class='ocrx_word' id='word_1_182' title='bbox 330 1722 412 1761; x_wconf 89' lang='lat' dir='ltr'>sunt</span> <span class='ocrx_word' id='word_1_183' title='bbox 445 1723 491 1761; x_wconf 85' lang='lat' dir='ltr'>ad</span> <span class='ocrx_word' id='word_1_184' title='bbox 525 1725 668 1763; x_wconf 64' lang='lat' dir='ltr'>victum</span> <span class='ocrx_word' id='word_1_185' title='bbox 699 1726 829 1764; x_wconf 84' lang='lat' dir='ltr'>breves</span> <span class='ocrx_word' id='word_1_186' title='bbox 864 1726 1046 1776; x_wconf 84' lang='lat' dir='ltr'>quaedam</span> <span class='ocrx_word' id='word_1_187' title='bbox 1072 1728 1209 1775; x_wconf 83' lang='lat' dir='ltr'>‚panis</span> <span class='ocrx_word' id='word_1_188' title='bbox 1232 1755 1242 1771; x_wconf 94' lang='lat'>‚</span> <span class='ocrx_word' id='word_1_189' title='bbox 1270 1739 1289 1765; x_wconf 79' lang='lat' dir='ltr'>a</span> <span class='ocrx_word' id='word_1_190' title='bbox 1320 1741 1365 1767; x_wconf 82' lang='lat' dir='ltr'>ua</span> 
     </span>
     <span class='ocr_line' id='line_1_29' title="bbox 330 1773 1366 1827; baseline 0.004 -14"><span class='ocrx_word' id='word_1_191' title='bbox 330 1773 370 1813; x_wconf 84' lang='lat' dir='ltr'>in</span> <span class='ocrx_word' id='word_1_192' title='bbox 395 1774 476 1812; x_wconf 82' lang='lat' dir='ltr'>vase</span> <span class='ocrx_word' id='word_1_193' title='bbox 497 1802 508 1818; x_wconf 91' lang='lat'>,</span> <span class='ocrx_word' id='word_1_194' title='bbox 535 1775 589 1812; x_wconf 87' lang='lat' dir='ltr'>lac</span> <span class='ocrx_word' id='word_1_195' title='bbox 613 1803 624 1821; x_wconf 88' lang='lat'>,</span> <span class='ocrx_word' id='word_1_196' title='bbox 663 1778 702 1814; x_wconf 70' lang='grc' dir='ltr'>ὅ(</span> <span class='ocrx_word' id='word_1_197' title='bbox 726 1777 852 1814; x_wconf 88' lang='lat' dir='ltr'>oleum</span> <span class='ocrx_word' id='word_1_198' title='bbox 879 1789 887 1813; x_wconf 89' lang='lat'>:</span> <span class='ocrx_word' id='word_1_199' title='bbox 927 1776 1026 1824; x_wconf 72' lang='lat' dir='ltr'>quasi</span> <span class='ocrx_word' id='word_1_200' title='bbox 1044 1786 1188 1816; x_wconf 88' lang='lat' dir='ltr'>caveret</span> <span class='ocrx_word' id='word_1_201' title='bbox 1206 1779 1275 1827; x_wconf 74' lang='lat' dir='ltr'>ipsa</span> <span class='ocrx_word' id='word_1_202' title='bbox 1325 1792 1366 1817; x_wconf 87' lang='lat' dir='ltr'>o-</span> 
     </span>
     <span class='ocr_line' id='line_1_30' title="bbox 332 1826 1363 1877; baseline 0.006 -15"><span class='ocrx_word' id='word_1_203' title='bbox 332 1835 415 1863; x_wconf 89' lang='lat' dir='ltr'>mus</span> <span class='ocrx_word' id='word_1_204' title='bbox 430 1853 440 1869; x_wconf 93' lang='lat'>,</span> <span class='ocrx_word' id='word_1_205' title='bbox 468 1838 515 1864; x_wconf 90' lang='lat' dir='ltr'>ne</span> <span class='ocrx_word' id='word_1_206' title='bbox 540 1826 638 1865; x_wconf 85' lang='lat' dir='ltr'>fame</span> <span class='ocrx_word' id='word_1_207' title='bbox 663 1828 742 1876; x_wconf 82' lang='lat' dir='ltr'>ejus</span> <span class='ocrx_word' id='word_1_208' title='bbox 762 1839 893 1876; x_wconf 73' lang='lat' dir='ltr'>corpus</span> <span class='ocrx_word' id='word_1_209' title='bbox 917 1828 1096 1872; x_wconf 56' lang='lat' dir='ltr'>interiret,</span> <span class='ocrx_word' id='word_1_210' title='bbox 1131 1840 1225 1877; x_wconf 89' lang='lat' dir='ltr'>quae</span> <span class='ocrx_word' id='word_1_211' title='bbox 1247 1832 1363 1868; x_wconf 85' lang='lat' dir='ltr'>inaxi-</span> 
     </span>
     <span class='ocr_line' id='line_1_31' title="bbox 331 1877 1364 1927; baseline 0.006 -15"><span class='ocrx_word' id='word_1_212' title='bbox 331 1877 401 1914; x_wconf 87' lang='lat' dir='ltr'>mis</span> <span class='ocrx_word' id='word_1_213' title='bbox 439 1877 706 1925; x_wconf 84' lang='lat' dir='ltr'>expiationibus</span> <span class='ocrx_word' id='word_1_214' title='bbox 745 1877 911 1916; x_wconf 86' lang='lat' dir='ltr'>dedicata</span> <span class='ocrx_word' id='word_1_215' title='bbox 950 1877 1070 1916; x_wconf 68' lang='lat' dir='ltr'>ess‘ct:</span> <span class='ocrx_word' id='word_1_216' title='bbox 1123 1879 1234 1927; x_wconf 78' lang='lat' dir='ltr'>ipsam</span> <span class='ocrx_word' id='word_1_217' title='bbox 1272 1891 1364 1919; x_wconf 86' lang='lat' dir='ltr'>vero</span> 
     </span>
     <span class='ocr_line' id='line_1_32' title="bbox 331 1927 1366 1977; baseline 0.006 -13"><span class='ocrx_word' id='word_1_218' title='bbox 331 1937 480 1975; x_wconf 85' lang='lat' dir='ltr'>poenae</span> <span class='ocrx_word' id='word_1_219' title='bbox 514 1929 719 1967; x_wconf 82' lang='lat' dir='ltr'>obnoxiam</span> <span class='ocrx_word' id='word_1_220' title='bbox 754 1928 889 1966; x_wconf 83' lang='lat' dir='ltr'>feretro</span> <span class='ocrx_word' id='word_1_221' title='bbox 926 1927 1136 1977; x_wconf 82' lang='lat' dir='ltr'>impositam</span> <span class='ocrx_word' id='word_1_222' title='bbox 1163 1958 1173 1973; x_wconf 89' lang='lat'>‚</span> <span class='ocrx_word' id='word_1_223' title='bbox 1202 1931 1239 1968; x_wconf 65' lang='grc' dir='ltr'>ὃς</span> <span class='ocrx_word' id='word_1_224' title='bbox 1265 1932 1366 1970; x_wconf 84' lang='lat' dir='ltr'>exte-</span> 
     </span>
     <span class='ocr_line' id='line_1_33' title="bbox 331 1979 1365 2031; baseline 0.007 -16"><span class='ocrx_word' id='word_1_225' title='bbox 331 1979 406 2016; x_wconf 81' lang='lat' dir='ltr'>rius</span> <span class='ocrx_word' id='word_1_226' title='bbox 429 2005 440 2022; x_wconf 92' lang='lat'><strong><em>‚</em></strong></span> <span class='ocrx_word' id='word_1_227' title='bbox 480 1979 665 2018; x_wconf 70' lang='lat' dir='ltr'>obtectam</span> <span class='ocrx_word' id='word_1_228' title='bbox 691 2008 702 2025; x_wconf 92' lang='lat'>,</span> <span class='ocrx_word' id='word_1_229' title='bbox 740 1980 898 2030; x_wconf 86' lang='lat' dir='ltr'>lorisque</span> <span class='ocrx_word' id='word_1_230' title='bbox 929 1980 1076 2028; x_wconf 78' lang='lat' dir='ltr'>ligatam</span> <span class='ocrx_word' id='word_1_231' title='bbox 1102 2009 1112 2025; x_wconf 96' lang='lat'>,</span> <span class='ocrx_word' id='word_1_232' title='bbox 1141 1992 1219 2029; x_wconf 85' lang='lat' dir='ltr'>qiio</span> <span class='ocrx_word' id='word_1_233' title='bbox 1243 1994 1365 2031; x_wconf 88' lang='lat' dir='ltr'>neque</span> 
     </span>
     <span class='ocr_line' id='line_1_34' title="bbox 331 2029 1366 2080; baseline 0.004 -15"><span class='ocrx_word' id='word_1_234' title='bbox 331 2038 409 2066; x_wconf 86' lang='lat' dir='ltr'>vox</span> <span class='ocrx_word' id='word_1_235' title='bbox 424 2037 534 2078; x_wconf 86' lang='lat' dir='ltr'>queat</span> <span class='ocrx_word' id='word_1_236' title='bbox 547 2031 656 2068; x_wconf 82' lang='lat' dir='ltr'>etiam</span> <span class='ocrx_word' id='word_1_237' title='bbox 669 2029 781 2069; x_wconf 79' lang='lat' dir='ltr'>audiri</span> <span class='ocrx_word' id='word_1_238' title='bbox 798 2059 808 2074; x_wconf 91' lang='lat'>‚</span> <span class='ocrx_word' id='word_1_239' title='bbox 831 2042 894 2080; x_wconf 90' lang='lat' dir='ltr'>per</span> <span class='ocrx_word' id='word_1_240' title='bbox 920 2030 1044 2068; x_wconf 86' lang='lat' dir='ltr'>forum</span> <span class='ocrx_word' id='word_1_241' title='bbox 1070 2031 1279 2077; x_wconf 75' lang='lat' dir='ltr'>vehebant,</span> <span class='ocrx_word' id='word_1_242' title='bbox 1302 2033 1366 2072; x_wconf 83' lang='lat' dir='ltr'>de-</span> 
     </span>
     <span class='ocr_line' id='line_1_35' title="bbox 332 2077 1367 2130; baseline 0.008 -14"><span class='ocrx_word' id='word_1_243' title='bbox 332 2077 499 2117; x_wconf 85' lang='lat' dir='ltr'>flentibus</span> <span class='ocrx_word' id='word_1_244' title='bbox 532 2093 615 2120; x_wconf 77' lang='lat' dir='ltr'>eam</span> <span class='ocrx_word' id='word_1_245' title='bbox 649 2094 691 2119; x_wconf 88' lang='lat' dir='ltr'>ac</span> <span class='ocrx_word' id='word_1_246' title='bbox 723 2082 1038 2130; x_wconf 81' lang='lat' dir='ltr'>praemittentibus</span> <span class='ocrx_word' id='word_1_247' title='bbox 1069 2083 1194 2121; x_wconf 78' lang='lat' dir='ltr'>amicis</span> <span class='ocrx_word' id='word_1_248' title='bbox 1236 2087 1367 2124; x_wconf 80' lang='lat' dir='ltr'>caeteri</span> 
     </span>
     <span class='ocr_line' id='line_1_36' title="bbox 333 2128 1367 2182; baseline 0.007 -16"><span class='ocrx_word' id='word_1_249' title='bbox 333 2140 420 2167; x_wconf 82' lang='lat' dir='ltr'>cuin</span> <span class='ocrx_word' id='word_1_250' title='bbox 444 2128 585 2169; x_wconf 86' lang='lat' dir='ltr'>silentio</span> <span class='ocrx_word' id='word_1_251' title='bbox 605 2133 838 2171; x_wconf 72' lang='lat' dir='ltr'>accedebant.</span> <span class='ocrx_word' id='word_1_252' title='bbox 868 2131 966 2172; x_wconf 88' lang='lat' dir='ltr'>Vide</span> <span class='ocrx_word' id='word_1_253' title='bbox 987 2132 1158 2182; x_wconf 85' lang='lat' dir='ltr'>prolixius</span> <span class='ocrx_word' id='word_1_254' title='bbox 1179 2134 1275 2182; x_wconf 86' lang='lat' dir='ltr'>apud</span> <span class='ocrx_word' id='word_1_255' title='bbox 1298 2136 1367 2173; x_wconf 89' lang='lat' dir='ltr'>Di-</span> 
     </span>
     <span class='ocr_line' id='line_1_37' title="bbox 333 2180 1325 2229; baseline 0.005 -12"><span class='ocrx_word' id='word_1_256' title='bbox 333 2180 436 2229; x_wconf 90' lang='lat' dir='ltr'>onys.</span> <span class='ocrx_word' id='word_1_257' title='bbox 461 2184 499 2220; x_wconf 89' lang='lat'>&amp;</span> <span class='ocrx_word' id='word_1_258' title='bbox 524 2183 702 2222; x_wconf 85' lang='lat' dir='ltr'>Plutarch.</span> <span class='ocrx_word' id='word_1_259' title='bbox 733 2184 889 2221; x_wconf 64' lang='lat' dir='ltr'>Canu.</span> <span class='ocrx_word' id='word_1_260' title='bbox 1323 2208 1325 2210; x_wconf 90' lang='lat'><em>-</em></span> 
     </span>
    </p>

    <p class='ocr_par' dir='ltr' id='par_1_10' title="bbox 385 2231 1366 2285">
     <span class='ocr_line' id='line_1_38' title="bbox 385 2231 1366 2285; baseline 0.006 -17"><span class='ocrx_word' id='word_1_261' title='bbox 385 2243 404 2268; x_wconf 89' lang='lat'><em>2</em></span> <span class='ocrx_word' id='word_1_262' title='bbox 437 2231 581 2279; x_wconf 87' lang='lat' dir='ltr'>Vestam.</span> <span class='ocrx_word' id='word_1_263' title='bbox 606 2232 623 2282; x_wconf 78' lang='lat' dir='ltr'>J</span> <span class='ocrx_word' id='word_1_264' title='bbox 665 2237 793 2285; x_wconf 84' lang='lat' dir='ltr'>Quam</span> <span class='ocrx_word' id='word_1_265' title='bbox 817 2235 874 2272; x_wconf 86' lang='lat' dir='ltr'>alii</span> <span class='ocrx_word' id='word_1_266' title='bbox 891 2233 1088 2285; x_wconf 88' lang='lat' dir='ltr'>flammam</span> <span class='ocrx_word' id='word_1_267' title='bbox 1114 2262 1124 2279; x_wconf 92' lang='lat'><strong><em>‚</em></strong></span> <span class='ocrx_word' id='word_1_268' title='bbox 1151 2235 1209 2274; x_wconf 88' lang='lat' dir='ltr'>alii</span> <span class='ocrx_word' id='word_1_269' title='bbox 1231 2246 1366 2275; x_wconf 83' lang='lat' dir='ltr'>terram</span> 
     </span>
    </p>
   </div>
   <div class='ocr_carea' id='block_1_9' title="bbox 330 2279 1372 2385">
    <p class='ocr_par' dir='ltr' id='par_1_11' title="bbox 330 2279 1372 2385">
     <span class='ocr_line' id='line_1_39' title="bbox 332 2279 1370 2337; baseline 0.006 -17"><span class='ocrx_word' id='word_1_270' title='bbox 332 2279 406 2320; x_wconf 85' lang='lat' dir='ltr'>effe</span> <span class='ocrx_word' id='word_1_271' title='bbox 428 2285 585 2330; x_wconf 77' lang='lat' dir='ltr'>volunt,</span> <span class='ocrx_word' id='word_1_272' title='bbox 614 2284 700 2323; x_wconf 90' lang='lat' dir='ltr'>ideo</span> <span class='ocrx_word' id='word_1_273' title='bbox 726 2285 920 2323; x_wconf 89' lang='lat' dir='ltr'>mulierem</span> <span class='ocrx_word' id='word_1_274' title='bbox 949 2285 1091 2334; x_wconf 79' lang='lat' dir='ltr'>fingunt</span> <span class='ocrx_word' id='word_1_275' title='bbox 1114 2295 1247 2324; x_wconf 88' lang='lat' dir='ltr'>terram</span> <span class='ocrx_word' id='word_1_276' title='bbox 1269 2297 1370 2337; x_wconf 84' lang='lat' dir='ltr'>tyni-</span> 
     </span>
     <span class='ocr_line' id='line_1_40' title="bbox 330 2334 1372 2385; baseline 0.007 -16"><span class='ocrx_word' id='word_1_277' title='bbox 330 2345 471 2382; x_wconf 83' lang='lat' dir='ltr'>panum</span> <span class='ocrx_word' id='word_1_278' title='bbox 506 2334 723 2382; x_wconf 60' lang='lat' dir='ltr'>fereiitem,</span> <span class='ocrx_word' id='word_1_279' title='bbox 761 2337 846 2385; x_wconf 83' lang='lat' dir='ltr'>quia</span> <span class='ocrx_word' id='word_1_280' title='bbox 879 2345 975 2374; x_wconf 80' lang='lat' dir='ltr'>terra</span> <span class='ocrx_word' id='word_1_281' title='bbox 1011 2345 1143 2375; x_wconf 87' lang='lat' dir='ltr'>ventos</span> <span class='ocrx_word' id='word_1_282' title='bbox 1161 2337 1200 2374; x_wconf 81' lang='lat' dir='ltr'>in</span> <span class='ocrx_word' id='word_1_283' title='bbox 1222 2340 1255 2377; x_wconf 88' lang='lat' dir='ltr'>se</span> <span class='ocrx_word' id='word_1_284' title='bbox 1281 2350 1372 2376; x_wconf 88' lang='lat' dir='ltr'>con-</span> 
     </span>
    </p>
   </div>
   <div class='ocr_carea' id='block_1_10' title="bbox 323 2385 1369 3099">
    <p class='ocr_par' dir='ltr' id='par_1_12' title="bbox 331 2385 726 2424">
     <span class='ocr_line' id='line_1_41' title="bbox 331 2385 726 2424; baseline 0 -2"><span class='ocrx_word' id='word_1_285' title='bbox 331 2385 454 2423; x_wconf 76' lang='lat' dir='ltr'>cludit.</span> <span class='ocrx_word' id='word_1_286' title='bbox 485 2385 601 2424; x_wconf 71' lang='lat' dir='ltr'>IDEM.</span> <span class='ocrx_word' id='word_1_287' title='bbox 721 2418 726 2422; x_wconf 94' lang='lat'>.</span> 
     </span>
    </p>

    <p class='ocr_par' dir='ltr' id='par_1_13' title="bbox 323 2436 1369 2730">
     <span class='ocr_line' id='line_1_42' title="bbox 386 2436 1369 2486; baseline 0.006 -14"><span class='ocrx_word' id='word_1_288' title='bbox 386 2449 404 2486; x_wconf 87' lang='lat'>3</span> <span class='ocrx_word' id='word_1_289' title='bbox 436 2442 544 2473; x_wconf 82' lang='lat' dir='ltr'>Sacra</span> <span class='ocrx_word' id='word_1_290' title='bbox 567 2436 775 2486; x_wconf 61' lang='lat' dir='ltr'>faciente]</span> <span class='ocrx_word' id='word_1_291' title='bbox 804 2438 949 2477; x_wconf 35' lang='lat' dir='ltr'>Proveo</span> <span class='ocrx_word' id='word_1_292' title='bbox 971 2437 1202 2477; x_wconf 79' lang='lat' dir='ltr'>sacrificante.</span> <span class='ocrx_word' id='word_1_293' title='bbox 1240 2440 1369 2478; x_wconf 83' lang='lat' dir='ltr'>Vesta-</span> 
     </span>
     <span class='ocr_line' id='line_1_43' title="bbox 328 2484 1369 2539; baseline 0.008 -17"><span class='ocrx_word' id='word_1_294' title='bbox 328 2484 419 2524; x_wconf 87' lang='lat' dir='ltr'>lium</span> <span class='ocrx_word' id='word_1_295' title='bbox 454 2488 547 2526; x_wconf 82' lang='lat' dir='ltr'>sacra</span> <span class='ocrx_word' id='word_1_296' title='bbox 581 2490 666 2528; x_wconf 92' lang='lat' dir='ltr'>nulli</span> <span class='ocrx_word' id='word_1_297' title='bbox 700 2491 857 2537; x_wconf 78' lang='lat' dir='ltr'>cuipiam</span> <span class='ocrx_word' id='word_1_298' title='bbox 894 2490 944 2527; x_wconf 86' lang='lat' dir='ltr'>fas</span> <span class='ocrx_word' id='word_1_299' title='bbox 965 2489 1013 2527; x_wconf 86' lang='lat' dir='ltr'>est</span> <span class='ocrx_word' id='word_1_300' title='bbox 1034 2490 1131 2529; x_wconf 83' lang='lat' dir='ltr'>scire.</span> <span class='ocrx_word' id='word_1_301' title='bbox 1191 2491 1369 2539; x_wconf 86' lang='lat' dir='ltr'>Legimus</span> 
     </span>
     <span class='ocr_line' id='line_1_44' title="bbox 329 2539 1369 2586; baseline 0.008 -13"><span class='ocrx_word' id='word_1_302' title='bbox 329 2542 457 2576; x_wconf 70' lang='lat' dir='ltr'>tamen</span> <span class='ocrx_word' id='word_1_303' title='bbox 490 2541 541 2578; x_wconf 90' lang='lat' dir='ltr'>uti</span> <span class='ocrx_word' id='word_1_304' title='bbox 576 2539 801 2578; x_wconf 73' lang='lat' dir='ltr'>conl&#39;ueriffe</span> <span class='ocrx_word' id='word_1_305' title='bbox 835 2542 872 2578; x_wconf 86' lang='lat' dir='ltr'>iii</span> <span class='ocrx_word' id='word_1_306' title='bbox 907 2540 1083 2579; x_wconf 85' lang='lat' dir='ltr'>sacrificiis</span> <span class='ocrx_word' id='word_1_307' title='bbox 1117 2545 1236 2581; x_wconf 88' lang='lat' dir='ltr'>muria</span> <span class='ocrx_word' id='word_1_308' title='bbox 1263 2571 1272 2586; x_wconf 96' lang='lat'>,</span> <span class='ocrx_word' id='word_1_309' title='bbox 1301 2543 1369 2581; x_wconf 83' lang='lat' dir='ltr'>sale</span> 
     </span>
     <span class='ocr_line' id='line_1_45' title="bbox 328 2586 1369 2639; baseline 0.008 -15"><span class='ocrx_word' id='word_1_310' title='bbox 328 2586 460 2628; x_wconf 86' lang='lat' dir='ltr'>scilicet</span> <span class='ocrx_word' id='word_1_311' title='bbox 493 2591 531 2628; x_wconf 91' lang='lat' dir='ltr'>in</span> <span class='ocrx_word' id='word_1_312' title='bbox 565 2591 631 2639; x_wconf 85' lang='lat' dir='ltr'>pila</span> <span class='ocrx_word' id='word_1_313' title='bbox 666 2592 773 2628; x_wconf 77' lang='lat' dir='ltr'>tonso</span> <span class='ocrx_word' id='word_1_314' title='bbox 811 2594 849 2628; x_wconf 85' lang='lat'>&amp;</span> <span class='ocrx_word' id='word_1_315' title='bbox 880 2593 918 2630; x_wconf 91' lang='lat' dir='ltr'>in</span> <span class='ocrx_word' id='word_1_316' title='bbox 947 2592 1055 2629; x_wconf 87' lang='lat' dir='ltr'>ollam</span> <span class='ocrx_word' id='word_1_317' title='bbox 1091 2591 1241 2631; x_wconf 64' lang='lat' dir='ltr'>fictilem</span> <span class='ocrx_word' id='word_1_318' title='bbox 1277 2605 1369 2632; x_wconf 88' lang='lat' dir='ltr'>con-</span> 
     </span>
     <span class='ocr_line' id='line_1_46' title="bbox 323 2638 1367 2695; baseline 0.007 -20"><span class='ocrx_word' id='word_1_319' title='bbox 323 2638 455 2685; x_wconf 58' lang='lat' dir='ltr'>jecto,</span> <span class='ocrx_word' id='word_1_320' title='bbox 485 2651 527 2678; x_wconf 89' lang='lat' dir='ltr'>ac</span> <span class='ocrx_word' id='word_1_321' title='bbox 551 2642 588 2679; x_wconf 87' lang='lat' dir='ltr'>in</span> <span class='ocrx_word' id='word_1_322' title='bbox 617 2641 724 2679; x_wconf 82' lang='lat' dir='ltr'>furno</span> <span class='ocrx_word' id='word_1_323' title='bbox 748 2642 948 2691; x_wconf 70' lang='lat' dir='ltr'>praecocto</span> <span class='ocrx_word' id='word_1_324' title='bbox 973 2671 984 2688; x_wconf 90' lang='lat'>,</span> <span class='ocrx_word' id='word_1_325' title='bbox 1014 2643 1147 2682; x_wconf 87' lang='lat' dir='ltr'>deinde</span> <span class='ocrx_word' id='word_1_326' title='bbox 1170 2645 1207 2682; x_wconf 88' lang='lat' dir='ltr'>in</span> <span class='ocrx_word' id='word_1_327' title='bbox 1230 2655 1367 2695; x_wconf 78' lang='lat' dir='ltr'>aquam</span> 
     </span>
     <span class='ocr_line' id='line_1_47' title="bbox 329 2688 630 2730; baseline 0.017 -5"><span class='ocrx_word' id='word_1_328' title='bbox 329 2688 446 2728; x_wconf 81' lang='lat' dir='ltr'>misso.</span> <span class='ocrx_word' id='word_1_329' title='bbox 478 2691 491 2728; x_wconf 87' lang='lat'>1</span> <span class='ocrx_word' id='word_1_330' title='bbox 509 2705 533 2729; x_wconf 87' lang='lat' dir='ltr'>D</span> <span class='ocrx_word' id='word_1_331' title='bbox 550 2705 571 2730; x_wconf 73' lang='lat' dir='ltr'>r„</span> <span class='ocrx_word' id='word_1_332' title='bbox 590 2706 630 2730; x_wconf 85' lang='lat' dir='ltr'>M.</span> 
     </span>
    </p>

    <p class='ocr_par' dir='ltr' id='par_1_14' title="bbox 327 2742 1368 3030">
     <span class='ocr_line' id='line_1_48' title="bbox 378 2742 1366 2792; baseline 0.008 -15"><span class='ocrx_word' id='word_1_333' title='bbox 378 2753 401 2784; x_wconf 76' lang='lat'><strong>4</strong></span> <span class='ocrx_word' id='word_1_334' title='bbox 431 2742 554 2790; x_wconf 60' lang='lat' dir='ltr'>viem]</span> <span class='ocrx_word' id='word_1_335' title='bbox 586 2743 624 2781; x_wconf 87' lang='lat' dir='ltr'>T</span> <span class='ocrx_word' id='word_1_336' title='bbox 630 2743 861 2792; x_wconf 78' lang='lat' dir='ltr'>riumphavit.</span> <span class='ocrx_word' id='word_1_337' title='bbox 895 2746 995 2783; x_wconf 78' lang='lat' dir='ltr'>Nam</span> <span class='ocrx_word' id='word_1_338' title='bbox 1011 2743 1057 2783; x_wconf 92' lang='lat' dir='ltr'>de</span> <span class='ocrx_word' id='word_1_339' title='bbox 1071 2746 1366 2785; x_wconf 84' lang='lat' dir='ltr'>Cattis&amp;Dacis</span> 
     </span>
     <span class='ocr_line' id='line_1_49' title="bbox 327 2790 1368 2846; baseline 0.012 -24"><span class='ocrx_word' id='word_1_340' title='bbox 327 2790 404 2834; x_wconf 80' lang='lat' dir='ltr'>post</span> <span class='ocrx_word' id='word_1_341' title='bbox 427 2796 522 2830; x_wconf 81' lang='lat' dir='ltr'>varia</span> <span class='ocrx_word' id='word_1_342' title='bbox 547 2796 676 2842; x_wconf 81' lang='lat' dir='ltr'>praelia</span> <span class='ocrx_word' id='word_1_343' title='bbox 702 2794 887 2844; x_wconf 85' lang='lat' dir='ltr'>duplicem</span> <span class='ocrx_word' id='word_1_344' title='bbox 911 2797 1144 2845; x_wconf 82' lang='lat' dir='ltr'>triumphum</span> <span class='ocrx_word' id='word_1_345' title='bbox 1171 2798 1255 2846; x_wconf 81' lang='lat' dir='ltr'>egit.</span> <span class='ocrx_word' id='word_1_346' title='bbox 1306 2798 1368 2836; x_wconf 86' lang='lat' dir='ltr'>De</span> 
     </span>
     <span class='ocr_line' id='line_1_50' title="bbox 331 2838 1368 2896; baseline 0.014 -24"><span class='ocrx_word' id='word_1_347' title='bbox 331 2838 498 2893; x_wconf 77' lang='lat' dir='ltr'>Sarmatis</span> <span class='ocrx_word' id='word_1_348' title='bbox 519 2845 679 2882; x_wconf 81' lang='lat' dir='ltr'>lauream</span> <span class='ocrx_word' id='word_1_349' title='bbox 701 2853 846 2884; x_wconf 86' lang='lat' dir='ltr'>tantum</span> <span class='ocrx_word' id='word_1_350' title='bbox 871 2846 957 2893; x_wconf 89' lang='lat' dir='ltr'>Jovi</span> <span class='ocrx_word' id='word_1_351' title='bbox 985 2847 1201 2896; x_wconf 77' lang='lat' dir='ltr'>Capitolino</span> <span class='ocrx_word' id='word_1_352' title='bbox 1219 2849 1368 2887; x_wconf 87' lang='lat' dir='ltr'>rettulit.</span> 
     </span>
     <span class='ocr_line' id='line_1_51' title="bbox 330 2885 1367 2948; baseline 0.015 -26"><span class='ocrx_word' id='word_1_353' title='bbox 330 2885 470 2925; x_wconf 65' lang='lat' dir='ltr'>Bellum</span> <span class='ocrx_word' id='word_1_354' title='bbox 501 2895 610 2945; x_wconf 24' lang='lat' dir='ltr'>‘civile</span> <span class='ocrx_word' id='word_1_355' title='bbox 646 2906 793 2933; x_wconf 78' lang='lat' dir='ltr'>motuni</span> <span class='ocrx_word' id='word_1_356' title='bbox 830 2909 850 2934; x_wconf 83' lang='lat' dir='ltr'>a</span> <span class='ocrx_word' id='word_1_357' title='bbox 885 2899 928 2934; x_wconf 83' lang='lat' dir='ltr'>L.</span> <span class='ocrx_word' id='word_1_358' title='bbox 967 2898 1142 2936; x_wconf 85' lang='lat' dir='ltr'>Antonio</span> <span class='ocrx_word' id='word_1_359' title='bbox 1177 2899 1367 2948; x_wconf 87' lang='lat' dir='ltr'>superioris</span> 
     </span>
     <span class='ocr_line' id='line_1_52' title="bbox 331 2935 1368 2989; baseline 0.013 -18"><span class='ocrx_word' id='word_1_360' title='bbox 331 2935 554 2976; x_wconf 77' lang='lat' dir='ltr'>Germaniae</span> <span class='ocrx_word' id='word_1_361' title='bbox 589 2943 747 2987; x_wconf 71' lang='lat' dir='ltr'>praeside</span> <span class='ocrx_word' id='word_1_362' title='bbox 779 2946 943 2985; x_wconf 78' lang='lat' dir='ltr'>confecit</span> <span class='ocrx_word' id='word_1_363' title='bbox 974 2949 1099 2988; x_wconf 78' lang='lat' dir='ltr'>absens</span> <span class='ocrx_word' id='word_1_364' title='bbox 1139 2951 1230 2988; x_wconf 79' lang='lat' dir='ltr'>mira</span> <span class='ocrx_word' id='word_1_365' title='bbox 1256 2950 1368 2989; x_wconf 79' lang='lat' dir='ltr'>felici·-</span> 
     </span>
     <span class='ocr_line' id='line_1_53' title="bbox 330 2987 867 3030; baseline 0.013 -7"><span class='ocrx_word' id='word_1_366' title='bbox 330 2992 417 3024; x_wconf 81' lang='lat' dir='ltr'>tate.</span> <span class='ocrx_word' id='word_1_367' title='bbox 447 2987 692 3027; x_wconf 68' lang='lat' dir='ltr'>Transiuillus.</span> <span class='ocrx_word' id='word_1_368' title='bbox 724 2993 776 3028; x_wconf 84' lang='lat' dir='ltr'>In</span> <span class='ocrx_word' id='word_1_369' title='bbox 793 3006 813 3029; x_wconf 75' lang='lat' dir='ltr'>F.</span> <span class='ocrx_word' id='word_1_370' title='bbox 829 3007 867 3030; x_wconf 75' lang='grc' dir='ltr'>Μ.</span> 
     </span>
    </p>

    <p class='ocr_par' dir='ltr' id='par_1_15' title="bbox 385 3037 1367 3099">
     <span class='ocr_line' id='line_1_54' title="bbox 385 3037 1367 3099; baseline 0.017 -26"><span class='ocrx_word' id='word_1_371' title='bbox 385 3049 402 3084; x_wconf 86' lang='grc' dir='ltr'><em>ς</em></span> <span class='ocrx_word' id='word_1_372' title='bbox 433 3037 625 3076; x_wconf 75' lang='lat' dir='ltr'>Blandiens</span> <span class='ocrx_word' id='word_1_373' title='bbox 649 3046 756 3084; x_wconf 79' lang='lat' dir='ltr'>haec,</span> <span class='ocrx_word' id='word_1_374' title='bbox 783 3055 835 3077; x_wconf 80' lang='lat' dir='ltr'>an</span> <span class='ocrx_word' id='word_1_375' title='bbox 858 3045 1052 3091; x_wconf 45' lang='lat' dir='ltr'>irridens]</span> <span class='ocrx_word' id='word_1_376' title='bbox 1088 3049 1265 3099; x_wconf 78' lang='lat' dir='ltr'>Ambigui</span> <span class='ocrx_word' id='word_1_377' title='bbox 1288 3052 1367 3089; x_wconf 80' lang='lat' dir='ltr'>sen-</span> 
     </span>
    </p>
   </div>
   <div class='ocr_carea' id='block_1_11' title="bbox 328 3087 1368 3149">
    <p class='ocr_par' dir='ltr' id='par_1_16' title="bbox 328 3087 1368 3149">
     <span class='ocr_line' id='line_1_55' title="bbox 328 3087 1368 3149; baseline 0.014 -26"><span class='ocrx_word' id='word_1_378' title='bbox 328 3087 624 3142; x_wconf 64' lang='lat' dir='ltr'>roseomchae,</span> <span class='ocrx_word' id='word_1_379' title='bbox 652 3102 746 3141; x_wconf 77' lang='lat' dir='ltr'>quae</span> <span class='ocrx_word' id='word_1_380' title='bbox 769 3093 996 3135; x_wconf 70' lang='lat' dir='ltr'>antecedunt</span> <span class='ocrx_word' id='word_1_381' title='bbox 1021 3101 1190 3146; x_wconf 74' lang='lat' dir='ltr'>proxime</span> <span class='ocrx_word' id='word_1_382' title='bbox 1215 3129 1227 3149; x_wconf 88' lang='lat'>,</span> <span class='ocrx_word' id='word_1_383' title='bbox 1254 3102 1368 3142; x_wconf 80' lang='lat' dir='ltr'>verba</span> 
     </span>
    </p>
   </div>
   <div class='ocr_carea' id='block_1_12' title="bbox 1686 692 2460 766">
    <p class='ocr_par' dir='ltr' id='par_1_17' title="bbox 1686 692 2460 766">
     <span class='ocr_line' id='line_1_56' title="bbox 1686 692 2460 766; baseline 0.001 -16"><span class='ocrx_word' id='word_1_384' title='bbox 1686 692 1702 719; x_wconf 96' lang='lat'>⁷</span> <span class='ocrx_word' id='word_1_385' title='bbox 1746 707 1897 750; x_wconf 89' lang='lat' dir='ltr'>certe</span> <span class='ocrx_word' id='word_1_386' title='bbox 1922 707 2174 766; x_wconf 86' lang='lat' dir='ltr'>tanquam</span> <span class='ocrx_word' id='word_1_387' title='bbox 2200 695 2460 751; x_wconf 84' lang='lat' dir='ltr'>innocens</span> 
     </span>
    </p>
   </div>
   <div class='ocr_carea' id='block_1_13' title="bbox 2305 768 2472 826">
    <p class='ocr_par' dir='ltr' id='par_1_18' title="bbox 2305 768 2472 826">
     <span class='ocr_line' id='line_1_57' title="bbox 2305 768 2472 826; baseline 0.012 -2"><span class='ocrx_word' id='word_1_388' title='bbox 2305 768 2472 826; x_wconf 61' lang='lat' dir='ltr'>dueta</span> 
     </span>
    </p>
   </div>
   <div class='ocr_carea' id='block_1_14' title="bbox 1434 903 2477 3144">
    <p class='ocr_par' dir='ltr' id='par_1_19' title="bbox 1434 903 2472 1618">
     <span class='ocr_line' id='line_1_58' title="bbox 1434 903 2469 959; baseline 0.004 -15"><span class='ocrx_word' id='word_1_389' title='bbox 1434 903 1537 945; x_wconf 76' lang='lat' dir='ltr'>fuisse</span> <span class='ocrx_word' id='word_1_390' title='bbox 1568 904 1756 955; x_wconf 89' lang='lat' dir='ltr'>significat.</span> <span class='ocrx_word' id='word_1_391' title='bbox 1811 907 1962 956; x_wconf 87' lang='lat' dir='ltr'>Quippe</span> <span class='ocrx_word' id='word_1_392' title='bbox 2009 918 2105 959; x_wconf 87' lang='lat' dir='ltr'>quae</span> <span class='ocrx_word' id='word_1_393' title='bbox 2142 907 2268 946; x_wconf 86' lang='lat' dir='ltr'>videre</span> <span class='ocrx_word' id='word_1_394' title='bbox 2304 908 2469 956; x_wconf 68' lang='lat' dir='ltr'>poffint,&#39;</span> 
     </span>
     <span class='ocr_line' id='line_1_59' title="bbox 1437 957 2465 1007; baseline 0.004 -11"><span class='ocrx_word' id='word_1_395' title='bbox 1437 958 1496 996; x_wconf 90' lang='lat' dir='ltr'>vel</span> <span class='ocrx_word' id='word_1_396' title='bbox 1529 959 1650 996; x_wconf 81' lang='lat' dir='ltr'>meriti</span> <span class='ocrx_word' id='word_1_397' title='bbox 1682 957 1869 1005; x_wconf 75' lang='lat' dir='ltr'>cuiusdam</span> <span class='ocrx_word' id='word_1_398' title='bbox 1901 957 2035 997; x_wconf 89' lang='lat' dir='ltr'>fiducia</span> <span class='ocrx_word' id='word_1_399' title='bbox 2059 987 2070 1004; x_wconf 92' lang='lat'>,</span> <span class='ocrx_word' id='word_1_400' title='bbox 2115 958 2274 1007; x_wconf 88' lang='lat' dir='ltr'>persuasa</span> <span class='ocrx_word' id='word_1_401' title='bbox 2308 959 2332 996; x_wconf 88' lang='lat' dir='ltr'><strong>fi</strong></span> <span class='ocrx_word' id='word_1_402' title='bbox 2368 960 2465 1000; x_wconf 85' lang='lat' dir='ltr'>foret</span> 
     </span>
     <span class='ocr_line' id='line_1_60' title="bbox 1437 1007 2465 1059; baseline 0.004 -13"><span class='ocrx_word' id='word_1_403' title='bbox 1437 1021 1525 1047; x_wconf 89' lang='lat' dir='ltr'>vere</span> <span class='ocrx_word' id='word_1_404' title='bbox 1556 1007 1678 1048; x_wconf 84' lang='lat' dir='ltr'>viciffe</span> <span class='ocrx_word' id='word_1_405' title='bbox 1710 1009 1975 1047; x_wconf 87' lang='lat' dir='ltr'>Domitianum</span> <span class='ocrx_word' id='word_1_406' title='bbox 2001 1037 2011 1054; x_wconf 91' lang='lat'><strong>‚</strong></span> <span class='ocrx_word' id='word_1_407' title='bbox 2061 1010 2100 1046; x_wconf 91' lang='lat'>&amp;</span> <span class='ocrx_word' id='word_1_408' title='bbox 2134 1020 2198 1057; x_wconf 88' lang='lat' dir='ltr'>per</span> <span class='ocrx_word' id='word_1_409' title='bbox 2227 1010 2465 1059; x_wconf 85' lang='lat' dir='ltr'>blanditiam,</span> 
     </span>
     <span class='ocr_line' id='line_1_61' title="bbox 1437 1059 2468 1110; baseline 0.005 -13"><span class='ocrx_word' id='word_1_410' title='bbox 1437 1071 1510 1110; x_wconf 88' lang='lat' dir='ltr'>qua</span> <span class='ocrx_word' id='word_1_411' title='bbox 1531 1059 1752 1099; x_wconf 83' lang='lat' dir='ltr'>deleniretur</span> <span class='ocrx_word' id='word_1_412' title='bbox 1775 1061 1884 1097; x_wconf 86' lang='lat' dir='ltr'>iratus</span> <span class='ocrx_word' id='word_1_413' title='bbox 1908 1087 1918 1104; x_wconf 92' lang='lat'>,</span> <span class='ocrx_word' id='word_1_414' title='bbox 1947 1061 2009 1108; x_wconf 90' lang='lat' dir='ltr'>qui</span> <span class='ocrx_word' id='word_1_415' title='bbox 2034 1060 2170 1097; x_wconf 85' lang='lat' dir='ltr'>mirum</span> <span class='ocrx_word' id='word_1_416' title='bbox 2193 1060 2230 1097; x_wconf 88' lang='lat' dir='ltr'>in</span> <span class='ocrx_word' id='word_1_417' title='bbox 2251 1061 2410 1100; x_wconf 80' lang='lat' dir='ltr'>niodum</span> <span class='ocrx_word' id='word_1_418' title='bbox 2432 1064 2468 1103; x_wconf 89' lang='lat' dir='ltr'>se</span> 
     </span>
     <span class='ocr_line' id='line_1_62' title="bbox 1441 1109 2464 1159; baseline 0.004 -10"><span class='ocrx_word' id='word_1_419' title='bbox 1441 1109 1615 1149; x_wconf 76' lang='lat' dir='ltr'>efferebat</span> <span class='ocrx_word' id='word_1_420' title='bbox 1639 1123 1680 1150; x_wconf 88' lang='lat' dir='ltr'>ea</span> <span class='ocrx_word' id='word_1_421' title='bbox 1703 1110 1857 1149; x_wconf 64' lang='lat' dir='ltr'>victoria</span> <span class='ocrx_word' id='word_1_422' title='bbox 1872 1139 1882 1155; x_wconf 94' lang='lat'>,</span> <span class='ocrx_word' id='word_1_423' title='bbox 1911 1111 1950 1148; x_wconf 68' lang='grc' dir='ltr'>ὃς</span> <span class='ocrx_word' id='word_1_424' title='bbox 1972 1111 2050 1159; x_wconf 83' lang='lat' dir='ltr'>ejus</span> <span class='ocrx_word' id='word_1_425' title='bbox 2073 1110 2266 1148; x_wconf 88' lang='lat' dir='ltr'>mentione</span> <span class='ocrx_word' id='word_1_426' title='bbox 2287 1111 2464 1152; x_wconf 86' lang='lat' dir='ltr'>afficieba-</span> 
     </span>
     <span class='ocr_line' id='line_1_63' title="bbox 1439 1159 2468 1206; baseline 0.005 -7"><span class='ocrx_word' id='word_1_427' title='bbox 1439 1170 1525 1206; x_wconf 87' lang='lat' dir='ltr'>tur;</span> <span class='ocrx_word' id='word_1_428' title='bbox 1574 1163 1634 1200; x_wconf 85' lang='lat' dir='ltr'>vel</span> <span class='ocrx_word' id='word_1_429' title='bbox 1667 1173 1713 1200; x_wconf 88' lang='lat' dir='ltr'>ex</span> <span class='ocrx_word' id='word_1_430' title='bbox 1745 1169 1942 1199; x_wconf 89' lang='lat' dir='ltr'>contemtu</span> <span class='ocrx_word' id='word_1_431' title='bbox 1976 1163 2014 1200; x_wconf 68' lang='grc' dir='ltr'>ὅ(</span> <span class='ocrx_word' id='word_1_432' title='bbox 2049 1159 2234 1198; x_wconf 86' lang='lat' dir='ltr'>irridendo</span> <span class='ocrx_word' id='word_1_433' title='bbox 2274 1164 2468 1204; x_wconf 85' lang='lat' dir='ltr'>vaniffimo</span> 
     </span>
     <span class='ocr_line' id='line_1_64' title="bbox 1439 1211 2470 1263; baseline 0.003 -14"><span class='ocrx_word' id='word_1_434' title='bbox 1439 1213 1645 1263; x_wconf 87' lang='lat' dir='ltr'>principum</span> <span class='ocrx_word' id='word_1_435' title='bbox 1669 1214 1832 1262; x_wconf 86' lang='lat' dir='ltr'>prolata,</span> <span class='ocrx_word' id='word_1_436' title='bbox 1860 1214 1921 1261; x_wconf 86' lang='lat' dir='ltr'>qui</span> <span class='ocrx_word' id='word_1_437' title='bbox 1948 1212 2142 1251; x_wconf 66' lang='lat' dir='ltr'>victoriam</span> <span class='ocrx_word' id='word_1_438' title='bbox 2161 1211 2321 1261; x_wconf 62' lang='lat' dir='ltr'>jactabat</span> <span class='ocrx_word' id='word_1_439' title='bbox 2343 1242 2354 1259; x_wconf 88' lang='lat'>‚</span> <span class='ocrx_word' id='word_1_440' title='bbox 2382 1226 2470 1255; x_wconf 86' lang='lat' dir='ltr'>cum</span> 
     </span>
     <span class='ocr_line' id='line_1_65' title="bbox 1442 1262 2471 1312; baseline 0.005 -12"><span class='ocrx_word' id='word_1_441' title='bbox 1442 1262 1557 1302; x_wconf 61' lang='lat' dir='ltr'>vietus</span> <span class='ocrx_word' id='word_1_442' title='bbox 1581 1262 1690 1308; x_wconf 79' lang='lat' dir='ltr'>effer,</span> <span class='ocrx_word' id='word_1_443' title='bbox 1721 1265 1759 1302; x_wconf 69' lang='grc' dir='ltr'>ὃς</span> <span class='ocrx_word' id='word_1_444' title='bbox 1779 1264 2009 1312; x_wconf 87' lang='lat' dir='ltr'>triumphum</span> <span class='ocrx_word' id='word_1_445' title='bbox 2033 1270 2177 1311; x_wconf 87' lang='lat' dir='ltr'>egerat,</span> <span class='ocrx_word' id='word_1_446' title='bbox 2204 1262 2264 1300; x_wconf 92' lang='lat' dir='ltr'>sed</span> <span class='ocrx_word' id='word_1_447' title='bbox 2276 1264 2471 1305; x_wconf 87' lang='lat' dir='ltr'>inimicum</span> 
     </span>
     <span class='ocr_line' id='line_1_66' title="bbox 1441 1313 2472 1364; baseline 0.004 -11"><span class='ocrx_word' id='word_1_448' title='bbox 1441 1316 1480 1353; x_wconf 87' lang='lat'>&amp;</span> <span class='ocrx_word' id='word_1_449' title='bbox 1498 1314 1714 1364; x_wconf 83' lang='lat' dir='ltr'>jocularem.</span> <span class='ocrx_word' id='word_1_450' title='bbox 1768 1315 1829 1354; x_wconf 89' lang='lat' dir='ltr'>De</span> <span class='ocrx_word' id='word_1_451' title='bbox 1850 1325 1927 1364; x_wconf 92' lang='lat' dir='ltr'>quo</span> <span class='ocrx_word' id='word_1_452' title='bbox 1951 1322 2091 1362; x_wconf 88' lang='lat' dir='ltr'>praeter</span> <span class='ocrx_word' id='word_1_453' title='bbox 2115 1313 2282 1350; x_wconf 87' lang='lat' dir='ltr'>Dionem</span> <span class='ocrx_word' id='word_1_454' title='bbox 2317 1314 2472 1357; x_wconf 86' lang='lat' dir='ltr'>Tacitus</span> 
     </span>
     <span class='ocr_line' id='line_1_67' title="bbox 1441 1362 2472 1414; baseline -0.005 -10"><span class='ocrx_word' id='word_1_455' title='bbox 1441 1366 1552 1404; x_wconf 87' lang='lat' dir='ltr'>etiam</span> <span class='ocrx_word' id='word_1_456' title='bbox 1576 1367 1649 1404; x_wconf 81' lang='lat' dir='ltr'>vita</span> <span class='ocrx_word' id='word_1_457' title='bbox 1671 1365 1866 1414; x_wconf 87' lang='lat' dir='ltr'>Agricolae</span> <span class='ocrx_word' id='word_1_458' title='bbox 1889 1377 1966 1414; x_wconf 87' lang='lat' dir='ltr'>cap.</span> <span class='ocrx_word' id='word_1_459' title='bbox 1990 1362 2168 1401; x_wconf 82' lang='lat' dir='ltr'>XXXIX.</span> <span class='ocrx_word' id='word_1_460' title='bbox 2222 1370 2342 1402; x_wconf 79' lang='lat' dir='ltr'>Inerat</span> <span class='ocrx_word' id='word_1_461' title='bbox 2367 1395 2378 1410; x_wconf 91' lang='lat'>‚</span> <span class='ocrx_word' id='word_1_462' title='bbox 2416 1369 2472 1406; x_wconf 73' lang='lat' dir='ltr'>in-</span> 
     </span>
     <span class='ocr_line' id='line_1_68' title="bbox 1443 1414 2472 1467; baseline 0.001 -13"><span class='ocrx_word' id='word_1_463' title='bbox 1443 1418 1547 1467; x_wconf 91' lang='lat' dir='ltr'>quit,</span> <span class='ocrx_word' id='word_1_464' title='bbox 1575 1417 1781 1466; x_wconf 79' lang='lat' dir='ltr'>conscientia</span> <span class='ocrx_word' id='word_1_465' title='bbox 1806 1415 2055 1462; x_wconf 74' lang='lat' dir='ltr'>(Domitiano</span> <span class='ocrx_word' id='word_1_466' title='bbox 2078 1414 2191 1463; x_wconf 86' lang='lat' dir='ltr'>puta)</span> <span class='ocrx_word' id='word_1_467' title='bbox 2216 1415 2344 1462; x_wconf 81' lang='lat' dir='ltr'>derisui</span> <span class='ocrx_word' id='word_1_468' title='bbox 2367 1418 2472 1467; x_wconf 79' lang='lat' dir='ltr'>fuiffe</span> 
     </span>
     <span class='ocr_line' id='line_1_69' title="bbox 1445 1465 2470 1519; baseline 0.001 -14"><span class='ocrx_word' id='word_1_469' title='bbox 1445 1477 1551 1515; x_wconf 78' lang='lat' dir='ltr'>nuper</span> <span class='ocrx_word' id='word_1_470' title='bbox 1563 1468 1704 1517; x_wconf 86' lang='lat' dir='ltr'>falsum</span> <span class='ocrx_word' id='word_1_471' title='bbox 1725 1481 1740 1504; x_wconf 88' lang='lat' dir='ltr'>e</span> <span class='ocrx_word' id='word_1_472' title='bbox 1762 1467 1957 1506; x_wconf 85' lang='lat' dir='ltr'>Germania</span> <span class='ocrx_word' id='word_1_473' title='bbox 1977 1465 2227 1514; x_wconf 79' lang='lat' dir='ltr'>triumphum,</span> <span class='ocrx_word' id='word_1_474' title='bbox 2263 1478 2341 1504; x_wconf 85' lang='lat' dir='ltr'>erat</span> <span class='ocrx_word' id='word_1_475' title='bbox 2366 1468 2392 1506; x_wconf 78' lang='lat' dir='ltr'>is</span> <span class='ocrx_word' id='word_1_476' title='bbox 2411 1479 2470 1519; x_wconf 84' lang='lat' dir='ltr'>per</span> 
     </span>
     <span class='ocr_line' id='line_1_70' title="bbox 1445 1517 2471 1570; baseline 0.002 -15"><span class='ocrx_word' id='word_1_477' title='bbox 1445 1520 1652 1556; x_wconf 83' lang='lat' dir='ltr'>commercia</span> <span class='ocrx_word' id='word_1_478' title='bbox 1678 1546 1689 1563; x_wconf 94' lang='lat'>,</span> <span class='ocrx_word' id='word_1_479' title='bbox 1724 1531 1872 1567; x_wconf 86' lang='lat' dir='ltr'>quorum</span> <span class='ocrx_word' id='word_1_480' title='bbox 1907 1517 2052 1555; x_wconf 81' lang='lat' dir='ltr'>habitus</span> <span class='ocrx_word' id='word_1_481' title='bbox 2075 1528 2119 1556; x_wconf 69' lang='lat' dir='ltr'>cy</span> <span class='ocrx_word' id='word_1_482' title='bbox 2141 1519 2251 1555; x_wconf 77' lang='lat' dir='ltr'>crines</span> <span class='ocrx_word' id='word_1_483' title='bbox 2266 1544 2287 1562; x_wconf 88' lang='lat'>,.</span> <span class='ocrx_word' id='word_1_484' title='bbox 2303 1518 2341 1555; x_wconf 85' lang='lat' dir='ltr'>in</span> <span class='ocrx_word' id='word_1_485' title='bbox 2362 1521 2471 1570; x_wconf 85' lang='lat' dir='ltr'>capti-</span> 
     </span>
     <span class='ocr_line' id='line_1_71' title="bbox 1444 1568 2233 1618; baseline 0 -12"><span class='ocrx_word' id='word_1_486' title='bbox 1444 1583 1573 1607; x_wconf 82' lang='lat' dir='ltr'>vorum</span> <span class='ocrx_word' id='word_1_487' title='bbox 1586 1569 1712 1618; x_wconf 62' lang='lat' dir='ltr'>species</span> <span class='ocrx_word' id='word_1_488' title='bbox 1736 1570 1995 1616; x_wconf 81' lang='lat' dir='ltr'>formarentur.</span> <span class='ocrx_word' id='word_1_489' title='bbox 2024 1568 2233 1606; x_wconf 67' lang='lat' dir='ltr'>Buciimin.</span> 
     </span>
    </p>

    <p class='ocr_par' dir='ltr' id='par_1_20' title="bbox 1442 1618 2477 2842">
     <span class='ocr_line' id='line_1_72' title="bbox 1495 1618 2472 1669; baseline 0.004 -13"><span class='ocrx_word' id='word_1_490' title='bbox 1495 1620 1655 1658; x_wconf 76' lang='lat' dir='ltr'>6·D1xit</span> <span class='ocrx_word' id='word_1_491' title='bbox 1689 1620 1792 1658; x_wconf 85' lang='lat' dir='ltr'>donec</span> <span class='ocrx_word' id='word_1_492' title='bbox 1818 1649 1829 1666; x_wconf 89' lang='lat'><em>‚</em></span> <span class='ocrx_word' id='word_1_493' title='bbox 1878 1619 1988 1669; x_wconf 57' lang='lat' dir='ltr'>eya]</span> <span class='ocrx_word' id='word_1_494' title='bbox 2040 1618 2227 1657; x_wconf 78' lang='lat' dir='ltr'>Ass&#39;entior</span> <span class='ocrx_word' id='word_1_495' title='bbox 2261 1618 2472 1660; x_wconf 70' lang='lat' dir='ltr'>doetiffimo</span> 
     </span>
     <span class='ocr_line' id='line_1_73' title="bbox 1445 1670 2473 1721; baseline 0.003 -12"><span class='ocrx_word' id='word_1_496' title='bbox 1445 1671 1613 1709; x_wconf 85' lang='lat' dir='ltr'>Heraldo</span> <span class='ocrx_word' id='word_1_497' title='bbox 1636 1700 1646 1716; x_wconf 90' lang='lat'>‚</span> <span class='ocrx_word' id='word_1_498' title='bbox 1672 1673 1736 1721; x_wconf 91' lang='lat' dir='ltr'>qui</span> <span class='ocrx_word' id='word_1_499' title='bbox 1757 1671 1802 1710; x_wconf 87' lang='lat' dir='ltr'>ad</span> <span class='ocrx_word' id='word_1_500' title='bbox 1824 1670 2115 1721; x_wconf 75' lang='lat' dir='ltr'>Apologeticum</span> <span class='ocrx_word' id='word_1_501' title='bbox 2138 1670 2356 1709; x_wconf 88' lang='lat' dir='ltr'>Tertulliani</span> <span class='ocrx_word' id='word_1_502' title='bbox 2369 1681 2473 1712; x_wconf 86' lang='lat' dir='ltr'>notat</span> 
     </span>
     <span class='ocr_line' id='line_1_74' title="bbox 1446 1721 2472 1771; baseline 0.003 -12"><span class='ocrx_word' id='word_1_503' title='bbox 1446 1728 1636 1771; x_wconf 84' lang='lat' dir='ltr'>Tanquam</span> <span class='ocrx_word' id='word_1_504' title='bbox 1651 1723 1844 1761; x_wconf 72' lang='lat' dir='ltr'>innocentes</span> <span class='ocrx_word' id='word_1_505' title='bbox 1857 1721 1901 1759; x_wconf 92' lang='lat' dir='ltr'>ad</span> <span class='ocrx_word' id='word_1_506' title='bbox 1915 1733 1979 1760; x_wconf 87' lang='lat' dir='ltr'>eos</span> <span class='ocrx_word' id='word_1_507' title='bbox 2002 1723 2182 1771; x_wconf 75' lang='lat' dir='ltr'>pertinere</span> <span class='ocrx_word' id='word_1_508' title='bbox 2197 1749 2208 1766; x_wconf 93' lang='lat'>,</span> <span class='ocrx_word' id='word_1_509' title='bbox 2231 1723 2294 1771; x_wconf 91' lang='lat' dir='ltr'>qui</span> <span class='ocrx_word' id='word_1_510' title='bbox 2317 1722 2472 1764; x_wconf 89' lang='lat' dir='ltr'>inauditi</span> 
     </span>
     <span class='ocr_line' id='line_1_75' title="bbox 1443 1772 2474 1822; baseline 0.002 -11"><span class='ocrx_word' id='word_1_511' title='bbox 1443 1773 1662 1811; x_wconf 85' lang='lat' dir='ltr'>damnantur</span> <span class='ocrx_word' id='word_1_512' title='bbox 1688 1803 1698 1820; x_wconf 89' lang='lat'>,</span> <span class='ocrx_word' id='word_1_513' title='bbox 1738 1776 1776 1813; x_wconf 71' lang='grc' dir='ltr'>ὃς</span> <span class='ocrx_word' id='word_1_514' title='bbox 1807 1774 1866 1812; x_wconf 80' lang='lat' dir='ltr'>liic</span> <span class='ocrx_word' id='word_1_515' title='bbox 1899 1774 1946 1810; x_wconf 83' lang='lat' dir='ltr'>ita</span> <span class='ocrx_word' id='word_1_516' title='bbox 1968 1772 2166 1822; x_wconf 87' lang='lat' dir='ltr'>legendum</span> <span class='ocrx_word' id='word_1_517' title='bbox 2190 1781 2365 1810; x_wconf 84' lang='lat' dir='ltr'>autumat.</span> <span class='ocrx_word' id='word_1_518' title='bbox 2421 1775 2474 1814; x_wconf 83' lang='lat' dir='ltr'>At</span> 
     </span>
     <span class='ocr_line' id='line_1_76' title="bbox 1442 1823 2477 1874; baseline 0.003 -13"><span class='ocrx_word' id='word_1_519' title='bbox 1442 1824 1577 1862; x_wconf 83' lang='lat' dir='ltr'>Plinius</span> <span class='ocrx_word' id='word_1_520' title='bbox 1608 1834 1734 1863; x_wconf 83' lang='lat' dir='ltr'>tamen</span> <span class='ocrx_word' id='word_1_521' title='bbox 1767 1827 1907 1874; x_wconf 88' lang='lat' dir='ltr'>integer</span> <span class='ocrx_word' id='word_1_522' title='bbox 1942 1825 2096 1862; x_wconf 89' lang='lat' dir='ltr'>minime</span> <span class='ocrx_word' id='word_1_523' title='bbox 2131 1826 2204 1863; x_wconf 79' lang='lat' dir='ltr'>erit·</span> <span class='ocrx_word' id='word_1_524' title='bbox 2226 1835 2267 1861; x_wconf 86' lang='lat' dir='ltr'>ea</span> <span class='ocrx_word' id='word_1_525' title='bbox 2289 1823 2477 1873; x_wconf 62' lang='lat' dir='ltr'>lectione,</span> 
     </span>
     <span class='ocr_line' id='line_1_77' title="bbox 1445 1873 2476 1925; baseline 0.003 -12"><span class='ocrx_word' id='word_1_526' title='bbox 1445 1887 1541 1925; x_wconf 84' lang='lat' dir='ltr'>quae</span> <span class='ocrx_word' id='word_1_527' title='bbox 1561 1875 1712 1924; x_wconf 86' lang='lat' dir='ltr'>quidem</span> <span class='ocrx_word' id='word_1_528' title='bbox 1738 1876 1918 1915; x_wconf 83' lang='lat' dir='ltr'>veriffima</span> <span class='ocrx_word' id='word_1_529' title='bbox 1941 1875 1989 1914; x_wconf 91' lang='lat' dir='ltr'>est</span> <span class='ocrx_word' id='word_1_530' title='bbox 2014 1903 2025 1920; x_wconf 93' lang='lat'>,</span> <span class='ocrx_word' id='word_1_531' title='bbox 2052 1884 2196 1923; x_wconf 79' lang='lat' dir='ltr'>recepta</span> <span class='ocrx_word' id='word_1_532' title='bbox 2219 1903 2230 1919; x_wconf 93' lang='lat'>,</span> <span class='ocrx_word' id='word_1_533' title='bbox 2268 1873 2332 1912; x_wconf 86' lang='lat' dir='ltr'>nifi</span> <span class='ocrx_word' id='word_1_534' title='bbox 2354 1877 2476 1916; x_wconf 87' lang='lat' dir='ltr'>nobis-</span> 
     </span>
     <span class='ocr_line' id='line_1_78' title="bbox 1447 1925 2475 1976; baseline 0.004 -14"><span class='ocrx_word' id='word_1_535' title='bbox 1447 1937 1532 1964; x_wconf 88' lang='lat' dir='ltr'>cum</span> <span class='ocrx_word' id='word_1_536' title='bbox 1557 1928 1675 1976; x_wconf 82' lang='lat' dir='ltr'>legas:</span> <span class='ocrx_word' id='word_1_537' title='bbox 1706 1928 1799 1965; x_wconf 77' lang='lat' dir='ltr'>dixit</span> <span class='ocrx_word' id='word_1_538' title='bbox 1824 1928 1929 1965; x_wconf 83' lang='lat' dir='ltr'>donec</span> <span class='ocrx_word' id='word_1_539' title='bbox 1952 1927 2002 1963; x_wconf 86' lang='lat' dir='ltr'>ad</span> <span class='ocrx_word' id='word_1_540' title='bbox 2016 1925 2219 1976; x_wconf 74' lang='lat' dir='ltr'>supplicium</span> <span class='ocrx_word' id='word_1_541' title='bbox 2245 1953 2255 1967; x_wconf 79' lang='lat'><em>‚</em></span> <span class='ocrx_word' id='word_1_542' title='bbox 2295 1927 2402 1974; x_wconf 84' lang='lat' dir='ltr'>nescio</span> <span class='ocrx_word' id='word_1_543' title='bbox 2425 1940 2475 1966; x_wconf 76' lang='lat' dir='ltr'>an</span> 
     </span>
     <span class='ocr_line' id='line_1_79' title="bbox 1445 1975 2476 2028; baseline 0.003 -16"><span class='ocrx_word' id='word_1_544' title='bbox 1445 1990 1595 2023; x_wconf 82' lang='lat' dir='ltr'>nocens,</span> <span class='ocrx_word' id='word_1_545' title='bbox 1647 1991 1735 2016; x_wconf 86' lang='lat' dir='ltr'>certe</span> <span class='ocrx_word' id='word_1_546' title='bbox 1769 1991 1947 2028; x_wconf 57' lang='lat' dir='ltr'>tanquam</span> <span class='ocrx_word' id='word_1_547' title='bbox 1981 1979 2139 2015; x_wconf 81' lang='lat' dir='ltr'>innocens</span> <span class='ocrx_word' id='word_1_548' title='bbox 2175 1978 2282 2015; x_wconf 63' lang='lat' dir='ltr'>dueta</span> <span class='ocrx_word' id='word_1_549' title='bbox 2312 1975 2367 2023; x_wconf 85' lang='lat' dir='ltr'>est.</span> <span class='ocrx_word' id='word_1_550' title='bbox 2421 1979 2476 2019; x_wconf 86' lang='lat' dir='ltr'>Ita</span> 
     </span>
     <span class='ocr_line' id='line_1_80' title="bbox 1443 2028 2474 2079; baseline 0.004 -14"><span class='ocrx_word' id='word_1_551' title='bbox 1443 2028 1590 2068; x_wconf 85' lang='lat' dir='ltr'>habebis</span> <span class='ocrx_word' id='word_1_552' title='bbox 1616 2040 1743 2067; x_wconf 82' lang='lat' dir='ltr'>veram</span> <span class='ocrx_word' id='word_1_553' title='bbox 1778 2030 1994 2068; x_wconf 51' lang='grc' dir='ltr'>Γςηῑειιῑαω</span> <span class='ocrx_word' id='word_1_554' title='bbox 2055 2029 2182 2077; x_wconf 83' lang='lat' dir='ltr'>Quam</span> <span class='ocrx_word' id='word_1_555' title='bbox 2208 2057 2218 2073; x_wconf 87' lang='lat'>,</span> <span class='ocrx_word' id='word_1_556' title='bbox 2258 2040 2336 2078; x_wconf 86' lang='lat' dir='ltr'>quo</span> <span class='ocrx_word' id='word_1_557' title='bbox 2361 2032 2474 2079; x_wconf 80' lang='lat' dir='ltr'>magis</span> 
     </span>
     <span class='ocr_line' id='line_1_81' title="bbox 1444 2079 2472 2131; baseline 0.003 -15"><span class='ocrx_word' id='word_1_558' title='bbox 1444 2081 1628 2128; x_wconf 82' lang='lat' dir='ltr'>expendes</span> <span class='ocrx_word' id='word_1_559' title='bbox 1642 2109 1652 2124; x_wconf 93' lang='lat'>,</span> <span class='ocrx_word' id='word_1_560' title='bbox 1666 2093 1712 2119; x_wconf 89' lang='lat' dir='ltr'>eo</span> <span class='ocrx_word' id='word_1_561' title='bbox 1724 2082 1838 2129; x_wconf 78' lang='lat' dir='ltr'>inagis</span> <span class='ocrx_word' id='word_1_562' title='bbox 1850 2081 2027 2130; x_wconf 80' lang='lat' dir='ltr'>probabis.</span> <span class='ocrx_word' id='word_1_563' title='bbox 2056 2079 2098 2116; x_wconf 90' lang='lat' dir='ltr'>In</span> <span class='ocrx_word' id='word_1_564' title='bbox 2113 2079 2362 2128; x_wconf 78' lang='lat' dir='ltr'>Manuscripto</span> <span class='ocrx_word' id='word_1_565' title='bbox 2375 2109 2384 2124; x_wconf 88' lang='lat'>‚</span> <span class='ocrx_word' id='word_1_566' title='bbox 2397 2091 2472 2131; x_wconf 90' lang='lat' dir='ltr'>quo</span> 
     </span>
     <span class='ocr_line' id='line_1_82' title="bbox 1446 2130 2469 2180; baseline 0.003 -13"><span class='ocrx_word' id='word_1_567' title='bbox 1446 2142 1514 2169; x_wconf 80' lang='lat' dir='ltr'>nos</span> <span class='ocrx_word' id='word_1_568' title='bbox 1536 2133 1673 2169; x_wconf 87' lang='lat' dir='ltr'>utimur</span> <span class='ocrx_word' id='word_1_569' title='bbox 1689 2161 1699 2176; x_wconf 95' lang='lat'>,</span> <span class='ocrx_word' id='word_1_570' title='bbox 1725 2132 1881 2169; x_wconf 85' lang='lat' dir='ltr'>hocloci</span> <span class='ocrx_word' id='word_1_571' title='bbox 1897 2134 1975 2180; x_wconf 73' lang='lat' dir='ltr'>opis</span> <span class='ocrx_word' id='word_1_572' title='bbox 1987 2130 2135 2169; x_wconf 81' lang='lat' dir='ltr'>niliilest</span> <span class='ocrx_word' id='word_1_573' title='bbox 2148 2131 2298 2179; x_wconf 85' lang='lat' dir='ltr'>prorsus.</span> <span class='ocrx_word' id='word_1_574' title='bbox 2323 2132 2469 2172; x_wconf 62' lang='grc' dir='ltr'><strong>ΒΑΚ-ΓΗ.</strong></span> 
     </span>
     <span class='ocr_line' id='line_1_83' title="bbox 1447 2181 2469 2232; baseline -0.005 -12"><span class='ocrx_word' id='word_1_575' title='bbox 1447 2181 1658 2221; x_wconf 85' lang='lat' dir='ltr'>Diutissime</span> <span class='ocrx_word' id='word_1_576' title='bbox 1677 2184 1761 2221; x_wconf 84' lang='lat' dir='ltr'>licet</span> <span class='ocrx_word' id='word_1_577' title='bbox 1781 2183 1965 2232; x_wconf 78' lang='lat' dir='ltr'>expendas</span> <span class='ocrx_word' id='word_1_578' title='bbox 1989 2212 2000 2227; x_wconf 88' lang='lat'>‚</span> <span class='ocrx_word' id='word_1_579' title='bbox 2031 2181 2166 2219; x_wconf 77' lang='lat' dir='ltr'>favebis</span> <span class='ocrx_word' id='word_1_580' title='bbox 2187 2191 2313 2219; x_wconf 85' lang='lat' dir='ltr'>tamen</span> <span class='ocrx_word' id='word_1_581' title='bbox 2340 2184 2469 2232; x_wconf 69' lang='lat' dir='ltr'>Vulga-</span> 
     </span>
     <span class='ocr_line' id='line_1_84' title="bbox 1445 2231 2470 2284; baseline 0.002 -14"><span class='ocrx_word' id='word_1_582' title='bbox 1445 2241 1529 2278; x_wconf 87' lang='lat' dir='ltr'>tae,</span> <span class='ocrx_word' id='word_1_583' title='bbox 1558 2246 1652 2283; x_wconf 85' lang='lat' dir='ltr'>quae</span> <span class='ocrx_word' id='word_1_584' title='bbox 1676 2236 1712 2272; x_wconf 89' lang='lat' dir='ltr'>in</span> <span class='ocrx_word' id='word_1_585' title='bbox 1736 2234 1908 2272; x_wconf 73' lang='lat' dir='ltr'>omnibus</span> <span class='ocrx_word' id='word_1_586' title='bbox 1942 2231 2062 2271; x_wconf 90' lang='lat' dir='ltr'>Codd.</span> <span class='ocrx_word' id='word_1_587' title='bbox 2092 2241 2283 2281; x_wconf 82' lang='lat' dir='ltr'>comparet</span> <span class='ocrx_word' id='word_1_588' title='bbox 2306 2262 2317 2279; x_wconf 91' lang='lat'>,</span> <span class='ocrx_word' id='word_1_589' title='bbox 2345 2234 2470 2284; x_wconf 66' lang='lat' dir='ltr'>nescio,</span> 
     </span>
     <span class='ocr_line' id='line_1_85' title="bbox 1444 2283 2469 2334; baseline -0.001 -14"><span class='ocrx_word' id='word_1_590' title='bbox 1444 2297 1494 2320; x_wconf 80' lang='lat' dir='ltr'>an</span> <span class='ocrx_word' id='word_1_591' title='bbox 1516 2286 1690 2322; x_wconf 82' lang='lat' dir='ltr'>innocens.</span> <span class='ocrx_word' id='word_1_592' title='bbox 1744 2285 1833 2321; x_wconf 88' lang='lat' dir='ltr'>Vim</span> <span class='ocrx_word' id='word_1_593' title='bbox 1858 2284 2028 2323; x_wconf 64' lang='lat' dir='ltr'>diciionis</span> <span class='ocrx_word' id='word_1_594' title='bbox 2060 2285 2166 2329; x_wconf 72' lang='lat' dir='ltr'>nescio</span> <span class='ocrx_word' id='word_1_595' title='bbox 2197 2297 2246 2320; x_wconf 84' lang='lat' dir='ltr'>an</span> <span class='ocrx_word' id='word_1_596' title='bbox 2284 2283 2469 2334; x_wconf 77' lang='lat' dir='ltr'>reputasset</span> 
     </span>
     <span class='ocr_line' id='line_1_86' title="bbox 1447 2329 2464 2385; baseline 0 -13"><span class='ocrx_word' id='word_1_597' title='bbox 1447 2337 1502 2374; x_wconf 87' lang='lat' dir='ltr'>vit</span> <span class='ocrx_word' id='word_1_598' title='bbox 1520 2335 1746 2374; x_wconf 61' lang='lat' dir='ltr'>doctissimus</span> <span class='ocrx_word' id='word_1_599' title='bbox 1763 2363 1773 2380; x_wconf 93' lang='lat'>‚</span> <span class='ocrx_word' id='word_1_600' title='bbox 1794 2347 1889 2384; x_wconf 82' lang='lat' dir='ltr'>quae</span> <span class='ocrx_word' id='word_1_601' title='bbox 1903 2335 2171 2373; x_wconf 79' lang='lat' dir='ltr'>dubitationem</span> <span class='ocrx_word' id='word_1_602' title='bbox 2200 2334 2350 2384; x_wconf 86' lang='lat' dir='ltr'>quidem</span> <span class='ocrx_word' id='word_1_603' title='bbox 2372 2361 2382 2377; x_wconf 90' lang='lat'>,</span> <span class='ocrx_word' id='word_1_604' title='bbox 2407 2329 2464 2385; x_wconf 66' lang='lat' dir='ltr'>fef!</span> 
     </span>
     <span class='ocr_line' id='line_1_87' title="bbox 1448 2382 2465 2436; baseline -0.006 -12"><span class='ocrx_word' id='word_1_605' title='bbox 1448 2386 1859 2426; x_wconf 75' lang='lat' dir='ltr'>utadadiiiniaiionem</span> <span class='ocrx_word' id='word_1_606' title='bbox 1874 2388 2021 2424; x_wconf 82' lang='lat' dir='ltr'>inclines</span> <span class='ocrx_word' id='word_1_607' title='bbox 2041 2415 2050 2431; x_wconf 93' lang='lat'>,</span> <span class='ocrx_word' id='word_1_608' title='bbox 2079 2394 2206 2424; x_wconf 85' lang='lat' dir='ltr'>notare</span> <span class='ocrx_word' id='word_1_609' title='bbox 2219 2385 2307 2422; x_wconf 86' lang='lat' dir='ltr'>solet</span> <span class='ocrx_word' id='word_1_610' title='bbox 2326 2410 2336 2426; x_wconf 89' lang='lat'><strong><em>‚</em></strong></span> <span class='ocrx_word' id='word_1_611' title='bbox 2363 2382 2465 2436; x_wconf 62' lang='lat' dir='ltr'>&amp;yi-</span> 
     </span>
     <span class='ocr_line' id='line_1_88' title="bbox 1447 2429 2464 2488; baseline -0.005 -14"><span class='ocrx_word' id='word_1_612' title='bbox 1447 2437 1573 2483; x_wconf 77' lang='lat' dir='ltr'>differ,</span> <span class='ocrx_word' id='word_1_613' title='bbox 1601 2449 1713 2488; x_wconf 84' lang='lat' dir='ltr'>quam</span> <span class='ocrx_word' id='word_1_614' title='bbox 1735 2438 1982 2476; x_wconf 84' lang='lat' dir='ltr'>inhumanum</span> <span class='ocrx_word' id='word_1_615' title='bbox 2006 2438 2064 2474; x_wconf 77' lang='lat' dir='ltr'>sua</span> <span class='ocrx_word' id='word_1_616' title='bbox 2089 2435 2343 2485; x_wconf 79' lang='lat' dir='ltr'>emendatione</span> <span class='ocrx_word' id='word_1_617' title='bbox 2361 2429 2464 2468; x_wconf 73' lang='lat' dir='ltr'>Faciat</span> 
     </span>
     <span class='ocr_line' id='line_1_89' title="bbox 1446 2479 2468 2539; baseline -0.005 -12"><span class='ocrx_word' id='word_1_618' title='bbox 1446 2489 1669 2527; x_wconf 87' lang='lat' dir='ltr'>Secundum.</span> <span class='ocrx_word' id='word_1_619' title='bbox 1708 2489 1862 2536; x_wconf 84' lang='lat' dir='ltr'>Egiinus</span> <span class='ocrx_word' id='word_1_620' title='bbox 1893 2490 1985 2526; x_wconf 63' lang='lat' dir='ltr'>olim</span> <span class='ocrx_word' id='word_1_621' title='bbox 2021 2488 2065 2526; x_wconf 82' lang='lat' dir='ltr'>de</span> <span class='ocrx_word' id='word_1_622' title='bbox 2083 2489 2152 2525; x_wconf 82' lang='lat' dir='ltr'>hac</span> <span class='ocrx_word' id='word_1_623' title='bbox 2173 2497 2209 2522; x_wconf 89' lang='lat' dir='ltr'>re</span> <span class='ocrx_word' id='word_1_624' title='bbox 2231 2480 2274 2517; x_wconf 77' lang='lat' dir='ltr'>ad</span> <span class='ocrx_word' id='word_1_625' title='bbox 2299 2479 2468 2539; x_wconf 62' lang='lat' dir='ltr'>(3¹0er-</span> 
     </span>
     <span class='ocr_line' id='line_1_90' title="bbox 1445 2527 2465 2590; baseline -0.009 -13"><span class='ocrx_word' id='word_1_626' title='bbox 1445 2539 1548 2578; x_wconf 75' lang='lat' dir='ltr'>Fam.</span> <span class='ocrx_word' id='word_1_627' title='bbox 1572 2540 1680 2590; x_wconf 75' lang='lat' dir='ltr'>Epist.</span> <span class='ocrx_word' id='word_1_628' title='bbox 1707 2540 1796 2577; x_wconf 80' lang='lat' dir='ltr'>vii.</span> <span class='ocrx_word' id='word_1_629' title='bbox 1820 2541 1909 2577; x_wconf 80' lang='lat' dir='ltr'>n.‘6.</span> <span class='ocrx_word' id='word_1_630' title='bbox 1934 2542 1972 2578; x_wconf 65' lang='grc' dir='ltr'>ὅ(</span> <span class='ocrx_word' id='word_1_631' title='bbox 1995 2540 2038 2576; x_wconf 66' lang='lat' dir='ltr'>aa</span> <span class='ocrx_word' id='word_1_632' title='bbox 2066 2538 2144 2590; x_wconf 67' lang='lat' dir='ltr'>Lib.</span> <span class='ocrx_word' id='word_1_633' title='bbox 2165 2531 2228 2570; x_wconf 84' lang='lat' dir='ltr'>ix.</span> <span class='ocrx_word' id='word_1_634' title='bbox 2242 2527 2465 2584; x_wconf 61' lang='lat' dir='ltr'>Epist-MV.</span> 
     </span>
     <span class='ocr_line' id='line_1_91' title="bbox 1445 2577 2463 2639; baseline -0.002 -11"><span class='ocrx_word' id='word_1_635' title='bbox 1445 2604 1480 2628; x_wconf 93' lang='lat' dir='ltr'>n.</span> <span class='ocrx_word' id='word_1_636' title='bbox 1517 2603 1574 2639; x_wconf 69' lang='grc' dir='ltr'>η.</span> <span class='ocrx_word' id='word_1_637' title='bbox 1630 2591 1785 2628; x_wconf 84' lang='lat' dir='ltr'>Monuit</span> <span class='ocrx_word' id='word_1_638' title='bbox 1817 2589 1958 2638; x_wconf 69' lang='lat' dir='ltr'>pridem</span> <span class='ocrx_word' id='word_1_639' title='bbox 2002 2589 2210 2625; x_wconf 70' lang='lat' dir='ltr'>Manutius,</span> <span class='ocrx_word' id='word_1_640' title='bbox 2240 2577 2463 2626; x_wconf 30' lang='lat' dir='ltr'>&#39;rambl’GU-S,</span> 
     </span>
     <span class='ocr_line' id='line_1_92' title="bbox 1447 2627 2465 2688; baseline -0.01 -9"><span class='ocrx_word' id='word_1_641' title='bbox 1447 2637 1615 2681; x_wconf 83' lang='lat' dir='ltr'>Vorstius</span> <span class='ocrx_word' id='word_1_642' title='bbox 1641 2656 1649 2680; x_wconf 77' lang='lat' dir='ltr'>t</span> <span class='ocrx_word' id='word_1_643' title='bbox 1679 2643 1770 2680; x_wconf 86' lang='lat' dir='ltr'>item</span> <span class='ocrx_word' id='word_1_644' title='bbox 1798 2642 1993 2688; x_wconf 72' lang='lat' dir='ltr'>Schulting.</span> <span class='ocrx_word' id='word_1_645' title='bbox 2015 2637 2058 2673; x_wconf 85' lang='lat' dir='ltr'>ad</span> <span class='ocrx_word' id='word_1_646' title='bbox 2083 2635 2204 2687; x_wconf 58' lang='grc' dir='ltr'>ξεηςΐ-</span> <span class='ocrx_word' id='word_1_647' title='bbox 2230 2627 2256 2664; x_wconf 84' lang='grc' dir='ltr'>Ῑ·</span> <span class='ocrx_word' id='word_1_648' title='bbox 2282 2628 2465 2669; x_wconf 60' lang='lat' dir='ltr'>Corin-ov,</span> 
     </span>
     <span class='ocr_line' id='line_1_93' title="bbox 1449 2678 2466 2743; baseline -0.017 -13"><span class='ocrx_word' id='word_1_649' title='bbox 1449 2694 1496 2730; x_wconf 89' lang='grc' dir='ltr'>ΙΙ.</span> <span class='ocrx_word' id='word_1_650' title='bbox 1523 2705 1602 2743; x_wconf 85' lang='lat' dir='ltr'>pag.</span> <span class='ocrx_word' id='word_1_651' title='bbox 1639 2692 1697 2731; x_wconf 85' lang='lat'>86.</span> <span class='ocrx_word' id='word_1_652' title='bbox 1729 2694 1786 2731; x_wconf 88' lang='lat' dir='ltr'>Cl.</span> <span class='ocrx_word' id='word_1_653' title='bbox 1823 2692 1984 2728; x_wconf 72' lang='lat' dir='ltr'>Duciter.</span> <span class='ocrx_word' id='word_1_654' title='bbox 2007 2685 2049 2722; x_wconf 85' lang='lat' dir='ltr'>ad</span> <span class='ocrx_word' id='word_1_655' title='bbox 2073 2682 2166 2719; x_wconf 68' lang='lat' dir='ltr'>riori</span> <span class='ocrx_word' id='word_1_656' title='bbox 2193 2679 2281 2736; x_wconf 51' lang='lat' dir='ltr'>LstT.</span> <span class='ocrx_word' id='word_1_657' title='bbox 2299 2678 2363 2734; x_wconf 77' lang='lat' dir='ltr'>lii.</span> <span class='ocrx_word' id='word_1_658' title='bbox 2388 2693 2466 2731; x_wconf 55' lang='lat' dir='ltr'>cap,</span> 
     </span>
     <span class='ocr_line' id='line_1_94' title="bbox 1446 2728 2468 2785; baseline -0.008 -6"><span class='ocrx_word' id='word_1_659' title='bbox 1446 2745 1628 2783; x_wconf 82' lang='lat' dir='ltr'>XIl.n.6.</span> <span class='ocrx_word' id='word_1_660' title='bbox 1658 2744 1832 2782; x_wconf 78' lang='lat' dir='ltr'>Hicvero</span> <span class='ocrx_word' id='word_1_661' title='bbox 1855 2737 2066 2785; x_wconf 72' lang='lat' dir='ltr'>subsequens</span> <span class='ocrx_word' id='word_1_662' title='bbox 2088 2740 2176 2782; x_wconf 67' lang='lat' dir='ltr'>ceree</span> <span class='ocrx_word' id='word_1_663' title='bbox 2199 2728 2468 2771; x_wconf 75' lang='lat' dir='ltr'>dubitationem</span> 
     </span>
     <span class='ocr_line' id='line_1_95' title="bbox 1447 2793 2439 2842; baseline -0.014 -8"><span class='ocrx_word' id='word_1_664' title='bbox 1447 2808 1603 2834; x_wconf 84' lang='lat' dir='ltr'>omnem</span> <span class='ocrx_word' id='word_1_665' title='bbox 1629 2793 1797 2832; x_wconf 81' lang='lat' dir='ltr'>excludit.</span> <span class='ocrx_word' id='word_1_666' title='bbox 2163 2830 2184 2841; x_wconf 70' lang='lat'>..</span> <span class='ocrx_word' id='word_1_667' title='bbox 2247 2831 2252 2835; x_wconf 27' lang='grc' dir='ltr'>ι</span> <span class='ocrx_word' id='word_1_668' title='bbox 2432 2835 2439 2842; x_wconf 41' lang='grc'><strong>.</strong></span> 
     </span>
    </p>

    <p class='ocr_par' dir='ltr' id='par_1_21' title="bbox 1443 2831 2471 3144">
     <span class='ocr_line' id='line_1_96' title="bbox 1498 2831 2468 2892; baseline -0.003 -20"><span class='ocrx_word' id='word_1_669' title='bbox 1498 2859 1515 2892; x_wconf 87' lang='lat'><strong>7</strong></span> <span class='ocrx_word' id='word_1_670' title='bbox 1547 2852 1649 2884; x_wconf 60' lang='lat' dir='ltr'><em>Ceru-</em></span> <span class='ocrx_word' id='word_1_671' title='bbox 1661 2853 1837 2892; x_wconf 68' lang='lat' dir='ltr'>tanquam</span> <span class='ocrx_word' id='word_1_672' title='bbox 1852 2831 2183 2880; x_wconf 62' lang='lat' dir='ltr'>nocen5.]Dcfenni</span> <span class='ocrx_word' id='word_1_673' title='bbox 2211 2831 2407 2877; x_wconf 64' lang='lat' dir='ltr'>aliqnando</span> <span class='ocrx_word' id='word_1_674' title='bbox 2429 2847 2468 2872; x_wconf 79' lang='lat' dir='ltr'>in</span> 
     </span>
     <span class='ocr_line' id='line_1_97' title="bbox 1444 2883 2469 2945; baseline -0.004 -10"><span class='ocrx_word' id='word_1_675' title='bbox 1444 2897 1698 2945; x_wconf 80' lang='lat' dir='ltr'>suspicionibus</span> <span class='ocrx_word' id='word_1_676' title='bbox 1727 2891 1816 2928; x_wconf 51' lang='lat' dir='ltr'>meis</span> <span class='ocrx_word' id='word_1_677' title='bbox 1837 2915 1848 2929; x_wconf 65' lang='lat'><em>2</em></span> <span class='ocrx_word' id='word_1_678' title='bbox 1874 2895 1959 2921; x_wconf 57' lang='lat'>60¹7?</span> <span class='ocrx_word' id='word_1_679' title='bbox 1985 2883 2336 2931; x_wconf 54' lang='lat' dir='ltr'>“²&#39;¹⁴I¹⁴‘¹&#39;⁷²i⁷⁷&#39;·0‘&#39;‘7¹5</span> <span class='ocrx_word' id='word_1_680' title='bbox 2362 2884 2469 2923; x_wconf 56' lang='lat' dir='ltr'>‘luffa</span> 
     </span>
     <span class='ocr_line' id='line_1_98' title="bbox 1443 2934 2470 2994; baseline 0.003 -24"><span class='ocrx_word' id='word_1_681' title='bbox 1443 2948 1510 2994; x_wconf 83' lang='lat' dir='ltr'>est·</span> <span class='ocrx_word' id='word_1_682' title='bbox 1544 2956 1584 2983; x_wconf 90' lang='lat' dir='ltr'>ut</span> <span class='ocrx_word' id='word_1_683' title='bbox 1615 2943 1701 2980; x_wconf 56' lang='lat' dir='ltr'>vent</span> <span class='ocrx_word' id='word_1_684' title='bbox 1734 2940 1776 2975; x_wconf 59' lang='lat'>21.</span> <span class='ocrx_word' id='word_1_685' title='bbox 1799 2935 1901 2972; x_wconf 72' lang='lat' dir='ltr'>omni</span> <span class='ocrx_word' id='word_1_686' title='bbox 1927 2934 2067 2982; x_wconf 61' lang='lat' dir='ltr'>populo</span> <span class='ocrx_word' id='word_1_687' title='bbox 2091 2936 2246 2971; x_wconf 67' lang='lat' dir='ltr'>bibitam</span> <span class='ocrx_word' id='word_1_688' title='bbox 2274 2946 2339 2977; x_wconf 71' lang='lat' dir='ltr'>pro</span> <span class='ocrx_word' id='word_1_689' title='bbox 2361 2936 2470 2973; x_wconf 85' lang='lat' dir='ltr'>inno-</span> 
     </span>
     <span class='ocr_line' id='line_1_99' title="bbox 1443 2977 2470 3037; baseline 0 -13"><span class='ocrx_word' id='word_1_690' title='bbox 1443 2977 1549 3033; x_wconf 63' lang='lat' dir='ltr'>cen&#39;te</span> <span class='ocrx_word' id='word_1_691' title='bbox 1573 3023 1584 3037; x_wconf 76' lang='lat'>‚</span> <span class='ocrx_word' id='word_1_692' title='bbox 1635 2994 1672 3029; x_wconf 66' lang='grc' dir='ltr'>ὃ(</span> <span class='ocrx_word' id='word_1_693' title='bbox 1705 2991 1741 3025; x_wconf 86' lang='lat' dir='ltr'>in</span> <span class='ocrx_word' id='word_1_694' title='bbox 1778 2986 2036 3024; x_wconf 76' lang='lat' dir='ltr'>Domitiancae</span> <span class='ocrx_word' id='word_1_695' title='bbox 2072 2986 2286 3023; x_wconf 56' lang='lat' dir='ltr'>eudoxiam-s</span> <span class='ocrx_word' id='word_1_696' title='bbox 2319 2987 2470 3033; x_wconf 84' lang='lat' dir='ltr'>gratiam</span> 
     </span>
     <span class='ocr_line' id='line_1_100' title="bbox 1445 3035 2471 3083; baseline -0.001 -8"><span class='ocrx_word' id='word_1_697' title='bbox 1445 3045 1666 3081; x_wconf 67' lang='lat' dir='ltr'>damnatam.</span> <span class='ocrx_word' id='word_1_698' title='bbox 1694 3039 1883 3075; x_wconf 62' lang='lat' dir='ltr'>Gaui-izit.</span> <span class='ocrx_word' id='word_1_699' title='bbox 1913 3035 2000 3071; x_wconf 70' lang='lat' dir='ltr'>Non</span> <span class='ocrx_word' id='word_1_700' title='bbox 2026 3037 2177 3083; x_wconf 69' lang='lat' dir='ltr'>amplius</span> <span class='ocrx_word' id='word_1_701' title='bbox 2200 3035 2471 3074; x_wconf 57' lang='lat' dir='ltr'>deliverandum</span> 
     </span>
     <span class='ocr_line' id='line_1_101' title="bbox 1445 3088 2470 3144; baseline -0.009 -12"><span class='ocrx_word' id='word_1_702' title='bbox 1445 3094 1491 3134; x_wconf 84' lang='lat' dir='ltr'>de</span> <span class='ocrx_word' id='word_1_703' title='bbox 1533 3094 1686 3133; x_wconf 81' lang='lat' dir='ltr'>veritate</span> <span class='ocrx_word' id='word_1_704' title='bbox 1720 3088 2112 3142; x_wconf 58' lang='lat' dir='ltr'>lectioiiis&#39;tamquam</span> <span class='ocrx_word' id='word_1_705' title='bbox 2147 3098 2310 3128; x_wconf 78' lang='lat' dir='ltr'>innoccns</span> <span class='ocrx_word' id='word_1_706' title='bbox 2333 3115 2345 3134; x_wconf 93' lang='lat'>‚</span> <span class='ocrx_word' id='word_1_707' title='bbox 2385 3097 2470 3144; x_wconf 69' lang='lat' dir='ltr'>cum</span> 
     </span>
    </p>
   </div>
  </div>
 </body>
</html>
