2616 3686
503 181 1019 235 C.PL1NII
1087 179 1619 232 CAECILII
1689 183 2202 239 SECUNDI

273 263 431 315 talem
483 277 606 314 eum
651 259 896 330 judicent
945 275 1174 322 omnes,
1222 261 1434 330 qualem
1485 256 1588 313 effe
1642 258 1896 330 Princeps
1935 264 2067 319 mihi
2106 262 2373 320 credidit:

269 350 406 407 quae
460 335 609 386 causa
659 331 694 385 fi
745 332 975 385 studium
1012 348 1193 387 meum
1231 348 1341 385 non
1381 331 1657 393 incitaret,
1694 330 1938 402 adjutum
1975 348 2154 391 tamen
2207 354 2373 406 cupe-

272 424 387 461 rem
421 403 676 475 juvenem
711 403 1110 474 probissimum,
1151 401 1547 474 gravissimum,
1585 402 2001 459 eruditissimum
2028 445 2045 470 ,
2093 410 2239 463 omni
2279 409 2377 464 de..

275 482 436 549 nique
475 477 631 532 laude
672 476 1072 546 dignissimum,
1114 477 1166 528 &
1203 475 1426 545 quidem
1467 493 1592 529 cum
1633 490 1746 530 tota
1785 477 1969 532 domo,
2048 477 2186 532 Nam
2223 494 2375 552 pater

269 552 317 604 ei
356 550 620 606 ¹Erucius
648 549 861 610 Clarus,
901 551 980 601 vir
1004 547 1205 601 sanftus
1238 584 1254 609 ‚
1289 547 1304 565 ²
1331 549 1606 619 antiunS,
1646 548 1901 613 disertuS,
1940 562 2101 620 atque
2123 551 2177 604 in
2219 569 2378 623 agen-

271 623 353 678 dis
379 622 541 678 causis
569 623 890 675 exercitatus
919 637 1050 691 quas
1087 613 1287 674 summa
1311 617 1450 681 fide,
1490 623 1601 690 pari
1626 620 1915 676 constantia
1934 661 1948 686 ,
1988 640 2088 676 nec
2117 641 2379 678 verecun-

270 697 356 751 dia
395 697 602 750 minore
641 691 906 746 defendit.
984 691 1171 746 Habet
1205 691 1529 746 avunculum
1567 709 1581 735 ³
1622 693 1687 748 C.
1723 696 2008 765 Septitium
2033 734 2049 757 ,
2098 712 2210 767 quo
2250 695 2381 750 nihil

270 764 979 835 venus,1nhss1hnphcuffi,
1019 762 1670 826 nssfilcandkfiu5,1nhss
1706 765 1916 821 fidefius
1955 768 2099 821 novi
2176 769 2383 822 (hnnes

272 859 359 896 me
383 838 657 897 certatim,
699 838 752 890 &
785 851 961 891 tamen
988 837 1282 906 aequaliter
1308 849 1515 889 amant:
1571 837 1818 894 omnibus
1858 856 2000 893 nunc
2038 855 2141 910 ego
2179 841 2232 894 in
2273 857 2385 894 uno

272 912 475 968 referre
512 910 732 982 gratiam
768 909 991 978 possum.
1065 909 1250 978 Itaque
1285 929 1302 956 ο
1339 907 1528 979 prenso
1568 911 1767 964 amicos
1790 949 1807 974 ,
1865 911 2103 982 supplico
2131 952 2146 974 ,
2207 912 2387 967 ambio

276 986 471 1040 domos
501 1022 517 1047 ,
579 992 591 1017 ⁵
632 981 984 1052 stationesque
1035 983 1350 1036 circumeo:
1415 994 1788 1053 quantumque
1824 983 1909 1036 vel
1946 982 2260 1039 auctoritate
2300 986 2386 1040 vel

276 1059 442 1130 gratia
517 1057 714 1109 valeam
741 1093 756 1118 ,
842 1054 1091 1126 precibus
1126 1055 1395 1123 experior.
1471 1053 1561 1107 Te
1602 1071 1822 1126 quoque
1871 1053 2136 1120 obsecro,
2173 1072 2231 1112 ut
2294 1058 2387 1112 ali·

275 1147 438 1203 quam
463 1120 480 1144 ⁶
507 1127 685 1183 oneris
713 1129 821 1182 mei
846 1142 1053 1201 partem
1095 1125 1356 1198 suscipere
1394 1127 1527 1182 tanti
1566 1141 1735 1199 putes.
1812 1126 2066 1185 Reddam
2103 1131 2276 1185 vicem
2302 1169 2317 1194 ,
2353 1129 2391 1184 fi

2230 1219 2389 1274 repo-

275 202 364 236 120

325 1311 340 1339 1
374 1300 534 1338 Eut-irim
580 1294 754 1346 clarus]
783 1294 867 1334 Fuit
912 1290 1119 1344 praefeehis
1167 1294 1288 1342 urbis,

1090 1346 1093 1349 Ι
1415 1302 1516 1336 Ante
1539 1297 1649 1337 oculos
1670 1296 1786 1335 veniet
1810 1308 1896 1336 vera
1920 1294 2038 1345 puella
2061 1306 2150 1334 tuos.

272 1363 424 1389 morum
472 1352 750 1396 litterarumque
796 1356 967 1385 veterum
1005 1342 1288 1385 studioslffimus.

274 1404 413 1442 Genius
442 1403 522 1439 Lib.
547 1401 616 1436 VI.
639 1408 718 1447 cap.
745 1398 815 1434 VI.
845 1399 1000 1435 CA'rAN.
1030 1401 1129 1431 Nam
1146 1406 1247 1445 pater
1262 1400 1289 1436 ei

271 1455 418 1491 Erucius
441 1453 572 1489 Clarus
587 1479 596 1495 ,
624 1448 671 1486 fic
685 1450 723 1486 &
746 1447 938 1486 Medic-eus
955 1476 964 1492 ‚
990 1449 1028 1485 ἓξ
1041 1446 1168 1496 reliqui
1181 1447 1291 1489 nostri

273 1504 381 1542 MSS.
432 1514 472 1541 ut
521 1502 578 1539 alii
617 1500 713 1538 male
747 1499 908 1536 Euritius
945 1498 1165 1548 scripserint,
1194 1501 1291 1538 male

271 1556 404 1594 clarus
434 1554 620 1593 omiserint
642 1581 652 1597 ‚
690 1557 752 1587 aut
789 1551 904 1587 clarus
926 1550 986 1587 vir
1009 1550 1292 1596 coniunxerint,

273 1608 371 1644 male
397 1606 556 1656 denique
578 1604 607 1641 ei
628 1605 663 1641 in
684 1602 754 1639 eius
775 1602 1022 1638 mutaverint:
1055 1611 1144 1637 nam
1168 1601 1292 1640 &hoc

271 1659 300 1694 ei
324 1657 436 1695 exstat
456 1658 493 1694 in
517 1654 692 1693 Mediceo
707 1680 717 1696 ,
745 1650 848 1689 Voss‘.
874 1652 1073 1689 Lindcnbr.
1097 1654 1293 1690 &amanti

270 1708 428 1746 secunda
451 1709 488 1745 in
519 1706 632 1743 Arnz.
661 1706 774 1752 Supra
796 1702 906 1752 Epist.
931 1703 1020 1740 VII.
1052 1713 1088 1738 n.
1120 1715 1154 1749 4.
1195 1707 1292 1739 Nam

272 1770 382 1796 tanta
417 1760 451 1797 ei
474 1757 652 1807 sanctitas
677 1784 687 1800 ,
721 1755 916 1803 gravitas,
942 1754 1137 1790 auctoritas
1160 1752 1292 1799 etiam,

272 1821 312 1846 ut
335 1808 432 1860 posset
448 1810 546 1859 senes
570 1807 647 1846 illos
665 1817 854 1856 provocare
875 1806 1022 1841 virtute.
1076 1803 1173 1841 Infra
1188 1804 1293 1854 Epist.

270 1860 336 1898 XI.
362 1873 397 1898 n.
425 1872 478 1898 11.
508 1859 731 1908 Imaginare,
760 1868 848 1905 quae
869 1854 1059 1902 sollicitudo
1082 1855 1210 1899 nobis,
1237 1859 1297 1907 qui

271 1922 386 1949 metus
401 1941 411 1958 ,
440 1910 565 1961 quibus
589 1918 658 1947 cet.
714 1906 822 1957 Epist.
846 1905 949 1944 XIII.
971 1917 1005 1943 n.
1041 1918 1074 1956 3.
1126 1911 1235 1943 Pater
1255 1911 1296 1948 ,ei

273 1963 311 2001 in
333 1962 475 2012 equestri
491 1962 610 2012 gradu
632 1960 748 1997 clarus
774 1987 785 2001 ,
820 1958 946 1995 clarior
970 1957 1117 1996 vitricus
1141 1987 1151 2003 ‚
1188 1958 1295 1997 immo

296 2024 376 2050 ater
398 2013 502 2051 alius.
555 2011 604 2049 Et
625 2010 673 2048 fic
695 2009 830 2048 Noster
853 2009 998 2058 saepius.
1031 2009 1125 2047 adde
1159 2009 1239 2048 Lib.
1269 2011 1295 2048 Ι.

291 2063 383 2112 “ρί1ἐ.
417 2063 520 2101 XVI.
554 2075 590 2101 n.
625 2074 654 2110 5.
680 2063 718 2100 δε
739 2068 870 2097 notam
891 2059 938 2096 ad
961 2059 1093 2098 Sallust.
1117 2059 1194 2106 Iug.
1218 2072 1294 2111 cap.

273 2115 361 2151 VII.
395 2127 429 2152 n.
460 2128 493 2161 4.
546 2112 619 2162 Q}
641 2123 719 2149 tum
744 2112 921 2148 Romanis
945 2110 1156 2160 imperator,
1185 2118 1295 2162 atque

272 2166 318 2205 ad
339 2166 482 2204 Lucani
504 2165 586 2203 Lib.
608 2163 694 2200 VII.
718 2173 769 2200 vs.
794 2173 825 2207 7.
855 2162 1008 2198 Come.

321 2229 342 2253 2
373 2214 600 2266 Antiquus.]
632 2214 818 2263 Antiquae
840 2213 1051 2259 integritatis
1075 2241 1084 2257 ‚
1114 2221 1176 2251 aut
1197 2214 1297 2251 ami-

272 2269 346 2320 quis
360 2268 508 2319 fimitis,
536 2276 576 2305 ut
596 2265 762 2316 quuitur
787 2263 866 2303 Lib.
890 2262 979 2300 VII.
994 2261 1102 2312 Epist.
1117 2263 1294 2303 XXXIII.

273 2333 309 2358 n.
364 2351 371 2358 .

327 2333 360 2421 39
377 2376 418 2408 C.
451 2367 670 2420 seminum]
712 2367 906 2416 Septitiurn
943 2364 1169 2415 (Clarumz)
1196 2366 1297 2415 cujus

273 2421 427 2461 confilio
451 2421 613 2471 epistolas
636 2418 842 2469 publicavit.
871 2418 903 2455 C
917 2430 938 2454 Α
954 2431 976 2455 ⁷r
994 2430 1015 2453 A
1029 2429 1066 2455 N.
1104 2416 1193 2455 Vid.
1216 2419 1297 2456 Lib.

325 2538 348 2571 4
370 2486 452 2573 {Luc
477 2523 566 2561 nihil
585 2519 741 2569 verius]
773 2520 864 2557 Non
886 2519 930 2557 ad
956 2522 1190 2558 veracitatem
1205 2523 1270 2560 viri
1285 2551 1295 2567 ,

274 2587 369 2626 quac
392 2574 585 2613 mendacio
610 2575 834 2622 opponitur,
860 2572 933 2609 hoc
956 2573 1135 2620 pertinet,
1163 2580 1203 2609 ut
1217 2573 1297 2611 Lib.

277 2627 343 2665 lx,
366 2625 474 2676 Epist.
499 2625 621 2662 XXV.
644 2636 676 2661 n.
702 2636 733 2660 z.
789 2622 910 2658 Virum
934 2620 1145 2669 veriffimum
1175 2623 1299 2661 lauda-

277 2680 351 2722 vit;
381 2677 439 2716 scd
461 2676 507 2714 ad
541 2675 793 2712 sinceritatem.
847 2675 905 2711 Sic
939 2674 1072 2710 Cicero
1104 2688 1232 2712 verum
1261 2677 1301 2713 &

271 2729 442 2778 fincerum
466 2727 653 2775 coniungit
667 2741 676 2768 ;
706 2724 753 2762 sic
775 2725 834 2762 aiii
856 2738 982 2762 verum
1008 2726 1046 2762 ὃς
1070 2725 1156 2763 falso
1180 2726 1219 2763 &
1243 2726 1300 2763 fu-

279 2788 362 2815 cato
387 2787 592 2826 opponunt.
648 2777 727 2814 Lib.
752 2776 818 2813 III.
845 2774 950 2825 Epist.
976 2774 1041 2812 XI.
1064 2788 1099 2813 n.
1121 2775 1155 2813 6.
1197 2782 1297 2814 Nam

278 2842 321 2866 ex
346 2829 500 2865 omnibus
515 2856 525 2871 ,
552 2828 610 2877 qui
633 2827 774 2877 nuncse
795 2826 1003 2877 philosophos
1027 2838 1159 2865 vocant
1184 2855 1194 2871 ‚
1231 2829 1298 2865 vix

279 2892 390 2916 unum
410 2889 473 2913 aut
497 2878 652 2914 alterum
673 2878 826 2915 invenies
839 2888 948 2914 tanta
962 2876 1163 2916 finceritate
1177 2906 1187 2923 ‚
1217 2890 1300 2916 tan-

280 2939 321 2965 ta
343 2929 493 2965 veritate
509 2954 519 2970 ‚
548 2927 649 2975 quod
672 2929 766 2963 male
790 2937 905 2965 mutat
930 2928 1082 2967 Modius
1097 2958 1107 2974 ,
1135 2938 1175 2966 ut
1189 2931 1234 2968 ibi
1249 2930 1302 2967 di-

282 2981 408 3016 cimus.
439 2977 490 3013 Ita
516 2978 595 3014 Lib.
622 2976 689 3012 IV.
714 2977 821 3024 Epist.
848 2977 968 3013 XXII.
991 2990 1025 3014 n.
1053 2991 1085 3026 3.
1122 2982 1201 3028 Qo
1226 2980 1303 3017 viro

283 3027 523 3076 nihiifirmius
540 3055 549 3071 ‚
579 3025 666 3081 oihil
682 3028 814 3082 verius.
845 3027 924 3062 Lib.
946 3026 1015 3063 VI.
1029 3022 1306 3080 Nosterfimpli-

284 3082 430 3117 citatem
455 3079 492 3116 ὃ(
515 3087 708 3113 veritatem
733 3078 932 3123 coniungit.
987 3077 1090 3125 Lege
1114 3081 1191 3121 Cel,
1214 3082 1306 3122 Bur-

288 3141 415 3169 mann.
438 3128 481 3167 ad
507 3127 622 3167 Ovid.
649 3127 676 3168 I.
706 3127 783 3168 Art.
809 3127 895 3166 Am.
920 3138 969 3165 vs.
992 3129 1050 3166 62..

1364 1400 1425 1440 De
1458 1401 1576 1439 modo
1603 1399 1785 1450 loquendi
1817 1400 1908 1439 olim
1941 1399 2122 1449 quaedam
2146 1395 2388 1447 produximus

1365 1450 1411 1487 ad
1435 1452 1510 1489 Cic.
1535 1451 1602 1489 IV.
1625 1450 1728 1488 Fam.
1751 1450 1859 1500 Epist.
1884 1450 1950 1488 IV.
1975 1462 2000 1487 n
2022 1451 2055 1487 6.
2109 1456 2181 1486 Nec
2194 1448 2230 1484 id
2244 1447 2385 1484 vifforis

1367 1501 1457 1538 vitio
1473 1530 1483 1546 ,
1510 1516 1575 1552 quo
1596 1503 1686 1540 nihil
1707 1501 1931 1539 moderanus
1946 1528 1956 1545 ,
1985 1503 2023 1540 δε
2046 1500 2095 1538 fic
2119 1498 2252 1538 Noster
2267 1499 2347 1536 Lib.
2362 1497 2389 1536 I.

1368 1551 1477 1600 Epist.
1512 1552 1633 1590 XXII.
1665 1564 1701 1590 n.
1737 1564 1767 1589 1.
1821 1551 1923 1590 Nihil
1955 1551 1999 1598 est·
2019 1553 2114 1590 enim
2138 1551 2201 1589 illo
2223 1550 2391 1597 gravius,

1361 1603 1524 1652 sanctius
1540 1633 1550 1649 ,
1575 1604 1724 1641 doetius.

1425 1667 1441 1702 ς
1472 1653 1643 1704 Prenso.]
1685 1655 1742 1691 Sic
1765 1653 1891 1693 diserte
1915 1653 2029 1692 editio
2050 1652 2234 1703 antiquior
2259 1652 2297 1689 &
2317 1650 2390 1688 Pal.

1370 1703 1444 1742 five
1486 1705 1661 1755 prehenso.
1716 1705 1807 1742 Non
1844 1714 1884 1744 ut
1922 1714 2019 1744 retro
2057 1705 2192 1753 vulgati
2218 1731 2228 1748 ‚
2247 1702 2391 1752 prendo.

1371 1756 1561 1794 GRUTER.
1588 1756 1726 1794 Prendo
1747 1756 1857 1794 habet
1880 1752 2311 1802 Lindenbr.&B0ngars.
2325 1764 2392 1801 pro

1371 1817 1448 1854 quo
1481 1808 1611 1845 Oxon.
1645 1809 1684 1846 ὃς
1719 1807 1832 1844 Arnz.
1860 1806 2067 1859 prebendo;
2099 1803 2300 1843 Hejmstad.
2315 1812 2394 1854 pre-

1368 1854 1470 1907 henfi,
1491 1887 1502 1903 ,
1541 1858 1644 1908 quod
1677 1860 1715 1896 δε
1748 1859 1804 1897 alii
1836 1860 1980 1898 habent.
2034 1858 2105 1896 Sed
2127 1855 2314 1906 primarius
2336 1854 2395 1893 ille

1372 1908 1563 1948 Mediceus
1581 1910 1702 1960 prenso
1716 1938 1726 1954 ‚
1754 1911 1909 1947 verbum
1932 1911 2126 1959 antiquum
2150 1909 2188 1946 &
2221 1904 2395 1944 ufitatissi-

1371 1969 1502 2005 mum,
1529 1961 1631 2012 quod
1657 1961 1760 2010 pueri
1787 1972 1832 1998 ex
1862 1961 2047 1998 Cicerone
2073 1988 2083 2005 ,
2113 1960 2226 1998 Livio
2254 1959 2293 1995 &
2320 1957 2394 1995 aliis

1370 2020 1517 2050 norunt.

1422 2062 1445 2098 6
1474 2062 1689 2113 Stationes.]
1729 2063 1806 2102 Ubi
1841 2061 2032 2102 confident
2073 2063 2170 2100 cives
2209 2059 2393 2099 fabulandi

1371 2113 1483 2152 causa.
1513 2115 1545 2152 C
1560 2128 1581 2151 A
1598 2128 1620 2152 T
1637 2128 1657 2152 A
1673 2127 1709 2152 Ν.
1726 2114 1836 2153 ‘Vide
1859 2113 2045 2152 observata
2067 2112 2114 2150 ad
2138 2112 2219 2149 Lib.
2243 2111 2394 2160 LEpist.

1370 2162 1474 2201 XIII.
1514 2166 1701 2215 Gryphius
1734 2165 1936 2214 distinguit:
1963 2164 2135 2216 supplico,
2162 2161 2304 2208 ambio,
2332 2162 2394 2200 do-

1369 2215 1709 2305 mosb'stammsqud
1729 2216 1896 2306 cirScufineff
1920 2223 2005 2304 ‚lut
2029 2216 2253 2302 εοῂειεϊὶεᾶῐίἱ
2270 2213 2394 2301 ανηίσές

1367 2277 1508 2312 amto,
1563 2279 1735 2305 uomoo
1794 2279 1902 2305 au.
1956 2277 2125 2304 umca.
2257 2276 2332 2304 .n.
2383 2291 2391 2300 .

1371 2278 1603 2365 Singulosqex
1619 2319 1752 2368 senatu
1773 2296 2005 2363 amblundoi’
2030 2279 2147 2356 &atiii
2177 2316 2268 2353 Non
2279 2323 2391 2352 nemo

1369 2379 1446 2405 uno
1470 2370 1585 2408 verbo
1611 2378 1805 2408 contentus
1828 2378 1924 2409 erat:
1953 2369 2069 2407 ambio
2093 2370 2210 2406 domos
2232 2395 2242 2412 ‚
2269 2362 2388 2412 statio-

1372 2432 1456 2457 nes:
1488 2432 1733 2471 quantumque
1752 2430 1818 2460 cet.
1874 2421 1945 2460 Sed
1967 2429 2140 2459 neutrum
2152 2416 2272 2455 audio.
2299 2414 2387 2451 Non

1373 2469 1608 2521 Gryphium:
1638 2484 1724 2509 nam
1745 2472 1823 2511 satis
1845 2473 2045 2511 verborum
2067 2469 2179 2520 priori
2210 2461 2387 2520 vocebulo

1372 2521 1526 2568 adiecit,
1554 2523 1644 2561 dum
1670 2522 1759 2561 dixit
1777 2523 1897 2574 prenso
1913 2552 1924 2568 ‚
1942 2521 2093 2574 supplico
2114 2535 2124 2562 ;
2166 2516 2253 2554 Non
2285 2513 2385 2549 illum

1372 2573 1550 2611 alterum:
1580 2575 1664 2625 quia
1686 2573 1822 2624 saepius
1845 2575 1953 2624 plene
1975 2574 2174 2619 loquuntur
2195 2562 2385 2606 amatores,

1372 2625 1432 2662 ubi
1453 2624 1611 2674 magistri
1632 2627 1746 2664 multa
1769 2626 2008 2665 detraherent.
2055 2613 2287 2673 Sallust-'Can
2311 2621 2388 2668 Cap.

1372 2675 1458 2713 XII.
1493 2688 1528 2713 n.
1563 2677 1591 2714 I.
1647 2683 1840 2727 Paupertas
1862 2675 1988 2726 probro
2017 2669 2160 2708 haberi,
2188 2673 2389 2719 mn⁰fentm

1367 2737 1429 2777 pro
1484 2727 1738 2767 malevolentia
1775 2726 1857 2765 duci
1890 2723 2000 2773 coepit.
2038 2719 2209 2756 Luc-anus
2233 2713 2314 2751 Lib.
2338 2713 2387 2751 V.

1377 2790 1429 2816 vs.
1459 2790 1541 2825 274.

1427 2874 1498 2884 --
1548 2873 1612 2883 -...
1661 2871 1731 2882 -
1781 2849 1857 2885 iam
1878 2843 2009 2892 respice
2032 2853 2134 2878 canos

1431 2904 1685 2950 Invalidasque
1704 2910 1854 2941 manus,
1882 2905 1925 2935 σ
1942 2893 2063 2931 inanes
2083 2901 2190 2929 cerne
2212 2890 2370 2927 lacertos.

1381 2978 1591 3023 Utrobique
1612 2974 1710 3022 plura
1734 2971 1921 3008 dedimus:
1962 2979 2048 3005 nam
2074 2969 2111 3006 δε
2135 2966 2190 3004 ilia
2212 2967 2292 3003 loca
2318 2965 2397 3003 Cri·

1382 3030 1541 3066 ticorum
1565 3023 1681 3060 stilum
1706 3029 1851 3070 experta
1875 3019 1961 3057 sunt.

1435 3087 1454 3123 7
1488 3074 1621 3114 Oneris
1641 3068 1891 3125 ramponem]
1922 3070 2137 3111 Mediceus:
2167 3069 2327 3106 muneris
2339 3064 2405 3105 mn·

2242 3128 2400 3168 partem:
