2616 3686
420 157 1957 243 ‚LrssER‘xEPIsToLALxxxvnr.
2160 194 2258 261 807

130 272 435 342 lutemque‚
472 277 533 321 ut
556 279 744 335 preces
765 261 877 316 suas
902 259 971 316 ad
998 276 1052 315 te
1077 260 1371 333 perferrem
1394 302 1410 327 ,
1460 263 1534 317 fas
1563 281 1673 320 non
1700 263 1880 338 putavi
1901 285 2123 339 negare,
2166 288 2250 326 ac-

132 359 457 419 ceptumque
481 339 546 394 ab
568 339 647 392 his
666 336 904 392 libellum
923 374 938 400 ,
983 335 1108 391 huic
1134 335 1384 410 epistolae
1401 336 1576 408 junxi.

454 445 1460 563 LXXXV111.T1;AJANus
1535 487 1931 548 nmmo.

129 640 385 699 Remittit
410 637 782 709 cognitionem
805 635 1056 691 Secundo
1080 635 1459 692 intestatorum
1484 637 1759 694 bonorum
1776 683 1793 708 ‚
1832 655 1968 711 quae
1993 638 2249 698 Nicenses

222 731 474 787 tanquam
497 712 581 766 sua
605 711 981 775 vindicabant,
1024 711 1272 772 adhibeat
1300 711 1471 767 modo
1501 713 1736 768 Caesaris
1763 728 2159 787 procuratores

289 826 528 899 [censibus
545 871 562 897 ‚
605 830 691 903 qui
713 834 727 857 ¹
754 830 1104 902 intestatorum
1135 833 1327 882 civium
1340 830 1558 902 suorum
1580 829 1840 902 conceffam
1865 831 2252 886 vindicationem

0 928 8 933 ἶ
129 833 521 972 Nbonorum
555 898 586 956 a
618 905 772 974 'Divo
802 904 1033 978 Augusto
1073 903 1354 978 adfirmant
1383 943 1400 968 ,
1448 904 1637 958 debebis
1667 924 1886 970 vacare,
1927 913 1945 937 ²
1985 907 2256 962 contrac‘z‘is

128 979 347 1034 omnibus
361 977 579 1055 perfhnis
600 978 666 1032 ad
687 979 815 1033 idem
845 979 1092 1055 negotium
1108 980 1503 1052 pertinentibus,
1537 979 1781 1034 adhibitis
1810 988 1825 1016 ³
1849 980 2027 1036 Virdio
2056 981 2254 1036 Gemel-

124 1053 224 1108 lino
249 1098 266 1124 ,
307 1055 373 1116 &⁴
404 1061 423 1089 ⁴
462 1055 736 1128 Epimacho
758 1053 1061 1110 liberto‘meo
1099 1062 1130 1089 ⁵·
1141 1055 1583 1128 procuratoribus,
1625 1069 1681 1108 ut
1706 1058 1974 1128 aestimatis
1996 1059 2146 1109 etiam
2167 1061 2253 1119 iis,

128 1148 254 1204 quae
276 1129 723 1194 contradicuntur,
764 1130 895 1205 quod
929 1135 1168 1204 optimum
1192 1130 1537 1195 credideritis,
1560 1130 1827 1203 statuatis.
2103 1202 2237 1259 XF<

1926 1205 2096 1261 LXX
2186 1236 2206 1257 A
2245 1245 2256 1257 .

119 1278 273 1329 salusem
293 1281 460 1333 Principis
478 1310 488 1327 ‚
517 1291 589 1321 eye.
614 1281 685 1320 Per
702 1279 855 1317 Salutem
876 1279 1092 1329 Caesarum,
1118 1266 1154 1318 at
1220 1286 1274 1318 tas
1292 1290 1398 1324 mea,
1427 1279 1779 1330 Domine,0bligavit
1801 1295 1854 1320 me
1865 1287 1933 1318 cet.
1959 1280 2006 1317 Et
2026 1280 2103 1328 quis
2128 1278 2254 1315 omnia

129 1341 209 1368 non
225 1340 286 1381 per
303 1332 423 1371 Genios
445 1336 652 1382 Caesarum,
683 1331 810 1381 (quod
832 1332 940 1368 etiam
959 1342 1072 1380 genus
1093 1331 1158 1368 ob-

129 1380 260 1428 tinuit,
288 1391 396 1431 atque
418 1386 537 1432 exegit
557 1383 832 1432 propemodum
853 1382 1011 1429 Caligula
1035 1383 1138 1420 Tran

130 1432 242 1480 quillo
269 1434 418 1472 auetore
453 1446 532 1483 cap.
555 1433 734 1482 xxvii.)
766 1430 896 1482 juraffe
936 1432 1156 1470 Christianos

129 1493 176 1519 ex
212 1481 424 1522 Tertulliani
460 1486 653 1533 Apologet.
690 1494 766 1532 cap.
799 1482 970 1520 XXXIV.
1010 1483 1158 1521 constat.

130 1531 417 1572 Vetustiffimum
456 1533 556 1573 t'uiffe
594 1536 666 1571 hoc
693 1534 893 1584 juramenti
925 1544 1038 1581 genus
1072 1545 1158 1573 vere

131 1585 272 1622 notavit
313 1585 501 1623 Heraldus.
552 1585 696 1623 Curtius
731 1585 816 1624 Lib.
844 1583 910 1622 VI.
949 1583 1087 1629 Jurare
1108 1598 1158 1621 eos

1225 1331 1304 1369 talia
1327 1359 1337 1377 ‚
1385 1341 1544 1379 quorum
1578 1332 1615 1369 in
1635 1331 1709 1370 hoc
1739 1333 1829 1370 libro
1848 1331 2036 1380 largiffima
2058 1329 2183 1384 rneffis¹
2202 1327 2252 1367 est

1223 1381 1296 1420 huc
1317 1379 1514 1421 arcefferet.
1529 1382 1589 1419 De
1607 1382 1681 1421 aliis
1702 1382 1909 1422 auftoribus
1929 1383 2063 1420 evolve
2083 1381 2251 1418 Comum

1225 1432 1269 1470 ad
1299 1433 1377 1470 Cic.
1405 1432 1472 1470 111.
1507 1432 1613 1482 Epist.
1643 1434 1712 1472 IV.
1751 1446 1789 1473 n.
1815 1447 1853 1482 4.
1888 1434 1927 1471 &
1947 1432 1993 1470 ad
2015 1430 2146 1469 Sallust.
2172 1429 2254 1467 Cat.

1226 1494 1304 1532 cap.
1324 1484 1427 1521 XIX.
1452 1494 1487 1520 n.
1516 1496 1549 1531 ς.
1578 1483 1723 1521 Lone
1741 1496 1901 1522 onus.

1279 1545 1314 1571 2.
1343 1533 1546 1572 Contmelis
1565 1533 1721 1572 omnibus
1736 1534 1922 1585 pcrfhnis]
1950 1533 1994 1572 Id
2017 1532 2089 1578 est,
2115 1529 2252 1568 arceffi-

1226 1585 1268 1621 tis
1284 1612 1293 1630 ,
1321 1585 1454 1622 coactis
1474 1586 1567 1622 &in
1587 1596 1702 1622 unum
1732 1586 1955 1634 congregatis
1986 1583 2154 1622 omnibus
2175 1591 2254 1629 per-

133 1634 338 1674 Alexandri
355 1636 503 1674 salutem
523 1635 674 1673 volebat.
728 1634 788 1674 De
805 1633 985 1672 sanffitate
1005 1635 1082 1683 ejus
1101 1635 1158 1672 hic
1223 1634 1330 1673 sonis.
1356 1637 1394 1673 T
1398 1637 1562 1684 tanquill.
1580 1636 1677 1683 Aug.
1704 1646 1783 1683 cap.
1803 1637 1848 1676 X.
1881 1630 2196 1681 Veteranosfimul
2213 1633 2251 1669 in

132 1686 284 1732 praesens
303 1687 410 1724 etiarn
430 1688 528 1724 locus
539 1687 650 1724 testari
661 1686 784 1734 potest,
802 1686 834 1723 R
846 1697 860 1722 1
873 1686 938 1722 ‘riT
948 1697 967 1721 E
982 1696 1006 1721 a
1020 1698 1036 1720 s
1050 1697 1073 1722 n
1089 1696 1112 1724 u
1129 1699 1158 1723 s-

1216 1687 1326 1734 suum
1349 1698 1390 1722 ac
1413 1684 1626 1735 Reipublicae
1650 1685 1825 1724 auxilium
1849 1716 1859 1733 ‚
1896 1697 2030 1737 quanta
2047 1684 2156 1734 potuit
2177 1682 2254 1718 lar-

129 1734 193 1773 De
218 1738 424 1775 aeternitate
451 1738 616 1787 principis
651 1736 787 1775 dicium
817 1735 865 1773 est
891 1735 937 1772 ad
981 1735 1088 1783 Epist.
1112 1737 1155 1775 l..
1222 1736 1372 1784 ginone,
1402 1738 1592 1774 contraxit.
1619 1747 1698 1785 cap.
1717 1738 1858 1776 XCVI.
1893 1736 2095 1776 Contractis
2111 1733 2161 1771 ad
2186 1733 2253 1769 Bo->

135 1795 173 1821 n.
196 1797 226 1823 x.
262 1787 404 1825 Publice
438 1800 575 1838 rogatus
609 1786 658 1824 est
692 1786 979 1829 publiconomine.
1006 1786 1145 1824 Sueton

135 1833 222 1872 Tib.
248 1847 325 1885 cap.
343 1838 376 1873 V
385 1838 412 1875 1.
449 1850 489 1874 ac
521 1839 798 1875 Lacedaemoniis
828 1838 965 1885 publice
985 1863 996 1880 ,
1033 1838 1092 1886 qui
1118 1838 1156 1875 in

135 1885 284 1923 tutelam
317 1886 546 1925 Claudiorum
579 1899 680 1925 erant
705 1916 715 1931 ,
755 1888 1000 1925 demandatus.
1027 1887 1159 1927 Claud.

139 1945 219 1983 cap.
247 1936 329 1974 XL.
355 1938 419 1975 Sed
436 1949 478 1976 (9¹
492 1948 552 1988 pro
573 1938 759 1982 tribunali,
773 1937 972 1987 Ostiensibus
984 1938 1154 1987 quiddam

136 1986 278 2033 publiCe
289 1988 465 2026 orantibus
477 2016 487 2034 ‚
498 2001 581 2026 cum
592 1989 832 2039 excandutffet.
854 1990 982 2035 l‘linius
997 1989 1075 2026 Lib.
1087 1989 1152 2027 IV.

135 2036 245 2084 Epist.
267 2038 354 2076 Vll.
380 2050 415 2075 n.
434 2051 455 2076 2
494 2039 622 2088 scripfit
641 2040 778 2088 publice
792 2068 802 2084 ‚
817 2050 855 2078 ut
878 2053 900 2075 a
920 2039 1155 2077 decurionibus

136 2086 311 2136 eligeretur
344 2090 568 2140 vocalifflmus
616 2091 753 2140 aliquis.
787 2092 846 2129 ubi
881 2091 945 2127 alia
981 2098 1152 2129 annotata

137 2136 285 2175 fuerunt
303 2165 315 2181 ,
343 2140 469 2188 quibus
487 2141 579 2179 adde
599 2169 610 2185 ‚
636 2143 698 2179 etfi
720 2143 838 2190 paullo
859 2142 957 2178 aliter
976 2142 1152 2190 accipien-

135 2186 179 2223 da
202 2216 212 2231 ‚
268 2187 347 2226 Lib.
370 2189 471 2227 VIII.
499 2190 594 2239 Epist
627 2191 735 2229 VIII.
762 2204 798 2228 n.
817 2193 853 2230 6.
879 2191 1063 2228 Balineum
1087 2192 1153 2228 Hi-

126 2237 287 2287 spellates
306 2238 426 2288 quibus
455 2239 556 2278 illum
578 2241 686 2278 locum
714 2241 834 2278 Divus
864 2241 1042 2290 Augustus
1068 2243 1154 2278 dono

134 2289 229 2326 dedit
250 2316 260 2330 ‚
301 2290 438 2337 publice
470 2291 647 2338 praebent.
700 2290 781 2329 Alia
798 2291 937 2338 collegit
971 2291 1085 2329 Corte
1112 2292 1157 2330 ad

134 2337 268 2376 Sallust.
305 2340 384 2377 Cat.
437 2352 512 2389 cap.
542 2340 608 2379 XI.
644 2353 680 2378 n.
700 2341 741 2379 6.
818 2342 943 2379 Statim
975 2341 1154 2378 casaubo-

136 2400 202 2426 nus
220 2390 256 2426 ὃς
294 2390 422 2428 Minos
457 2391 576 2428 delent
599 2392 636 2429 in
656 2392 815 2439 margine
833 2403 872 2429 ut
887 2419 899 2436 ,
937 2402 1012 2428 non
1035 2392 1152 2436 male,

136 2439 254 2478 modo
272 2447 436 2484 veterum
452 2443 574 2491 aliquis
587 2442 804 2479 concineret.
830 2443 863 2479 L
875 2453 899 2479 o
911 2454 934 2477 n
951 2453 973 2479 c,
988 2453 1012 2478 o
1024 2454 1044 2479 ι
1059 2453 1072 2478 x
1087 2456 1108 2479 υ
1123 2456 1153 2482 s.

187 2503 222 2528 1.
256 2492 499 2538 Intestatorum
531 2493 662 2530 civium
690 2492 863 2543 suorum]
912 2491 1148 2531 Deficiuntur

138 2541 253 2587 media
273 2554 366 2585 voce
384 2542 585 2584 Casauboni
607 2571 618 2588 ,
657 2543 825 2587 Minois,
863 2543 1001 2581 Cellarii
1031 2545 1069 2580 &
1089 2545 1152 2583 ali·

141 2600 229 2638 quot
248 2594 464 2632 recentiores
485 2593 575 2631 Edd.
586 2605 658 2643 qua
679 2593 890 2631 auctoritate
908 2604 984 2630 non
1003 2593 1151 2631 constat.

140 2637 233 2680 Edd.
248 2643 330 2680 Vet.
355 2655 487 2687 omnes
505 2644 593 2682 stant
611 2656 631 2682 a
652 2644 733 2681 MS.
751 2642 856 2683 Voff.
875 2644 1029 2692 partibus
1052 2671 1063 2688 ,
1090 2645 1152 2682 ad-

142 2686 326 2741 feruntque
343 2694 450 2736 illam.
475 2695 592 2744 quue
611 2695 708 2733 redte
735 2701 859 2732 contra
890 2694 1075 2741 vulgarem
1100 2705 1166 2732 er-v

145 2746 263 2777 rotem
281 2768 294 2785 ι
324 2754 400 2791 quo
423 2746 551 2785 vitium
578 2754 735 2794 putant,
774 2745 849 2783 duo
874 2743 1068 2782 Adiectiva
1089 2745 1152 2782 uni

147 2785 300 2842 Nomini
321 2793 621 2842 jungexe.Plinius
643 2797 724 2834 Lib.
743 2794 909 2844 v213pist.
932 2794 983 2831 v.
1005 2806 1028 2831 n
1067 2806 1154 2843 μα

141 2846 296 2882 Jamtres
303 2840 405 2882 libros
415 2845 610 2894 absolverat
622 2846 757 2893 subtiles
769 2855 837 2884 cet.
850 2844 929 2882 Lib.
938 2844 1025 2882 VII.
1043 2845 1152 2894 Epist.

151 2885 232 2945 XX·
268 2900 304 2925 1¹-
321 2903 356 2935 4.
382 2899 427 2931 Er
445 2908 545 2937 erant
560 2898 672 2936 multa
690 2897 871 2935 clarifiima
889 2896 1042 2943 ingenia.
1070 2895 1153 2933 Lib.

149 2935 258 2994 YIU·
286 2939 388 2985 Epist·
404 2940 464 2985 XI·
494 2959 529 2985 n.
547 2959 584 2985 2.
602 2949 678 2995 fuit
697 2948 791 2985 nulla
802 2956 858 2986 lua
869 2947 982 2995 culpa.
999 2945 1074 2984 Lib.
1087 2945 1156 2984 l-X.

150 2985 346 3044 kP1st3le
375 2993 485 3038 Ptine.
508 2997 706 3046 Epistolam
738 3006 838 3037 tuam
863 2996 1154 3047 jucundissimam

149 3046 268 3087 ΛΜΨ·
292 3037 375 3080 le·
390 3041 434 3080 X·
458 3043 567 3094 Epist.
585 3049 653 3088 VI.
680 3050 790 3098 princ.
812 3048 984 3087 Proxima
1002 3047 1151 3086 infirmi-

1227 1787 1368 1824 nondam
1405 1788 1683 1825 triumvirorum
1734 1788 1846 1838 copiis
1883 1789 2009 1836 Callig.
2045 1797 2121 1833 cap.
2151 1783 2253 1839 XIX.

1225 1836 1418 1875 contradis
1438 1839 1591 1888 undique
1609 1839 1779 1877 onerariis
1808 1839 1970 1876 navibus
1997 1838 2251 1876 &innumeris

1225 1888 1297 1925 aliis
1313 1888 1497 1925 locisNec
1519 1889 1579 1927 fibi
1603 1889 1700 1926 deest
1722 1889 1918 1937 Trajanus.
1945 1888 2052 1936 Epist-
2069 1884 2249 1922 CXVIII·

1226 1951 1292 1974 non
1318 1939 1457 1976 viritim
1476 1938 1631 1988 fingulos
1659 1953 1700 1977 ex
1727 1941 1852 1977 notitia
1872 1941 1923 1977 ad
1938 1939 2104 1989 solemnes
2116 1936 2253 1985 sportu-

1225 1988 1276 2026 las
1296 1990 1485 2027 contrahit.
1505 1992 1595 2028 item
1614 1990 1746 2033 Plinius
1774 1991 1880 2038 Epist.
1895 1991 1995 2027 XCI.
2022 2001 2058 2026 n.
2078 1999 2112 2025 2.
2136 1987 2252 2023 Pecu-

1226 2041 1282 2077 nia
1296 2067 1307 2084 ,
1336 2041 1537 2079 curantibus
1560 2039 1655 2078 nohix
1675 2041 1870 2078 contracta.
1897 2041 1965 2078 Lo
1978 2053 2001 2077 Ν
2016 2051 2041 2076 G
2059 2052 2083 2077 o
2096 2049 2115 2074 ι
2130 2049 2142 2072 1
2161 2050 2183 2072 u
2197 2047 2223 2073 s.

1279 2101 1313 2140 3.
1344 2091 1460 2127 Virdio
1483 2091 1710 2141 Gemellino]
1740 2090 1843 2128 Voff.
1864 2093 1902 2129 δε
1921 2093 2034 2140 prima
2056 2086 2250 2142 Ed.Virdio

1225 2141 1422 2179 Pemeilino.
1444 2141 1486 2180 In
1508 2142 1663 2180 nomine
1687 2142 1799 2180 Virdio
1814 2154 1889 2180 non
1911 2140 2141 2180 consentiunt
2156 2138 2246 2179 libri,

1221 2191 1280 2229 alii
1302 2191 1430 2230 Viridio
1450 2219 1461 2236 ‚
1487 2193 1544 2230 alii
1565 2220 1575 2235 ,
1604 2201 1643 2229 ut
1663 2193 1847 2241 vulgatum
1869 2192 1928 2230 est.
1956 2192 2059 2230 Idem
2081 2189 2246 2227 observa-

1225 2242 1344 2280 vimus
1372 2242 1478 2290 Epist.
1498 2243 1695 2282 XXXVII.

1273 2303 1307 2334 4.
1335 2291 1555 2341 Epimacho.]
1585 2295 1684 2331 Allus
1706 2292 1774 2330 fuit
1786 2292 1992 2341 Epimachus
2005 2287 2245 2330 Atheniensis,

1222 2341 1351 2379 nobilis
1372 2343 1583 2381 architectus
1602 2370 1613 2386 ,
1651 2354 1763 2393 quem
1786 2345 2000 2382 Demetrius
2023 2341 2242 2379 Poliorcetes

1221 2392 1344 2429 secum
1363 2391 1475 2430 duxit.
1502 2396 1534 2429 C
1551 2404 1642 2430 ΑΤΛ
1658 2407 1695 2431 n.

1247 2455 1308 2491 ις.
1337 2444 1653 2494 procuratoribus]
1695 2445 1804 2491 Quae
1832 2444 1910 2482 afta
1942 2442 2111 2493 gestaque
2129 2440 2205 2478 sunt
2222 2449 2244 2475 a

1220 2502 1453 2539 procuratore
1473 2494 1628 2533 Caesaris
1649 2522 1660 2538 ‚
1694 2493 1742 2531 fic
1761 2505 1781 2531 a
1797 2494 2051 2544 jurisconsultis
2070 2500 2247 2538 comprO‘

1221 2544 1359 2590 bantur,
1397 2555 1438 2582 ac
1466 2545 1492 2583 fi
1522 2556 1542 2582 a
1581 2545 1731 2583 Caesare
1760 2545 1855 2593 gesta
1882 2547 1960 2584 sint.
2013 2541 2245 2592 Vespasianus

1220 2602 1344 2632 autem
1363 2594 1496 2633 solebat
1515 2604 1791 2644 procuratorum
1818 2596 2080 2645 rapacissimum
2111 2601 2244 2640 quem-

1221 2655 1294 2692 que
1314 2645 1359 2683 ad
1378 2646 1549 2694 ampliora
1571 2647 1688 2684 officia
1708 2658 1931 2695 promovete
1952 2674 1963 2692 ‚
1985 2656 2062 2696 quo
2079 2641 2243 2689 locuple-

1221 2696 1330 2733 tiores
1349 2708 1439 2738 mox
1460 2697 1723 2735 condemnaret
1743 2710 1751 2735 :
1791 2699 1920 2746 quibus
1952 2696 2100 2745 quidem
2127 2691 2241 2738 vulgo

1222 2757 1288 2793 pro
1306 2745 1459 2795 spongiis
1480 2747 1660 2785 dicebatur
1678 2748 1731 2785 uti
1754 2775 1763 2792 ,
1801 2747 1901 2795 quod
1933 2746 2031 2795 quafi
2061 2746 2100 2783 &
2127 2742 2238 2780 siccos

1224 2795 1470 2834 madefaceret
1491 2824 1502 2841 ,
1538 2799 1577 2834 ὃς
1609 2798 1826 2844 exprimeret
1855 2798 2048 2835 humentes
2091 2795 2143 2832 It>
2160 2803 2242 2830 EM·

1224 2845 1285 2883 De
1302 2846 1671 2894 procuratoreaeium
1706 2848 1775 2885 fuit
1803 2846 1847 2885 ad
1872 2847 1954 2885 Lib.
1973 2848 2038 2886 ΙΙΙ.
2064 2844 2173 2894 ΕΡΜὶ.
2192 2842 2246 2878 V·

1224 2907 1249 2933 n
1281 2907 1338 2940 17.
1363 2898 1400 2934 &
1422 2897 1661 2944 Epist-XVII.
1685 2897 1760 2935 libri
1777 2898 1881 2948 hujus
1898 2898 2040 2937 decimi.
2068 2897 2246 2934 Ceterum

1226 2948 1265 2984 in-
1299 2945 1406 2985 Vols.
1440 2947 1604 2998 librisque
1641 2949 1835 2996 antiquitus
1866 2948 2039 3000 impreffis
2075 2945 2245 2984 omnibus

1225 3009 1325 3086 §ilinc
1353 2998 1552 3049 sequuntur
1575 2999 1806 3047 interpositae
1831 2999 1939 3050 Epist.
1957 2998 2081 3038 XVII.
2100 2994 2244 3034 XVII!-

1583 3099 1617 3136 K
1627 3099 1649 3138 k
1659 3099 1752 3139 lrkk

2091 3110 2106 3137 1
2115 3127 2123 3137 .
2151 3103 2241 3140 Ince
