2616 3686
335 177 431 242 396

585 166 1102 223 C.PL1N11
1167 165 1678 219 CAECILII
1748 169 2264 233 SECUNDI

335 251 533 308 acriter
558 293 573 317 ‚
626 250 811 306 culte:
862 261 1051 304 contra
1093 247 1349 320 Nigrinus
1389 244 1601 319 presse,
1652 248 1887 316 graviter
1922 290 1938 315 ,
1979 262 2184 305 ornate.
2259 250 2491 312 Censuit

262 347 298 395 7
343 326 548 381 Acilius
592 323 768 379 Rufus
795 362 812 387 ,
861 321 1072 377 Consul
1108 322 1454 393 delignatuS,
1504 317 1903 391 inquisitionem
1956 322 2200 395 Bithynis
2224 323 2485 386 dandam:

343 401 757 471 postulationem
802 396 1004 451 Vareni
1039 394 1246 451 silentio
1282 394 1575 467 praeteriit.
1651 390 1813 447 Haec
1851 399 1866 423 ⁸
1902 394 2076 450 forma
2103 397 2344 469 neganda
2369 398 2488 458 fuit.

347 473 364 492 ²
401 472 692 528 Cornelius
735 469 939 525 Priscus
977 469 1284 524 Consularis
1311 508 1327 532 ‚
1381 467 1436 521 &
1477 465 1903 528 accusatoribus,
1940 486 2078 541 quae
2103 471 2395 540 petebant,
2433 474 2490 529 &

765 543 778 568 3

346 563 444 601 reo
483 546 671 601 tribuit
704 583 721 608 ,
817 543 1053 614 vicitque
1084 558 1329 596 numer0.

1406 542 1425 568 ⁴
1448 541 1859 612 Impetravimus
1884 559 2028 606 rem,
2065 559 2167 598 nec
2191 543 2311 615 lege
2337 562 2492 601 com-

344 619 688 691 prehensam,
730 634 829 670 nee
869 616 988 669 satis
1026 613 1270 668 usitatam
1298 655 1315 680 ‚
1367 633 1379 658 ς
1417 613 1604 681 justam
1645 627 1839 670 tamen.

1916 616 2102 688 Quare
2123 615 2311 682 justam
2329 657 2344 681 ,
2381 637 2493 676 non

344 692 458 747 sum
496 692 712 761 epistola
750 688 1105 742 exsecuturus
1133 723 1151 749 ,
1191 700 1251 742 ut
1291 684 1557 745 desideres
1582 686 1866 745 afflonem.
1905 690 2078 755 Nam,
2103 680 2121 705 ⁶
2144 689 2180 746 si
2205 704 2394 749 verum
2419 693 2495 750 est

349 763 721 823 Homericum
752 759 912 824 illud,

492 907 509 933 ⁷
545 910 628 973 Τῆν
652 906 749 982 γεῖς
773 904 914 969 οἷοιὸἦν
937 915 1120 979 μᾶλλον
1149 907 1412 961 ἐπικ>,ει’8σ’
1439 902 1696 975 ἅνθρωποιῇ

493 980 645 1059 Is‘weg
671 983 939 1037 dnso'vrecrm
964 982 1157 1046 νεωτάτη
1186 982 1557 1052 ἀμφιπέληται,

336 1203 652 1254 vdeprehendimus
684 1207 721 1244 in
752 1204 868 1242 Cicer.
899 1203 984 1241 Lib.
1025 1203 1092 1242 III.
1130 1202 1233 1241 Fam.
1271 1202 1384 1254 Epist.

341 1256 450 1297 VIH.
472 1268 508 1293 n.
526 1268 582 1304 24.
603 1257 666 1294 ubi
687 1255 838 1292 calidius
852 1283 862 1300 ,
889 1266 957 1304 pro
980 1254 1142 1294 callidius
1157 1283 1168 1300 ,
1185 1255 1386 1305 scripsimus

342 1307 471 1348 calide
494 1307 613 1345 dicere
639 1308 698 1345 hic
719 1306 819 1345 idem
844 1307 892 1345 est
907 1336 918 1352 ,
947 1317 988 1344 ac
1006 1308 1176 1344 ardenter
1205 1335 1216 1351 ,
1246 1309 1284 1345 ὃς
1306 1319 1387 1344 con-

341 1361 448 1450 εἱζὲτε
464 1357 733 1447 θῗῇὐῗὲςεὲσ
750 1358 974 1447 ,ῆειίἰὶζῐεέὶε
998 1358 1149 1448 obigacegtc
1159 1358 1388 1447 {withigis

344 1421 542 1450 west.
653 1439 660 1446 .
749 1422 796 1447 l.
882 1421 1079 1448 .n·..
1227 1422 1277 1447 1.
1381 1440 1387 1446 .

344 1472 380 1499 n.
407 1475 441 1508 4.
477 1462 538 1499 De
556 1460 668 1498 calido
690 1422 776 1499 viiie
798 1461 912 1500 etiam
931 1421 1001 1500 (31.7
1008 1422 1314 1502 Drackenbporch.
1342 1461 1389 1500 ad

347 1512 421 1552 Silii
445 1512 529 1551 Lib.
551 1512 637 1550 XV.
661 1524 745 1562 337.

393 1633 467 1647 —-
518 1636 590 1648 —
646 1614 833 1667 calidoque
855 1614 1031 1655 habitata
1056 1615 1220 1667 Gradive

403 1668 562 1706 penora.

318 1827 323 1832 ·
346 1767 523 1808 Lucanus
543 1769 627 1809 Lib.
650 1770 698 1809 11.
719 1782 772 1809 vs.
793 1782 878 1820 493.
898 1769 1082 1810 similiter:

393 1891 468 1905 -—
519 1893 582 1905 —
637 1871 749 1912 calida
765 1871 928 1923 prolatus
948 1872 992 1909 ab
1015 1871 1085 1910 ira.

350 1973 508 2014 Come.

399 2039 415 2064 1
450 2024 619 2071 Forma.'l
647 2025 789 2064 Modus
808 2054 818 2071 ‚
845 2027 977 2066 scilicet
997 2025 1135 2063 nullam
1155 2028 1391 2066 mentionem

349 2076 492 2122 facere,
519 2088 559 2116 ut
581 2079 735 2115 Vareno
757 2078 883 2116 liceret
904 2077 1010 2116 testes
1039 2088 1206 2116 evocare.
1237 2080 1393 2117 CATAN.

350 2134 447 2166 Haec
471 2129 597 2174 forma
628 2129 783 2176 negandi
805 2127 921 2176 fuit.]
954 2129 1258 2168 Comiorscilicet
1279 2140 1393 2180 atque

347 2180 531 2217 urbanior.
590 2179 779 2228 Improbat
811 2179 1097 2227 postulationem
1129 2179 1268 2219 Vareni
1298 2195 1306 2219 z
1335 2183 1393 2221 sed

347 2229 386 2268 id
420 2230 562 2269 silentio
597 2232 634 2269 δε
668 2231 926 2279 praetentione
950 2229 1165 2276 ostendere,
1194 2243 1307 2281 quam
1332 2233 1394 2271 de-

349 2282 485 2318 clarare
508 2282 627 2319 verbis
650 2281 815 2320 malebat.
847 2281 978 2319 Similis
1001 2293 1054 2319 ars
1075 2283 1393 2323 &nonnullorum

351 2333 558 2370 Consulum
586 2333 652 2370 fuit
673 2361 683 2377 ,
713 2333 776 2381 qui
798 2344 884 2369 cum
908 2343 972 2382 per
985 2331 1235 2371 discessionem
1250 2335 1393 2373 SCtum

355 2383 566 2422 faciendum
591 2382 702 2427 cfl'et,
732 2394 816 2421 eam
840 2382 1056 2421 sententiam
1073 2411 1082 2425 ‚
1111 2396 1225 2432 quarn
1239 2397 1394 2433 praeva-

348 2434 424 2473 lere
446 2434 650 2479 nolebant,
680 2435 873 2483 rogatione
899 2434 1175 2472 dissimulabant.
1214 2437 1395 2476 Observat

345 2485 421 2523 hoc
440 2485 602 2525 solertiae
624 2498 740 2535 genus
759 2486 934 2534 Polybius
944 2487 981 2524 in
997 2485 1096 2524 Aulo
1109 2486 1301 2525 Postumio
1317 2489 1395 2533 ,su-

348 2547 414 2582 per
438 2538 592 2576 Achaeis
617 2538 772 2576 detentis
794 2538 942 2576 Romae
966 2538 1141 2576 Senatum
1156 2538 1369 2578 consulente
1384 2570 1394 2587 ,

352 2586 546 2636 Excerptis
575 2591 692 2637 Legat
718 2588 892 2626 CXXIX.
949 2589 1061 2637 Apud
1086 2589 1276 2627 Caesarem
1300 2603 1395 2638 quo—

352 2650 427 2686 que
454 2639 536 2677 Lib.
562 2640 589 2676 Ι.
615 2639 660 2677 de
683 2640 780 2678 bello
805 2640 1066 2688 Civilicapil.
1098 2641 1277 2679 Lentulus
1291 2644 1395 2680 Con-

352 2689 402 2725 sul
428 2690 482 2726 M.
508 2690 639 2728 Calidii
664 2691 883 2729 sententiam
908 2692 940 2728 se
964 2693 1294 2740 pronunciaturum
1328 2705 1395 2733 ne-

354 2748 439 2786 gat,
467 2750 507 2778 ut
532 2743 710 2790 Scipionis
734 2743 881 2780 valeret.
911 2743 1122 2781 Bucnmsiz.

405 2804 425 2827 2
456 2793 638 2830 Cornelius
660 2793 797 2832 Priscus
824 2794 1026 2842 consularis.
1051 2794 1066 2842 ]
1108 2796 1393 2843 Integerrimus:

354 2843 537 2880 Cornelius
564 2846 740 2882 Sertorius
753 2845 943 2894 consularis
959 2847 1213 2895 accusatoribus
1228 2875 1238 2891 ,
1266 2850 1396 2887 utCO-

357 2891 481 2935 pinam
514 2897 660 2932 omittat
685 2926 694 2940 ,
734 2898 771 2934 ὃς
809 2897 941 2946 Priscus
964 2907 1127 2936 mutetur
1151 2901 1188 2937 in
1212 2901 1395 2940 sertorius.

359 2938 515 2977 Helmsl.
550 2947 587 2981 ὃς
623 2946 689 2982 Ed.
723 2947 810 2985 Vct.
851 2949 1034 2987 Cornelius
1059 2950 1198 2999 Priscus
1222 2952 1394 2991 acroribus

360 3001 449 3044 queo
469 2993 631 3037 petebant
648 3024 657 3038 ,
687 3005 812 3035 cctcrts
836 3000 1021 3045 neglectis.
1049 3004 1220 3040 Sertorius
1237 3015 1313 3040 non
1327 3004 1395 3042 dis-

359 3039 479 3096 plicen
522 3042 592 3079 Alii
616 3054 736 3082 autem
762 3047 918 3084 Priscum
945 3052 1147 3098 intelligunt
1172 3081 1181 3095 ,
1212 3053 1256 3091 ad
1280 3067 1394 3104 quern

360 3088 409 3127 cll
435 3091 516 3127 Lib.
542 3091 606 3128 lli.
634 3095 736 3142 ¹⁴21*st
761 3098 864 3135 XXI.
893 3100 1021 3136 Oxou.
1050 3103 1189 3150 Prrscus
1210 3105 1394 3147 autoribus

360 3152 450 3190 quae
464 3141 631 3191 petebant
646 3173 656 3189 ‚
687 3155 752 3183 cct.

2369 1074 2501 1130 pro-

1513 1213 1534 1252 3
1565 1198 1971 1253 vicitquenumerm]
2010 1199 2205 1240 Mediceus
2229 1213 2239 1239 :
2276 1213 2346 1241 nec
2368 1209 2500 1259 cuique

1473 1266 1630 1292 numero.

1512 1317 1537 1352 4
1569 1305 1841 1355 Impetravimus
1863 1319 1962 1350 rem,
1998 1316 2069 1342 nec
2098 1305 2181 1353 lege
2222 1306 2502 1358 comprehensam

1462 1355 1565 1406 cet.]
1597 1357 1731 1395 Aldina
1751 1359 1842 1395 haec
1862 1357 1976 1395 lectio
1998 1356 2070 1401 est,
2098 1366 2211 1405 quam
2230 1357 2287 1395 ile
2300 1356 2374 1396 fine
2387 1359 2502 1400 dubio

1463 1418 1509 1444 ex
1531 1411 1734 1447 veterrimo
1759 1408 1902 1447 Codice
1922 1407 2061 1452 hausit,
2090 1409 2149 1445 cui
2164 1408 2203 1445 δε
2217 1408 2411 1449 Mediceus
2424 1424 2503 1451 ma·
2557 1442 2561 1446 ,

1464 1461 1607 1498 ximam
1630 1468 1772 1508 partem
1795 1459 2004 1498 adsentitur.
2033 1460 2157 1497 Habet
2169 1461 2292 1497 enim:
2323 1460 2502 1512 Impetra-

1463 1521 1593 1549 veram
1614 1524 1690 1549 rem
1710 1512 1792 1561 lege
1814 1510 2093 1561 comprehensam
2109 1540 2119 1556 ‚
2133 1523 2190 1549 nec
2196 1511 2290 1561 satis
2305 1511 2502 1564 usitatam,

1464 1561 1593 1600 iustam
1611 1573 1744 1600 tamen.
1773 1563 1865 1601 Illud
1887 1576 1972 1608 nec,
1999 1572 2084 1602 ante
2106 1562 2173 1604 leffe
2200 1590 2210 1607 ‚
2238 1563 2334 1602 male
2358 1567 2502 1607 excidit.

1467 1613 1501 1651 Si
1536 1613 1636 1651 enim
1664 1613 1746 1662 lege
1778 1614 2040 1661 comprehensa
2075 1613 2194 1651 fuisset
2227 1626 2282 1652 res
2311 1614 2396 1661 ista,
2423 1630 2502 1657 non

1465 1675 1557 1713 opus
1588 1672 1687 1710 erat,
1720 1673 1762 1702 ut
1782 1665 1910 1713 iustam
1936 1663 2007 1703 esse
2029 1664 2278 1703 demonstrare
2299 1666 2503 1709 laboraret:

1466 1715 1569 1764 quod
1588 1724 1714 1754 tamen
1740 1716 1836 1755 fecit.
1865 1716 1992 1754 Immo
2013 1716 2095 1764 lege
2107 1727 2185 1753 non
2198 1719 2504 1767 comprehensam

1468 1764 1571 1805 fuisse
1605 1766 1760 1806 ostendit
1797 1769 1878 1807 Lib.
1912 1767 1982 1805 VI.
2005 1766 2115 1814 Epist.
2138 1768 2188 1804 V.
2210 1780 2246 1805 n.
2269 1781 2302 1805 2.
2354 1771 2504 1820 Reliqui

1464 1817 1608 1866 longius
1640 1819 1776 1858 abeunt
1800 1834 1808 1858 ε
1855 1818 1959 1858 Voss.
1984 1818 2187 1857 Helmstad.
2210 1820 2323 1857 Arnz.
2346 1822 2385 1858 ὅ(
2408 1823 2502 1863 Edd.

1464 1868 1568 1908 Vett.
1585 1873 1858 1920 Impetravimus
1872 1884 1945 1909 rem
1958 1871 2184 1919 negligenter
2196 1870 2478 1922 comprehensam
2490 1904 2502 1921 ,

1466 1933 1524 1957 nec
1546 1921 1612 1960 suis
1635 1930 1779 1961 tantum
1796 1952 1805 1968 ,
1832 1922 1962 1970 iustam
1985 1933 2105 1960 tamen
2131 1936 2140 1965 ;
2173 1922 2303 1959 Oxon.
2330 1929 2503 1972 Impetra-

1469 1971 1588 2010 vimus
1608 1987 1680 2011 rem
1710 1975 1938 2025 negligentem
1965 2003 1976 2020 ‚
2014 1985 2072 2011 nec
2091 1972 2165 2023 suis
2197 1973 2503 2024 comprehensam,

1465 2022 1594 2071 iustam
1615 2035 1750 2063 tamen.
2088 2048 2094 2052 ·

1518 2088 1536 2124 ς
1567 2075 1715 2124 Justam
1748 2088 1883 2115 tamen.
1907 2077 1922 2126 ]
1966 2075 2249 2114 Consistentem.
2279 2077 2377 2115 Nam
2403 2088 2502 2120 erant

1466 2126 1641 2174 personae
1664 2157 1675 2172 ‚
1706 2130 1744 2167 &
1769 2140 1822 2166 res
1845 2137 1958 2166 not-ae
1983 2141 1991 2164 :
2032 2137 2119 2175 ergo
2144 2126 2246 2162 causa
2267 2127 2499 2178 consistebat,

1467 2176 1528 2215 sed
1560 2179 1623 2216 vix
1653 2179 1898 2217 subsistentem
1934 2178 2024 2217 dixit
2046 2208 2054 2222 ‚
2085 2180 2171 2226 quia
2195 2188 2240 2215 ex
2262 2178 2372 2218 altera
2402 2191 2499 2231 parte

1465 2231 1624 2267 rationes
1648 2238 1750 2268 erant
1773 2230 2025 2268 validioresad
2042 2228 2248 2266 faciendam
2263 2229 2496 2283 fidem.quod

1468 2281 1610 2328 optime
1644 2282 1908 2330 Hermogenes
1933 2310 1942 2327 ‚
1982 2282 2019 2318 &c
2044 2292 2131 2318 eum
2153 2279 2294 2318 secutus
2324 2281 2494 2321 Fortuna-

1465 2331 1584 2368 nanus
1607 2333 1646 2370 in
1668 2333 1791 2381 primo
1815 2334 2105 2371 Rlietoricorum
2126 2330 2293 2369 tractant.
2322 2334 2469 2372 Cum.

1518 2384 1540 2419 6
1569 2384 1602 2428 Si
1637 2397 1765 2421 verum
1795 2383 1840 2431 est
1871 2381 2147 2431 Homericum]
2191 2383 2283 2421 Sane
2326 2385 2365 2422 &
2394 2384 2495 2423 Plato

1466 2434 1564 2472 haud
1599 2435 1758 2472 omnino
1790 2436 1921 2484 probat
1946 2464 1955 2480 ‚
1984 2446 2098 2483 quem
2137 2432 2220 2471 vide
2245 2434 2312 2470 IV.
2340 2434 2384 2472 de
2406 2436 2495 2482 Rep.

1468 2497 1684 2534 quanquam
1706 2487 1778 2524 huc
1796 2487 1932 2525 Plinius
1954 2485 2053 2524 haud
2075 2484 2274 2533 respexerit.
2305 2483 2398 2538 Cum
2414 2483 2495 2518 Ho-

1468 2537 1608 2574 merico
1630 2537 1697 2575 isto
1720 2537 1807 2576 illud
1829 2539 1975 2577 Pindari
1998 2537 2155 2586 Olymp.
2177 2540 2209 2570 Θ
2232 2539 2422 2571 convenit:

1517 2659 1589 2670 ——-
1616 2638 1714 2676 Α’ίνει
1734 2639 1771 2676 δὲ
1793 2638 1954 2677 παλαιῶν

1519 2688 1596 2726 Μὲν
1618 2688 1698 2728 οἶνον
1718 2691 1820 2729 ἄνθεσι
1841 2690 1874 2729 δν
1897 2688 2003 2735 dmm

1517 2740 1715 2792 Νεωτέξων.

1510 2865 1592 2888 .—-
1620 2846 1747 2884 Lauda
1769 2854 1887 2882 autem
1909 2837 2068 2878 vetulum

1524 2897 1652 2934 Vinum
1676 2897 1815 2945 quidem
1836 2920 1848 2939 ,
1870 2890 1975 2941 flores
1995 2897 2075 2922 vero
2094 2879 2310 2930 hymnorum

1520 2953 1721 2986 Recentum.

1469 3048 1677 3085 Rucuma.

1518 3108 1536 3142 7
1575 3093 1641 3135 τῆ,
1671 3090 1746 3141 φὶς
1781 3088 1898 3132 &mdiv
1929 3093 2070 3138 μᾶλλον
2093 3119 2103 3136 ,
2142 3089 2241 3142 eyn]
2273 3090 2380 3129 Illam
2402 3092 2495 3131 enim

2410 3155 2494 3183 can-
