2616 3686
285 212 404 281 768-

530 205 594 255 C.
658 195 1052 252 PLINII
1119 188 2237 251 CAECILLI.SECUND11

463 317 579 375 UM
612 312 807 372 vellem
843 314 860 339 ¹
882 308 1155 379 Apameae
1173 342 1190 367 ‚
1216 299 1491 364 Domine,
1523 293 1859 370 cognoscere
1880 296 2124 369 publicos
2151 302 2452 370 debitoresj.

428 394 518 461 5&
548 391 787 448 reditum
813 421 828 447 ,
867 382 921 437 δε
950 378 1224 452 impendia
1246 418 1262 442 ,
1315 374 1631 448 responsum
1661 369 1734 426 est
1762 370 1894 427 mihi
1921 411 1938 436 ‚
1989 390 2190 450 cupere
2213 378 2454 452 quidem,

304 470 580 526 universos
608 505 624 530 ‚
666 479 724 519 ut
752 482 780 517 a
807 476 893 514 rne
923 459 1156 512 rationes
1182 453 1429 507 coloniae
1455 451 1790 521 legerentur,
1832 464 2109 520 nunquam
2141 467 2316 508 tamen
2341 452 2469 509 effe:

302 543 460 601 lerras
497 543 562 598 ab
585 541 697 595 ullo
721 532 1101 608 proconsulum
1126 568 1141 592 ,
1191 523 1426 582 habuisse
1459 530 1477 555 ²
1511 523 1852 596 privilegium
1873 561 1889 585 ‚
1939 523 1994 577 &
2036 526 2443 584 vetustiffimum

267 636 522 679 amorem
547 656 563 681 ‚
612 620 628 649 ³
661 610 883 666 arbitrio
923 605 1018 660 suo
1042 604 1243 674 Remp.
1273 598 1650 654 administrare.
1729 596 1940 669 Exegi,
1981 612 2041 653 ut
2072 640 2088 665 ‚
2131 619 2269 674 quae
2296 603 2447 657 dice..

310 695 468 757 bant,
505 705 753 764 quaeque
779 680 1078 740 recitabant
1107 720 1124 746 ,
1163 675 1346 732 libello
1373 671 1866 746 complecierentur
1897 715 1910 735 ,
1952 690 2117 745 quem
2151 675 2276 740 tibi,
2317 694 2449 749 qua..

308 770 416 823 lem
440 779 784 836 acceperam,
827 754 969 812 mifi:
1006 761 1025 788 ⁴
1045 752 1300 826 quamvis
1329 748 1719 820 intelligerem,
1741 749 1997 820 pleraque
2025 768 2092 805 ex
2120 752 2210 806 illo
2235 756 2250 786 ⁵
2274 751 2341 805 ad
2369 752 2468 814 id..

273 843 376 915 3de
396 859 508 915 quo
536 840 847 913 quaeritur,
899 847 1012 886 non
1059 826 1348 899 pertinere.
1405 823 1496 877 Te
1519 839 1689 894 rog0‚
1716 838 1774 876 ut
1807 822 1939 877 mihi
1981 826 2000 853 ⁶
2035 827 2347 899 praecipere
2372 826 2450 880 di-

308 920 483 990 gneris
504 953 519 979 ,
565 912 700 988 quid
727 929 816 966 me
840 919 993 980 pute-s
1022 903 1305 959 observare
1331 897 1545 953 debere.
1620 896 1830 952 Vereor
1857 899 2031 965 enim,
2056 917 2125 957 ne
2152 917 2242 958 aut
2271 900 2477 958 excesq-
2544 931 2547 933 -
2610 867 2616 902 '⁵

306 991 446 1058 fisse,
485 1004 576 1047 aut
607 1005 722 1044 non
753 979 992 1056 implesse
1016 975 1191 1036 officii
1216 975 1324 1031 mei
1354 986 1528 1047 partes
1557 971 1756 1027 videar.

578 1177 752 1239 LVII.

827 1171 1037 1232 XLIX.
1112 1166 1669 1235 TRAJANus
1747 1165 2173 1221 PL1N10..

652 1318 1141 1400 Praecipirursalvo
1156 1315 1426 1392 privilegio
1447 1318 1665 1372 rationes
1686 1316 2028 1390 Aplameorum
2057 1327 2116 1370 ut

1200 1391 1543 1467 inspiciantur.
1562 1442 1569 1447 .

319 1708 334 1713 “
374 1718 406 1745 1.
432 1703 647 1756 Apameae.]
685 1701 876 1751 Bithyniae
909 1702 1108 1749 Apameam
1137 1695 1252 1745 (nam
1272 1691 1353 1732 sunt

319 1759 362 1797 δε-
377 1757 457 1795 alibi
474 1757 637 1808 ejusdem
658 1754 841 1800 nominis)
871 1751 1032 1798 intelligit
1056 1776 1067 1792 ,
1095 1758 1206 1796 quam
1225 1744 1350 1782 Ptolo-

318 1820 445 1847 maeus
467 1836 478 1852 ,
511 1812 617 1859 Juxta
649 1804 805 1842 fluminis
840 1800 1031 1848 Rhyndaci
1061 1799 1149 1836 ollia
1178 1798 1284 1834 locat.
1311 1797 1348 1832 &

317 1859 520 1908 Stephanus
541 1888 552 1904 ‚
582 1856 753 1904 Bithynia
773 1882 784 1898 ‚
810 1853 927 1901 inquit
948 1880 958 1896 ‚
1004 1853 1171 1898 Apamea
1192 1875 1203 1892 ,
1241 1858 1348 1895 quam

317 1910 470 1953 candida
492 1909 690 1948 Nicomedes
707 1934 718 1952 ‚
758 1913 971 1954 cognomento
1000 1899 1192 1951 Epiphanes
1216 1925 1226 1942 ‚
1261 1897 1355 1939 turias

319 1962 414 2000 dina
438 1961 596 2010 Myrlea.
621 1960 708 2007 Ulp.
736 1955 781 1993 de
815 1952 977 1992 ceniibus
1004 1980 1014 1997 ,
1053 1952 1096 2002 est
1128 1952 1165 1988 in
1186 1946 1355 1994 Bithynia

319 2014 488 2061 Apamea
517 2011 657 2049 colonia.
685 2008 723 2046 δί
750 2006 880 2044 Plinius
916 2005 994 2042 Lib.
1019 2003 1065 2040 V.
1098 2013 1175 2050 cap,
1201 1998 1355 2037 XXXII.

322 2063 364 2102 de
383 2072 485 2100 cetero
517 2063 611 2100 intus
640 2062 676 2098 in
709 2056 873 2106 Bithynia
905 2054 1031 2093 colonia
1063 2053 1248 2099 Apamea3
1277 2061 1355 2086 non

321 2121 444 2151 autem
468 2117 682 2161 Apamena,
708 2117 747 2146 ut
767 2107 891 2156 paffim
913 2107 1051 2154 legitur.
1082 2104 1234 2141 dicimus
1256 2101 1354 2138 enim

322 2165 543 2202 Placentiam
583 2165 683 2200 Rom
727 2159 915 2196 coloniam
942 2184 952 2201 ,
1000 2166 1077 2192 non
1113 2151 1357 2192 Placentinum

324 2216 441 2253 Rom.
470 2215 669 2253 coloniam.
706 2211 739 2247 C
753 2223 773 2246 A
786 2221 813 2246 T
827 2224 844 2245 Α
858 2222 895 2245 Ν.
932 2212 1093 2256 Apamea
1110 2213 1245 2242 ,autem
1264 2201 1357 2240 dicia

325 2267 394 2305 fuit
415 2265 457 2303 ab
479 2270 624 2315 Apama
644 2291 655 2306 ‚
692 2258 910 2299 Nicomedis
931 2256 1123 2306 Epiphanis
1143 2261 1258 2292 matre
1281 2280 1292 2297 ,
1320 2259 1359 2290 ut

324 2317 435 2356 refert
456 2316 581 2354 Strabo
610 2314 690 2352 Lib.
709 2313 791 2351 ΧΗ.
817 2320 898 2359 pag.
920 2309 1007 2355 845.
1041 2307 1229 2344 Praeterea
1249 2310 1336 2341 nota
1350 2330 1360 2347 ,

327 2366 433 2406 Voss.
453 2366 625 2417 praestare
648 2363 796 2401 Domine
819 2366 997 2409 Apameae
1016 2371 1025 2396 :
1054 2368 1168 2407 quem
1192 2353 1357 2392 ordinem

329 2420 440 2457 etiarn
461 2420 570 2457 secuti
600 2417 678 2455 sunt
701 2415 758 2462 Jo.
785 2412 830 2449 de
849 2410 1008 2449 Tridino
1036 2411 1073 2445 ὃς
1096 2409 1216 2454 Junta.
1237 2404 1358 2452 postea

328 2470 439 2514 etjam
474 2467 578 2507 Voff.
610 2466 692 2505 MS.
718 2466 756 2502 δε
786 2465 952 2513 princeps
976 2460 1087 2499 editio
1108 2469 1176 2507 pro
1208 2456 1359 2494 rationes

328 2521 462 2560 habent
478 2520 639 2571 stationes
653 2546 664 2562 ‚
691 2517 749 2554 cui
766 2517 866 2552 locus
886 2514 945 2550 hic
964 2523 1041 2550 non
1065 2510 1126 2547 est.

380 2584 417 2610 2.
446 2570 668 2619 privilegium
690 2579 733 2607 (9⁸
752 2564 1013 2614 vetastiss'tmum
1033 2559 1197 2608 morem]
1238 2556 1357 2594 Rene

327 2624 417 2662 haec
437 2623 512 2661 duo
532 2620 731 2670 conjungit.
756 2628 843 2655 nam
866 2620 902 2653 δε
926 2614 1083 2653 vetustas
1121 2608 1227 2648 instar
1252 2607 1360 2646 habet

325 2675 510 2724 privilegii.
530 2672 601 2711 vid.
635 2669 764 2718 Legi.
793 2669 825 2709 §.
846 2667 908 2705 ult.
921 2663 1071 2714 Leg.11.
1095 2663 1132 2700 in
1145 2661 1254 2709 princ.
1268 2660 1360 2705 Leg.

331 2726 394 2764 ult.
422 2726 468 2763 D.
495 2725 540 2762 de
561 2733 654 2772 aqua
677 2724 713 2759 &
735 2730 827 2769 aqua
847 2719 919 2767 plu.
944 2728 1014 2754 arc.
1038 2711 1207 2761 Leg.111.
1236 2710 1270 2751 εἴ.
1290 2710 1358 2748 IV.

332 2776 458 2814 durius
486 2787 613 2825 aquae.
639 2772 690 2811 D.
715 2770 761 2809 de
784 2780 876 2820 aqua
895 2766 1035 2819 quotid.
1057 2765 1096 2802 &
1114 2762 1218 2801 restit.
1239 2762 1365 2800 RrT-.

335 2838 394 2863 ΤΒ
409 2842 429 2864 κ
445 2842 461 2863 s
476 2839 497 2863 H
509 2840 532 2863 u
549 2840 578 2862 s.

398 2888 431 2924 3.
469 2876 629 2914 Arbitrio
652 2876 712 2924 suo
743 2870 906 2922 rempubl.
936 2863 1222 2917 administrare,]
1258 2863 1329 2901 Pro
1350 2890 1361 2907 ‚

335 2925 609 2964 administrandi.
622 2926 676 2963 Sic
687 2925 724 2961 δε
737 2923 928 2961 Amisenos
938 2922 986 2958 ait
996 2921 1088 2957 infra
1103 2913 1362 2965 Epimxcm.

328 2976 404 3024 suis
424 2977 475 3013 uti
493 2976 625 3024 legibus.
651 2974 838 3022 utrobique
858 2971 1028 3019 fignificat
1045 2964 1243 3010 ἀυτονομιόιν
1264 2979 1272 3003 :
1303 2965 1361 3002 cui

337 3027 533 3074 opponitur
552 3025 658 3072 Epist.
679 3025 819 3062 XCIV.
839 3023 1034 3070 obstrifftum
1057 3019 1117 3068 effe
1135 3017 1214 3064 jure
1235 3022 1361 3052 Roma-

331 3077 427 3124 no.„1
442 3089 466 3115 n
480 3088 554 3116 EM.
587 3075 703 3114 Recste
723 3075 983 3122 ⁴intremus-,tatur
1009 3065 1263 3109 Rirtershufius
1292 3078 1362 3104 mo·

2194 1547 2208 1572 ¹
2230 1539 2485 1596 Libellus-

1413 1703 1485 1729 rem
1499 1689 1754 1729 administrare
1770 1700 1837 1738 pro
1858 1688 2142 1739 administrandi.
2169 1688 2346 1737 Exempla
2367 1699 2480 1739 pete..

1413 1753 1434 1779 a
1458 1742 1602 1780 Sanctio
1636 1743 1798 1780 Minerv.
1837 1739 2006 1778 Lib.11l.
2044 1751 2121 1788 cap.
2143 1739 2214 1776 VI.
2250 1751 2329 1789 pag.
2361 1754 2453 1788 427.

1416 1794 1454 1831 ὃς
1491 1804 1586 1842 quae
1623 1804 1690 1830 nos
1728 1792 1970 1840 congessimus
2003 1790 2048 1828 ad
2087 1790 2290 1840 Tranquill.
2328 1791 2457 1841 Callig.

1415 1855 1493 1892 cap.
1514 1844 1619 1881 LVI.
1645 1846 1756 1892 princ.
1785 1849 1841 1879 lta
1872 1841 2101 1879 bacchantem
2123 1852 2228 1893 atque
2243 1841 2469 1891 graffantem·

1416 1907 1485 1932 non
1508 1894 1618 1941 defuit
1633 1894 1800 1944 plerisque
1818 1895 1959 1931 animus
1978 1892 2122 1931 adoriri.

1467 1957 1501 1990 4.
1528 1947 1711 2002 Qamvis
1735 1945 1750 1995 ]
1783 1945 1890 1982 Ordo
1917 1945 1955 1981 &
1972 1944 2111 1988 sensus,
2140 1944 2306 1995 quamvis
2328 1944 2459 1983 intelli-

1412 2009 1547 2053 gerem,
1566 1997 1615 2033 ad
1632 1997 1670 2034 zd
1691 2009 1756 2033 non
1779 1997 1944 2044 pertinere
1968 1994 2130 2044 pleraque
2159 2007 2200 2032 ex
2224 1995 2305 2039 illo,
2329 1996 2371 2033 de
2391 2009 2456 2046 quo

1415 2058 1598 2104 quaeratur
1619 2075 1629 2091 ‚
1657 2047 1692 2085 id
1717 2047 1764 2084 est
1792 2075 1801 2089 ‚
1843 2046 2009 2095 quamvis
2035 2046 2162 2083 scirem
2195 2046 2233 2083 in
2258 2046 2318 2083 illo
2339 2047 2456 2085 libello

1419 2100 1599 2136 contineri
1623 2106 1718 2136 extra
1741 2096 1824 2135 illud
1842 2125 1851 2141 ‚
1872 2097 1918 2134 de
1939 2107 2014 2144 quo
2038 2096 2233 2145 quaeritur.
2264 2105 2338 2135 erat
2356 2098 2470 2135 enim.

1419 2149 1588 2186 verbosus
1609 2150 1645 2186 &
1668 2148 1842 2186 Asiaticus
1863 2175 1874 2192 ,
1911 2147 2085 2196 pleraque
2112 2147 2213 2196 supra
2241 2159 2322 2186 rem
2352 2159 2455 2186 com-

1420 2199 1590 2247 plecstens.
1618 2201 1648 2235 C
1661 2212 1683 2235 A
1698 2212 1720 2235 T
1734 2211 1754 2235 A
1771 2210 1808 2236 N.
2116 2199 2118 2201 ’

1473 2263 1507 2298 ς.
1545 2250 1612 2286 Ad
1637 2249 1714 2300 ica]
1756 2249 1857 2286 Male
1891 2247 2058 2286 Voffian.
2093 2247 2216 2292 addi,
2262 2247 2323 2285 etfi
2353 2247 2449 2286 idem

1419 2301 1698 2357 propagaverint
1721 2302 1775 2347 Jo.
1795 2299 1839 2337 de
1862 2298 2020 2337 Tridino
2034 2327 2045 2345 ,
2073 2298 2452 2345 Schurcrii,Catanaei

1421 2362 1534 2400 prima
1556 2351 1622 2389 Ed.
1643 2352 1681 2388 ὃ(
1702 2359 1854 2400 utraque
1877 2349 1974 2388 Aldi.

1471 2403 1739 2459 §.rraecipere
1758 2400 1940 2450 digneris.]
1981 2399 2038 2438 Sic
2065 2397 2171 2438 Vofl.
2197 2409 2278 2436 cum
2313 2397 2367 2441 Jo.
2403 2395 2450 2434 de

1419 2451 1577 2491 Tridino
1591 2482 1601 2498 ,
1630 2454 1839 2497 cannaco,
1860 2453 1969 2498 Junta
1982 2479 1992 2494 ‚
2011 2451 2169 2488 Grutero
2182 2476 2193 2493 ‚
2213 2446 2449 2490 Casaubono‚

1421 2504 1551 2542 Minoe
1567 2532 1577 2547 ,
1603 2504 1714 2552 idque
1737 2505 1773 2541 in
1792 2504 1954 2550 margine
1974 2502 2115 2538 notavit
2134 2497 2326 2545 Gryphius.
2356 2497 2448 2533 Non

1419 2553 1532 2602 placet
1550 2554 1659 2592 lecs'tio
1681 2555 1867 2604 utriusque
1886 2553 2039 2590 Aldinae
2062 2579 2072 2594 ,
2109 2547 2280 2586 Schurerii
2303 2573 2313 2590 ,
2350 2546 2450 2594 Gry-

1419 2605 1492 2652 phii
1505 2607 1636 2652 praeire
1656 2633 1665 2647 .
1702 2604 1875 2654 reeteque
1906 2605 2071 2640 fecerunt
2100 2597 2328 2636 casaubonus
2351 2623 2361 2640 ,
2390 2599 2447 2636 Cl.
2476 2631 2478 2633 ,

1419 2656 1544 2694 MInos
1569 2658 1607 2694 δε
1628 2656 1821 2699 Gruterus,
1848 2653 1948 2703 quod
1968 2653 2005 2690 in
2025 2656 2166 2687 textum
2189 2647 2345 2694 recipere
2369 2659 2447 2686 non

1417 2707 1549 2745 fuerint
1568 2706 1640 2744 ausi
1665 2734 1675 2751 ,
1710 2707 1768 2744 sed
1800 2713 1940 2743 tanturn
1971 2698 2119 2746 margini
2145 2695 2351 2735 adleverint.
2380 2698 2450 2738 Iste
2477 2719 2482 2723 ·

1420 2759 1519 2796 enirn
1538 2770 1615 2795 non
1632 2758 1742 2805 praeit
1755 2784 1765 2800 ‚
1792 2763 1830 2793 ut
1849 2753 1969 2791 videas
1986 2749 2094 2797 Epist.
2115 2746 2197 2784 LX.
2225 2749 2326 2796 cujus
2347 2747 2449 2788 dic‘iis

1421 2820 1502 2846 mos
1521 2808 1571 2846 est
1597 2807 1775 2857 gerendus
1788 2833 1797 2849 ‚
1836 2804 1894 2842 sed
1909 2799 2079 2850 praecipit.
2129 2797 2220 2834 Non
2240 2810 2354 2835 ovum
2370 2811 2448 2838 ovo

1419 2859 1565 2897 fimilius
1585 2885 1596 2901 ,
1633 2869 1743 2906 quam
1777 2856 1861 2892 huic
1883 2853 1967 2888 loco
1997 2847 2103 2896 Epist.
2136 2848 2332 2888 LXXVII.
2357 2859 2447 2890 extr.

1419 2910 1554 2959 ideoque
1572 2921 1642 2945 rem
1660 2907 1829 2954 integram
1852 2899 1984 2945 distuli,
2013 2899 2119 2942 dum,
2145 2900 2317 2944 Domine,
2348 2913 2449 2950 prae-

1421 2961 1555 3007 ceperiS
1575 2986 1587 3002 ,
1622 2957 1707 3006 qaid
1734 2954 1911 3001 observare
1933 2962 1984 2985 me
2014 2950 2110 2988 velis.
2145 2950 2203 2988 ubi
2222 2962 2336 2988 nemo
2357 2951 2447 2990 istud

1418 3010 1572 3047 verbum
1617 3004 1823 3044 sollicitavit.
1895 2998 2039 3037 Deinde
2092 3000 2224 3039 Aldina
2274 3003 2448 3050 posterior
2476 3017 2479 3020 ⁴

1421 3057 1611 3099 manifesto
1622 3065 1812 3105 operarum
1825 3052 1915 3091 vitio
1925 3050 2094 3101 excaeffere.
2123 3053 2157 3090 L
2172 3064 2196 3090 0
2209 3065 2232 3087 Ν
2248 3063 2273 3088 G
2289 3064 2313 3089 ο
2327 3065 2347 3090 r.
2361 3065 2374 3089 1
2385 3063 2410 3090 u
2421 3065 2448 3091 s.

2206 3114 2250 3141 1..
2264 3102 2452 3153 Libellus.].
2475 3109 2478 3114 '
