2616 3686
527 199 870 251 LIBER
943 197 1694 252 v11.EP18TOLA
1761 202 1855 251 vt.
2135 215 2230 269 491'

125 303 192 341 ex
217 279 421 350 diverso
443 277 644 351 liquet,
665 274 833 347 potest
873 273 927 330 ΕΘ*
950 270 1108 335 mihi,
1147 283 1160 304 ¹
1178 268 1325 343 quod
1339 271 1410 340 est
1434 273 1651 334 melius,
1688 273 1908 342 liquere.
1978 273 2128 332 Tum
2154 282 2227 334 le·
2268 294 2302 347 6

121 372 271 429 gatus
308 353 601 422 Polyaenus
639 345 812 403 causas
849 345 1076 399 abolitae
1112 344 1457 398 accusationis
1494 345 1737 414 expoltiit
1762 382 1779 407 ,
1812 344 2231 419 postulavitque,

122 433 140 454 ’
161 446 229 483 ne
255 425 552 496 cognitioni
577 419 811 476 Caesaris
837 418 1219 488 praejudicium
1246 416 1413 470 tieret.
1489 415 1796 486 Respondit
1830 417 2085 485 Magnus:
2128 420 2230 475 Ite-

120 516 348 571 rumque
383 497 398 525 ³
439 497 726 566 Polyaenus
763 509 777 545 ι
813 490 924 562 ipse
951 508 1069 545 raro
1094 490 1144 543 &
1177 488 1409 543 breviter
1433 491 1802 544 interlocutus,
1879 486 2118 544 Multum
2142 509 2230 548 me

116 590 135 617 ο
159 574 293 627 intra
319 569 576 624 silentium
604 566 767 619 tenui.
841 564 1048 633 Accepi
1075 563 1217 616 enim
1242 599 1258 624 ,
1298 579 1407 616 non
1433 564 1606 617 minus
1633 560 1905 616 interdum
1932 564 2226 619 oratorium
2271 584 2305 634 7

119 645 224 701 ess'e
248 658 421 698 tacere
444 656 598 711 quam
626 637 834 691 dicere:
873 650 1033 706 atque
1056 634 1193 688 adeo
1219 651 1436 706 repeto,
1460 634 1775 706 quibusdam
1803 651 1890 689 me
1914 635 2097 705 capitis
2125 639 2227 690 reis

124 719 206 773 vel
242 716 402 784 magis
426 712 657 772 filenti0,
697 726 856 779 quam
880 710 1121 762 oratione
1148 707 1529 761 accuratissima
1552 705 1814 777 profuiffe.
1846 705 2023 760 Mater
2050 707 2231 763 amiss'o
2273 709 2305 769 8,

122 790 229 845 filio
269 784 430 858 (quid
468 783 607 837 enim
645 781 893 852 prohibet
919 817 933 840 ,
984 797 1286 851 quanquam
1327 781 1424 833 alia
1458 782 1595 833 ratio
1629 779 1936 835 scribendae
1982 779 2231 848 epistolae

121 861 307 922 fuerit,
347 858 414 911 de
443 854 617 909 studiis
645 853 978 923 disputare?)
1004 853 1219 907 libertos
1246 851 1383 922 ejus,
1409 851 1737 922 eosdemque
1761 850 2057 907 coheredes
2079 853 2228 919 sum,

118 933 224 987 salii
264 934 314 983 &
361 929 602 982 veneficii
643 946 766 982 reos
794 926 1056 980 detulerat
1082 925 1148 979 ad
1175 924 1478 995 Principem
1498 963 1514 988 ‚
1545 923 1890 994 judicemque
1914 927 2229 995 impetrave-

117 1019 191 1058 rat
223 1003 418 1073 Julium
455 1001 782 1054 Servianum.
865 997 1225 1052 Defenderam
1259 1015 1379 1052 reos
1414 999 1620 1067 ingenti
1644 996 1864 1068 quidem
1889 1009 2074 1050 coetu:
2115 1012 2226 1053 erat
2272 1014 2307 1052 9

115 1080 255 1131 enim
293 1073 441 1138 causa
474 1070 755 1126 notiffima.
795 1086 1064 1140 praeterea
1107 1070 1362 1141 utrinque
1411 1072 1622 1139 ingenia
1669 1067 1962 1122 clariffima.
2039 1067 2227 1124 Finem

115 1147 409 1218 cognitioni
445 1152 459 1179 ς
500 1144 736 1214 quaestio
773 1142 1063 1214 imposuit,
1109 1140 1127 1162 ⁶
1162 1158 1302 1213 quae
1330 1142 1625 1197 secundum
1650 1158 1772 1196 reos
1797 1140 1966 1198 dedit.
2045 1140 2226 1196 Postea
2281 1159 2338 1193 ιο

113 1235 278 1276 mater
324 1220 452 1275 adiit
502 1218 804 1290 Principem
833 1254 850 1281 ,
901 1213 1186 1271 affirmavit
1236 1214 1289 1270 se
1341 1232 1506 1271 novas
1556 1212 1904 1285 probationes
1959 1211 2231 1341 inYessiffe'

2129 1303 2241 1340 rae-

113 1441 291 1480 Latinum
315 1438 363 1477 est
386 1466 396 1483 ,
426 1436 452 1475 fi
472 1437 518 1475 ad
538 1436 721 1486 superiora
743 1435 876 1474 referas
898 1464 910 1483 ,
947 1444 988 1475 ut
1010 1436 1135 1478 referri
1201 1438 1364 1486 epitheto
1389 1438 1580 1475 Homerus
1599 1435 1769 1485 Ulyffern
1794 1433 1908 1472 donat
1930 1440 2109 1482 tanquam
2134 1434 2231 1486 mul-¹

114 1492 232 1533 dener.
1201 1496 1322 1526 tarum
1342 1488 1493 1526 laudum
1517 1489 1651 1526 virum.
1680 1487 1712 1524 C
1728 1499 1749 1523 Α
1766 1499 1787 1523 τ
1805 1498 1826 1521 Α
1842 1497 1878 1522 N.

168 1565 181 1589 1
213 1554 318 1601 Qod
340 1550 383 1598 est
404 1549 539 1588 melius.
562 1547 578 1595 Ἰ
610 1548 709 1585 Cum
733 1546 798 1584 sun
819 1548 957 1586 Vareni
978 1549 1135 1588 advoca·
1255 1563 1278 1596 4
1310 1556 1410 1588 Intra
1439 1550 1631 1598 filentium.
1654 1551 1670 1600 ]
1713 1552 1828 1599 Quod
1853 1550 1900 1589 est
1923 1551 2121 1590 secundum
2145 1553 2231 1592 Phi·
2279 1566 2282 1570 ·

114 1607 197 1646 tus,
222 1616 260 1641 ur
296 1603 383 1639 milii
414 1599 554 1638 constet
581 1609 625 1636 cx
647 1598 794 1636 decreto
806 1600 1016 1647 provinciae
1028 1612 1133 1640 accu-
1199 1600 1387 1639 lostratum
1414 1601 1581 1650 sermonis
1613 1601 1782 1649 magister.
1829 1600 1920 1639 Inde
1943 1613 2029 1639 cum
2058 1603 2136 1640 Lib.
2161 1602 2232 1641 VI.

115 1650 290 1691 sationem
315 1654 390 1699 ejus
413 1649 590 1688 omiffiim.
630 1649 662 1686 C
677 1662 698 1685 A
713 1662 736 1686 τ
752 1662 770 1686 Α
786 1661 821 1685 u.
859 1650 985 1697 Vulgo
1008 1652 1134 1691 scribe-
1164 1682 1165 1687 ,
1196 1651 1270 1688 hoc
1290 1651 1494 1701 scripsisset,
1522 1654 1641 1690 retulit
1664 1652 1772 1689 Vlll.
1795 1653 1887 1690 inter
1911 1653 2042 1699 primas
2055 1655 2230 1693 orationis

116 1701 200 1742 bant
224 1718 231 1740 :
261 1705 351 1752 quoal
372 1704 415 1749 est
438 1701 557 1738 melius
581 1727 590 1743 ‚
617 1701 655 1738 in
679 1697 792 1736 caussa
813 1699 941 1749 liquere
965 1729 974 1744 ‚
1002 1712 1132 1741 verum
1200 1702 1352 1740 virtutes
1386 1703 1675 1741 enumerandam
1710 1701 1821 1739 videri
1855 1702 1995 1739 dicendi
2032 1704 2233 1745 mazer-ati-

118 1752 295 1802 Optimus
312 1756 348 1792 in
372 1751 486 1801 caussa
510 1763 587 1788 non
611 1750 794 1798 agnoscit,
822 1762 942 1800 neque
962 1751 1052 1790 istud
1066 1754 1133 1791 Al·
1200 1763 1334 1790 onem:
1364 1762 1484 1792 tacere
1506 1762 1568 1790 aut
1585 1766 1631 1791 m
1654 1755 1689 1790 in
1711 1753 1850 1800 J'udicio
1866 1762 2035 1801 quartam
2048 1765 2228 1797 virtutem

119 1799 184 1841 dus
217 1805 392 1852 expressit.
445 1803 517 1840 Alii
553 1802 658 1840 MSS.
691 1802 729 1840 &
759 1801 825 1838 Ed.
863 1803 951 1840 Vet.
973 1803 1130 1842 habent:
1200 1804 1405 1853 percepisse.
1445 1806 1570 1852 Quare
1590 1803 1771 1852 subjunxit
1795 1803 1983 1842 Secundus
2006 1817 2074 1840 non
2108 1809 2230 1845 minus

119 1855 211 1899 quod
230 1856 273 1899 est
296 1856 416 1892 melius
442 1852 558 1889 caussa
579 1852 716 1902 liquere.
766 1851 820 1889 Ut
840 1862 972 1890 verum
996 1853 1131 1901 fatear,
1201 1856 1393 1893 oratorium
1426 1855 1484 1905 effe
1515 1866 1626 1893 tacere
1648 1884 1658 1900 ‚
1706 1867 1814 1904 quam
1841 1855 1960 1891 dicere.
2019 1855 2116 1891 Nam
2142 1869 2228 1895 cum

122 1912 168 1956 ne
200 1903 245 1940 [ιε
277 1905 427 1952 quidem
461 1903 585 1940 omnia
618 1903 698 1941 saria
727 1902 828 1947 sunt,
855 1912 964 1953 atque
986 1915 1032 1941 eo
1058 1905 1133 1945 fere
1203 1914 1327 1943 orator
1351 1905 1393 1945 fit
1414 1908 1468 1944 vir
1487 1906 1605 1944 bonus
1628 1905 1771 1944 dicendi
1791 1914 1924 1954 peritus
1943 1933 1953 1950 ,
1979 1905 2159 1953 sequitur,
2188 1915 2230 1946 ut:

123 1953 258 1989 inclino
281 1982 290 1997 ‚
317 1964 356 1992 ut
379 1956 416 1992 8(
441 1954 495 1991 illa
517 1968 528 1996 ;
567 1955 657 2002 quod
678 1951 722 1999 est
743 1953 865 1991 melius
889 1981 900 1997 ,
938 1966 983 1992 ex
1007 1955 1132 1994 Glossa
1203 1956 1241 1993 ὃς
1274 1956 1418 1996 tacendi
1439 1968 1568 2006 gnarus
1592 1956 1642 1996 fit.
1697 1957 1939 2004 Quamquam
1967 1956 2172 1994 Plutarchus
2192 1959 2232 1996 in

122 2002 292 2049 irrepsiffc
314 2004 523 2042 existimem.
551 2004 641 2041 Sane
665 2003 852 2042 Medic-eus
872 2005 1135 2044 haectantum-
1201 2005 1389 2054 symposiis
1408 2008 1557 2052 scribat,
1583 2018 1736 2045 oratores
1752 2007 1947 2044 oratoriam
1962 2007 2126 2051 dicendo,
2148 2006 2232 2057 phi-

123 2054 241 2090 morlo
262 2056 403 2093 exhibet
427 2068 435 2092 ε
482 2054 612 2102 Rursus
634 2053 690 2092 ille
712 2071 722 2090 .·
765 2054 874 2102 Potest
897 2056 962 2093 tibi
983 2055 1132 2104 liquere,

120 2115 163 2157 (κ
189 2105 322 2154 diverso
345 2105 474 2156 liquet,
497 2105 598 2153 potest
618 2116 660 2144 (7
686 2104 794 2148 mihi,
822 2108 912 2154 quod
933 2106 976 2153 est
989 2108 1109 2146 meli-is
1124 2139 1134 2155 ‚

119 2154 257 2201 liquere.
314 2157 462 2194 Helmst.
491 2166 615 2194 autem
647 2157 686 2194 &
720 2155 786 2193 Ed.
817 2156 902 2194 Vet.
932 2171 974 2195 ex
998 2160 1134 2208 diverso

122 2202 215 2241 libet.
245 2207 364 2244 Plures
384 2207 521 2254 scripti:
550 2205 664 2254 cauffa
684 2207 849 2255 liqueret.
898 2213 1047 2255 Legatus
1073 2218 1134 2247 Po·

124 2255 266 2302 lyaenus
291 2266 348 2295 cet
371 2285 382 2301 ,
410 2256 536 2295 omissa
558 2258 725 2306 particula
747 2262 836 2294 Tum
851 2285 861 2300 ‚
888 2267 1135 2307 quamtamen

121 2305 312 2344 Primanus
342 2317 442 2346 tenet
465 2337 475 2350 ‚
515 2310 552 2346 &
585 2308 621 2344 in
651 2308 724 2344 aliis
751 2319 813 2355 per
841 2317 967 2346 notam
992 2322 1137 2358 praece·

124 2355 223 2394 denti
250 2359 361 2396 verbo
382 2359 561 2405 adjeciam
585 2355 653 2394 effe
668 2386 677 2400 ,
705 2367 812 2403 patet.
838 2359 1000 2398 Potuerit
1021 2362 1136 2410 lique-

126 2417 162 2445 re
183 2409 221 2445 ὃ(
241 2409 354 2446 Plinio
370 2438 380 2453 ,
409 2411 446 2447 ὅ(
471 2409 650 2456 Nigrino;
675 2409 769 2445 Mihi
794 2420 882 2445 vero
904 2421 979 2446 non
1001 2410 1136 2459 liquet,

127 2469 218 2507 quac
242 2457 422 2506 singularis
442 2461 501 2497 hic
522 2459 677 2496 lubic-{ia
710 2458 750 2495 lit
780 2458 962 2498 sententia.
1015 2463 1139 2510 Quare

128 2520 189 2558 per
213 2517 331 2546 otium
355 2510 399 2546 de
420 2511 492 2547 hoc
512 2510 598 2547 loco
621 2509 870 2557 cogitabimus.

179 2585 200 2611 2
229 2580 281 2611 Ne
310 2574 494 2622 cognitioni
526 2573 686 2620 Caesaris
716 2570 967 2622 praejudicium
991 2571 1097 2618 fieret.
1122 2573 1137 2623 ]

133 2624 185 2663 Ut
206 2627 340 2673 integra
366 2627 492 2661 omnia
510 2626 713 2671 cognitioni
737 2622 894 2660 Caesaris
921 2621 1141 2661 reservaren-

132 2683 205 2720 tur,
233 2685 272 2714 ut
304 2675 374 2723 ipse
406 2677 444 2713 in
475 2673 548 2712 fine
572 2673 752 2723 Epistulae
776 2673 908 2710 Plinius
931 2676 1141 2722 interpreta-

133 2736 197 2764 tur.
221 2723 427 2764 Buciimzu.

184 2799 203 2835 3
235 2786 469 2837 Polyaenum]
519 2787 579 2825 De
613 2784 820 2835 magistratu
850 2785 893 2823 ad
927 2786 1140 2835 Polyaenum

138 2838 272 2885 scriptas
291 2838 453 2886 epistolas
475 2837 619 2875 testatur
644 2841 790 2877 Seneca.
834 2836 916 2874 Fuit
938 2839 974 2875 &
1001 2839 1144 2886 Polyae-

1202 2057 1351 2106 losophox
1383 2073 1467 2096 vero
1495 2057 1747 2109 philosophiam
1779 2057 1919 2095 tacendo
1951 2069 2104 2095 exercere
2131 2073 2140 2093 .-
2170 2059 2231 2098 sed

1206 2119 1290 2146 curn
1323 2118 1477 2160 utraque
1510 2109 1657 2148 facultas
1685 2110 1788 2158 juxta
1822 2107 1861 2145 sit
1887 2135 1896 2150 ‚
1924 2116 1963 2145 ut
1986 2109 2049 2157 qui
2068 2108 2231 2155 optimus

1202 2167 1325 2198 orator
1347 2160 1447 2198 idem
1467 2160 1508 2198 sit
1529 2163 1691 2210 optimus
1709 2159 1942 2207 philosophus
1957 2186 1965 2200 ‚
1993 2170 2072 2195 non
2096 2169 2231 2197 mirum

1200 2208 1225 2246 fi
1247 2211 1431 2248 interdum
1455 2219 1579 2248 orator
1600 2210 1804 2260 philosophi
1827 2218 1941 2257 partes
1964 2209 2045 2255 agit.
2086 2207 2139 2244 In
2154 2220 2175 2244 E
2190 2222 2232 2247 M.

1203 2260 1354 2298 Helmst.
1388 2262 1498 2299 Arnz.
1532 2262 1662 2298 Oxon.
1685 2262 1724 2297 &
1746 2259 1814 2296 Ed.
1835 2259 1921 2295 Vet.
1945 2258 2100 2294 multum
2123 2259 2228 2294 intra

1195 2309 1374 2358 filentium
1396 2323 1494 2348 tenus
1518 2312 1651 2359 accepi,
1678 2321 1723 2346 co
1736 2318 1857 2355 rupte.
1908 2308 2041 2344 Aldus:
2070 2308 2228 2345 multum

1203 2375 1254 2397 me
1288 2364 1324 2399 in
1363 2360 1502 2398 silentio
1527 2363 1632 2398 tenui.
1670 2360 1850 2405 Vulgatac
1869 2357 2097 2406 adstipulatur
2120 2360 2231 2407 Opti-

1203 2423 1292 2449 mus.
1335 2412 1416 2449 Lib.
1452 2412 1519 2449 lV.
1555 2410 1661 2458 Epist.
1694 2409 1819 2447 XVll.
1854 2421 1886 2445 n.
1923 2414 1956 2450 8.
1978 2408 2164 2458 paullisper
2193 2410 2229 2448 se

1202 2462 1292 2498 intra
1317 2461 1496 2499 silentium
1519 2462 1638 2498 tenuit
1659 2489 1669 2504 ,
1709 2462 1800 2507 quod
1822 2458 1874 2496 illi
1897 2460 2089 2508 plurimum
2111 2462 2230 2498 austo-

1204 2513 1324 2550 ritatis
1346 2513 1513 2549 addebat.
1543 2511 1623 2548 Lib.
1649 2510 1714 2548 IX.
1737 2509 1844 2558 Epist.
1867 2509 2006 2546 XXlll.
2030 2521 2067 2546 n.
2094 2523 2125 2548 1.
2147 2521 2228 2547 cum

1201 2563 1262 2600 diu
1293 2565 1324 2608 se
1356 2565 1448 2601 intra
1478 2562 1632 2600 iudicum
1664 2561 1910 2598 austeritatem
1941 2559 2229 2609 gravitatemque

1203 2613 1408 2651 tenuissent.
1453 2611 1550 2649 Infra
1587 2611 1776 2649 Mediceus
1809 2614 1847 2649 ὃς
1876 2613 1986 2648 ceteri
2006 2611 2121 2658 scripti
2140 2622 2228 2648 cum

1203 2664 1270 2701 Ed.
1302 2665 1390 2702 Vct.
1418 2677 1470 2700 me
1499 2662 1711 2709 quibusdam
1741 2663 1864 2711 capitis
1897 2662 1959 2698 reis
1987 2689 1997 2705 ,
2035 2671 2114 2698 non
2136 2688 2148 2706 ,
2184 2669 2227 2711 ut

1207 2715 1410 2762 Vu‘gatae:
1440 2713 1653 2763 quibusdam
1677 2726 1730 2750 me
1752 2721 1824 2763 cap.
1844 2725 1876 2748 r.

1259 2788 1275 2824 ς
1306 2774 1508 2824 Quaestum}
1538 2775 1737 2812 Servorum
1758 2784 1909 2815 tortura.
1939 2776 2096 2817 ema.

1258 2841 1281 2876 6
1308 2842 1408 2888 §Luae
1423 2839 1615 2888 secundum
1639 2854 1709 2877 reos
1731 2839 1839 2878 dedit.
1864 2839 1880 2890 ]
1925 2845 2020 2879 Dare
2034 2841 2230 2890 secundani

142 2899 203 2922 nus
226 2887 406 2926 Sardianus
428 2889 648 2928 declamator
668 2890 729 2927 sub
750 2888 846 2933 Iulio
861 2888 1010 2925 Caesare
1025 2917 1033 2932 ‚
1057 2890 1142 2927 item
1209 2905 1281 2928 reos
1307 2918 1316 2934 ,
1345 2892 1583 2939 pronunciare
1606 2902 1673 2939 pro
1697 2892 1763 2929 reis
1785 2890 1836 2929 est
1860 2919 1870 2934 ‚
1900 2891 1994 2930 ferre
2017 2892 2232 2932 sententiam

148 2936 329 2982 Polyaenus
351 2948 470 2977 orator
491 2940 662 2978 Macedo.
692 2941 798 2987 Lego
822 2939 1033 2984 polyaenum
1055 2941 1142 2976 Pru·

144 2984 197 3021 sae
217 2984 367 3024 domum
385 2989 434 3026 D.
455 2989 608 3028 Claudio
628 2989 780 3041 legasse,
807 2991 845 3028 &
868 2991 977 3027 alium
1002 2988 1145 3037 Polyae-

147 3046 231 3070 num
253 3035 295 3071 ab
320 3036 475 3076 Adriano
493 3043 590 3079 mori
615 3041 807 3080 adactum:
837 3041 982 3079 adhaec
1002 3040 1139 3088 Polyae-

1209 2953 1275 2989 pro
1300 2943 1376 2978 reis.
1403 2940 1581 2986 Exempla
1601 2942 1710 2979 habes
1732 2941 1829 2988 apud
1849 2942 2042 2991 Cujaciuin
2071 2944 2232 2983 Lib.VI.

1214 2993 1367 3030 Observ.
1400 3002 1475 3040 cap.
1505 2990 1664 3028 XXVII.
1701 2992 1910 3030 Rucuma.
1947 2994 2122 3041 Optimus
2143 2995 2232 3032 Pro-

1215 3043 1432 3080 vocabulum
1467 3054 1554 3092 quae
1586 3043 1755 3080 omittit:
1794 3042 1941 3092 quaestio
1975 3044 2155 3093 imposuit,
2183 3045 2229 3086 se-

148 3084 182 3123 ni
203 3085 369 3125 meminit
387 3087 521 3128 Seneca
541 3092 584 3131 de
607 3092 693 3133 dote
725 3092 934 3144 praelegata.
986 3092 1149 3141 Polyaeni
1215 3094 1369 3132 cundum
1401 3106 1470 3133 reos
1501 3092 1607 3133 dedit.
1659 3092 1873 3134 Formulam
1897 3123 1908 3142 ,
1935 3095 2129 3146 ficundum
2163 3105 2231 3129 reos

1570 3145 1683 3195 Qqq
1707 3156 1729 3184 2
2114 3142 2235 3188 dedit,
