2616 3686
640 188 984 241 LIBER
1052 187 1726 247 LEPISTOLA
1793 202 1861 251 x.
2198 221 2257 270 39

173 302 191 324 ¹
225 279 515 348 sculptore3
555 291 573 312 2
610 271 825 334 sistor&
866 269 959 324 nisi
980 268 1175 323 artifex
1201 269 1463 334 iudicare:
1505 275 1575 328 ita
1606 279 1695 330 nisi
1722 279 1921 351 sapiens
1945 299 2053 337 non
2077 285 2250 352 potest

172 350 464 425 perspicere
492 345 796 415 sapientem.
877 344 1154 415 Quantum
1182 343 1310 398 mihi
1338 360 1515 418 tamen
1543 347 1556 373 ³
1585 366 1807 404 cernere
1845 353 2002 406 datur
2028 393 2043 416 ‚
2087 357 2250 408 multa
2307 364 2336 412 5

170 434 222 486 in
262 423 538 493 Euphrate
580 418 647 473 s1c
683 420 921 472 eminent
958 416 1007 467 δι’
1052 417 1266 469 elucent
1292 456 1307 481 ‚
1354 433 1411 471 ut
1443 419 1792 476 mediocriter
1815 442 2034 496 quoque
2064 426 2252 480 doctos

167 497 531 553 ⁴·advertant,
571 490 910 545 &adficiant.
983 487 1228 558 Disputat
1253 490 1538 554 subtiliter,
1579 497 1841 565 graviter,
1881 513 2096 560 omme,
2141 499 2248 552 fse-

167 582 399 643 quenter
428 567 592 619 etiam
615 567 628 592 ⁵
664 563 994 618 Platonicam
1019 563 1159 616 illam
1187 562 1564 619 sublimitatem
1596 567 1648 620 δε
1673 561 1690 584 ⁶
1713 569 2053 624 latitudinem
2091 569 2247 625 effin-

167 647 268 715 git.
344 642 530 694 Sermo
571 635 645 688 est
683 635 952 705 copiosus,
996 640 1048 687 &
1083 635 1279 690 varius:
1322 637 1489 692 dulcis
1525 639 1823 710 imprimis,
1867 645 1915 695 o'z
1960 647 2050 714 qui
2092 661 2250 714 repu-

171 728 392 789 gnantes
429 725 649 781 quoque
690 720 709 747 ⁷·
742 709 902 763 ducat
940 707 994 759 &
1022 707 1276 777 impellat.
1354 705 1371 731 ³
1409 711 1498 766 Ad
1527 714 1658 766 haec
1685 718 1977 784 proceritas
2007 719 2251 787 corporis
2303 740 2336 779 (ς

173 791 227 843 ὅε
255 788 448 841 decora
471 779 661 845 facies,
698 780 944 836 demissus
971 782 1221 850 capillus,⁴
1254 783 1441 852 ingens
1467 785 1518 838 δέ
1546 783 1564 807 ⁹
1592 803 1721 840 cana
1748 788 1934 843 barba:
1972 791 2248 860 quaelicet

171 859 387 917 fortuita
416 855 470 910 <Sc
505 855 679 910 inania
706 867 996 927 putentur,
1034 854 1106 909 illi
1131 868 1309 910 tamen
1342 857 1631 928 plurimum
1672 864 2029 917 venerationis
2066 864 2250 930 acqui-

2110 948 2252 990 l'Unt.

165 1071 285 1112 sutore
302 1076 476 1108 notatum
495 1067 599 1118 quod
627 1067 664 1106 in
692 1067 848 1116 crepidis
868 1067 1064 1116 pauciores
1077 1066 1177 1105 ansas
1199 1064 1206 1116 l
1227 1065 1329 1104 Vofl'·
1353 1068 1393 1106 δε
1410 1068 1505 1107 Edd.
1524 1071 1726 1110 nonnullae
1741 1082 1912 1121 vertant,
1939 1074 2039 1115 Vide
2062 1075 2108 1115 ad
2128 1077 2252 1114 Luca·

165 1134 238 1161 una
272 1123 368 1159 intus
394 1118 542 1157 feciffet.
594 1118 739 1157 Eodem
773 1118 919 1167 postero
949 1119 1008 1156 die
1029 1119 1178 1166 superbe
1199 1146 1205 1167 L
1226 1118 1264 1156 ni
1288 1119 1371 1158 Lib.
1392 1121 1502 1159 Vin.
1521 1133 1570 1159 vs.
1593 1122 1678 1172 857.
1812 1123 1816 1126 ’

164 1174 215 1212 ob
237 1171 539 1211 emendationem
563 1170 728 1219 pristinae
747 1170 998 1208 annotationis
1008 1169 1179 1207 cavillari·
1198 1172 1205 1230 l

163 1231 201 1262 te
221 1226 315 1262 circa
337 1233 415 1261 crus
433 1250 444 1266 ,
478 1221 710 1271 indignatum
733 1221 904 1266 Apellen]
925 1219 1176 1263 denunciaffe,
1198 1227 1200 1234 ¹
1278 1240 1348 1250 ——-
1376 1242 1447 1253 —-
1475 1235 1589 1274 quern
1612 1238 1679 1263 non
1695 1228 1825 1266 tumuli
1841 1228 2036 1268 venerabile
2053 1229 2189 1279 saxum

163 1285 212 1314 ne
241 1276 343 1322 supra
372 1272 559 1321 crepidam
590 1272 690 1310 sutor
710 1271 902 1320 judicarer.
928 1272 1031 1321 quod
1059 1270 1200 1318 ipsum*
1275 1272 1472 1313 Advertet.

162 1326 242 1376 post
271 1327 308 1364 in
338 1324 574 1374 proverbium
606 1324 729 1367 venit,
757 1334 835 1372 quo
854 1322 1106 1360 admonemur
1133 1333 1180 1359 ne

162 1377 264 1426 supra
281 1376 440 1414 nostram
459 1382 573 1412 artem
591 1374 802 1423 judicemus
817 1401 826 1417 ,
856 1374 1084 1411 &convenit
1095 1383 1180 1410 cum
1201 1393 1205 1433 Ι
1282 1390 1301 1425 ς
1330 1377 1552 1416 Platonicam
1572 1379 1874 1432 fitblimitatem.]
1912 1384 1972 1422 De
1994 1394 2066 1432 qua
2087 1382 2158 1421 late
2181 1383 2248 1420 Fa-

166 1428 352 1469 Caecili0‚
383 1438 429 1464 ne
450 1425 809 1476 scilicetjudicemus
828 1436 906 1462 rein
924 1451 935 1469 ,
963 1436 1076 1473 quam
1102 1435 1180 1462 non
1224 1426 1314 1464 bius.
1367 1430 1560 1467 Platonem
1583 1432 1750 1470 divinum
1780 1434 1937 1482 appellat
1962 1434 2178 1471 Columella.-
2207 1436 2247 1472 &

162 1481 351 1518 novimus.
376 1477 566 1516 CATAN.
1228 1479 1391 1526 Diogenes
1424 1480 1635 1518 Platonicae
1661 1485 1840 1521 orationis
1867 1487 2061 1533 geminum
2099 1486 2217 1522 stilum
2235 1511 2247 1530 ‚

221 1541 236 1568 t
268 1526 474 1577 sculptore.]
508 1528 754 1565 Marmoratio
778 1555 788 1571 ‚
815 1527 1012 1571 statuario,
1051 1528 1089 1564 &
1117 1526 1181 1574 qui
1222 1527 1282 1565 sed
1306 1539 1504 1578 utrumque
1521 1531 1707 1568 summurn
1728 1534 1847 1570 tradit.
1876 1535 2030 1572 Canu.

165 1581 297 1628 pocula
317 1580 404 1616 facit
425 1578 630 1623 ἀνάγλυφα
649 1588 862 1624 quanquam
889 1577 956 1613 fint
977 1577 1039 1624 qui
1052 1576 1178 1613 distin·
1276 1579 1298 1613 6
1327 1581 1568 1616 Latitudinem
1593 1581 1604 1625 l
1651 1582 1864 1621 Ubertatcm
1889 1613 1899 1629 ,
1927 1586 2086 1634 amplam
2115 1586 2244 1624 facun-

165 1636 304 1678 guam,
331 1636 370 1664 ut
390 1628 546 1673 sculptor
570 1627 634 1667 fit,
661 1626 724 1672 qui
745 1625 910 1672 scalpello
933 1627 1059 1662 statuas
1077 1625 1180 1662 effin-
1223 1627 1334 1665 diam.
1391 1631 1563 1678 Respexit
1589 1632 1724 1669 Plinius
1752 1633 1794 1670 ad
1827 1646 1980 1674 nomen,
2036 1638 2131 1673 Nam
2161 1638 2244 1685 qui.

166 1681 219 1728 git
241 1692 248 1715 :
275 1678 461 1715 statuarius
483 1704 493 1718 ‚
529 1677 592 1724 qui
623 1675 696 1712 alio
719 1675 855 1712 modo:
885 1678 969 1724 quia
990 1675 1084 1723 apud
1109 1675 1177 1712 Pli-
1199 1682 1201 1721 j
1222 1679 1306 1715 dam
1331 1682 1432 1730 ajUnt
1450 1680 1553 1718 fuiffe
1570 1684 1810 1720 exercitatum
1832 1686 1930 1732 apud
1953 1686 2164 1723 Aristonem
2180 1698 2243 1734 pa-

165 1731 271 1768 nium
289 1736 396 1776 caput
420 1727 461 1765 fit
478 1726 524 1764 de
541 1723 774 1772 sculptoribus
795 1727 831 1761 &
852 1725 1035 1763 statuariis.
1064 1725 1180 1762 IDEM.
1197 1725 1200 1779 J
1222 1728 1412 1767 laestritam
1428 1758 1440 1775 ,
1468 1730 1487 1767 a
1509 1743 1586 1780 quo
1610 1732 1800 1770 Platonem
1823 1745 1888 1782 pro
1907 1738 2059 1785 egregio
2081 1739 2245 1785 corporis

168 1780 211 1818 In
228 1778 473 1817 Riccardiano
485 1776 532 1813 est
545 1776 728 1826 scalptore.
759 1774 935 1824 idemque
950 1775 1174 1812 vocabulum
1197 1822 1199 1829 .
1220 1779 1345 1817 habitu
1365 1783 1676 1829 cognominatum
1696 1811 1704 1825 ‚
1735 1795 1819 1821 cuin
1844 1787 1939 1833 prius
1962 1788 2172 1825 Arist0:eies
2197 1802 2243 1828 ex

167 1831 205 1868 in
221 1831 384 1877 margine
407 1829 450 1866 ab
469 1829 617 1876 antiqua
641 1836 752 1862 manu
775 1853 785 1869 ‚
812 1833 1003 1874 tamquam
1024 1824 1176 1874 singula·
1197 1832 1200 1864 ὲ
1221 1830 1281 1867 avi
1297 1833 1455 1869 nomine
1479 1841 1634 1871 vocatus
1655 1833 1754 1873 esset.
1809 1835 1900 1875 Sunt
1922 1840 1985 1888 qui
2005 1839 2048 1875 ab
2067 1841 2245 1878 orationis

168 1891 233 1925 re,
260 1880 466 1918 adnotatur.
519 1877 722 1925 Coniungit
739 1876 799 1913 ista
818 1877 881 1915 tria
901 1878 1010 1933 etiam
1033 1866 1200 1930 Tullius}
1221 1882 1385 1920 ubertate
1405 1885 1442 1920 &
1469 1885 1559 1922 mira
1581 1885 1773 1925 latitudine
1795 1914 1807 1933 ‚
1838 1887 1886 1925 sic
1913 1890 2135 1938 appellatum
2175 1904 2242 1939 pu-

168 1929 219 1968 11-
243 1930 288 1966 de
310 1931 394 1966 Nat·
417 1930 462 1967 D·
485 1939 562 1976 cap·
586 1928 664 1964 LX·
719 1931 838 1976 Itaque
857 1927 906 1963 ad
928 1928 1152 1976 pingendum
1168 1935 1199 1989 ,ξ
1222 1939 1327 1977 tent,
1354 1933 1429 1972 sive
1459 1935 1562 1984 quod
1592 1937 1712 1984 ampla
1741 1939 1851 1976 fuerit
1882 1939 2028 1986 fronte,
2057 1951 2096 1980 ut
2114 1943 2242 1981 Nean-

169 1981 218 2017 ad
245 1979 456 2028 fingendum
481 2005 492 2022 ,
526 1978 575 2014 ad
601 1977 835 2025 scalpendum
861 1988 945 2026 apta
970 1992 1099 2016 manus
1121 1978 1176 2023 est.
1195 1994 1200 2061 Ι
1220 1983 1299 2020 thes
1315 1984 1432 2023 scribit
1452 1985 1602 2024 auctore
1627 1990 1773 2026 Laertio.
1803 1990 1920 2028 int-m.

166 2030 219 2068 Ita
252 2031 315 2067 1V.
345 2028 523 2066 Academ.
553 2039 631 2075 cap·
664 2027 799 2065 XXXI.
854 2035 935 2066 Non
968 2030 1062 2067 enim
1096 2029 1140 2076 est
1162 2045 1200 2088 ⁶1
1275 2046 1293 2082 7
1324 2040 1445 2072 Ducat
1472 2050 1513 2077 <9-
1537 2037 1732 2088 impellat]
1779 2041 1946 2079 Riccard.
1978 2052 2022 2082 ey·
2054 2044 2116 2094 qui
2144 2053 2240 2094 repu-

159 2083 250 2129 saxo
273 2079 443 2129 scalptus,
469 2089 535 2116 aut
552 2093 568 2116 e
589 2077 702 2116 robore
729 2080 898 2137 d⁰²a²²⁴‘.’
938 2088 977 2118 ut
1005 2081 1054 2119 est
1081 2082 1176 2130 apud
1195 2095 1200 2128 3
1221 2087 1363 2135 gnomis
1386 2088 1643 2138 quoquedicat‚
1670 2091 1847 2140 impellat,
1879 2093 2072 2140 &Copula
2085 2096 2239 2144 quidem

170 2132 338 2170 Nonium
369 2141 446 2178 cap.
475 2130 522 2168 11.
547 2142 581 2169 n.
614 2141 697 2179 235.
719 2130 812 2168 Edd.
831 2131 1021 2169 Ciceronis
1041 2134 1178 2170 habent
1198 2143 1203 2178 1
1224 2138 1269 2173 ab
1297 2138 1370 2175 aliis
1399 2140 1509 2176 etiam
1543 2139 1688 2179 duobus
1720 2143 1866 2180 exsulat.
1923 2144 1956 2182 Si
1987 2146 2153 2194 impellere
2171 2158 2239 2194 pro

157 2182 322 2230 fiulfflus.
374 2179 512 2219 Eadem
543 2181 693 2219 varietas
723 2181 772 2239 ei‘t
802 2182 898 2230 apud
928 2181 1109 2221 Ovidium
1132 2185 1178 2222 X.
1199 2180 1204 2254 1
1224 2198 1413 2234 evertere,
1441 2191 1667 2239 prosternere
1685 2221 1695 2237 ,
1721 2193 1891 2238 cepisset,
1914 2195 2135 2243 aptiffimum
2166 2205 2243 2234 erat

164 2233 323 2271 Metam.
358 2244 408 2270 vs.
442 2233 513 2279 248
559 2232 656 2280 apud
683 2232 839 2270 Plinium
873 2232 954 2270 Lib·
979 2234 1061 2272 XX·
1086 2236 1177 2272 Hist.
1198 2255 1202 2303 ¹
1226 2239 1332 2276 ducat
1363 2249 1424 2278 aut
1449 2240 1635 2290 impellam
1675 2251 1710 2281 at
1740 2244 1801 2281 ista
1831 2247 1939 2282 notio
1968 2246 2061 2283 dulci
2086 2248 2240 2293 sermoni

166 2284 253 2322 Nat·
287 2284 345 2321 ubi
359 2283 496 2333 pifiores
515 2295 558 2324 ey·
575 2283 752 2332 ftalptores
770 2283 1055 2331 coniunguntur.
1083 2286 1177 2324 adde
1224 2301 1327 2335 non,
1355 2291 1421 2329 nisi
1448 2293 1664 2341 importune
1688 2323 1698 2339 ‚
1730 2296 1918 2332 tribuatur.
1970 2298 2097 2342 Quare
2136 2298 2239 2334 obse-

165 2333 340 2372 Eiusdem
374 2335 547 2372 XXXVI·
574 2335 661 2371 i-iist.
685 2335 769 2373 Nat.
791 2347 867 2383 cap.
888 2336 955 2374 1V.
978 2335 1054 2386 sqq.
1077 2337 1175 2376 Infra
1223 2352 1314 2389 quar
1338 2343 1562 2380 membranis
1583 2371 1593 2387 ,
1630 2345 1666 2380 &
1688 2347 1805 2392 legam
1830 2372 1840 2389 ‚
1867 2345 1996 2389 ducat,
2020 2346 2174 2394 impellat
2201 2349 2240 2386 h.

166 2384 381 2424 Mediceus:
411 2385 474 2433 nisi
495 2384 704 2433 itasapiens.
734 2386 890 2424 Courfi.
1223 2402 1255 2427 e.
1276 2392 1311 2429 in
1334 2402 1450 2440 partes
1470 2394 1544 2431 suas
1560 2394 1697 2439 trahat,
1726 2405 1954 2442 permoveat·
1985 2397 2146 2434 Consule
2169 2410 2239 2436 no-

214 2449 236 2473 2
269 2438 394 2474 Fiblore
417 2434 433 2484 ]
463 2437 541 2483 Qui
565 2437 602 2471 &
621 2433 750 2483 figulus
771 2436 903 2473 dicitur
923 2465 934 2482 ,
962 2450 1008 2476 ex
1029 2439 1179 2476 creta&
1221 2449 1292 2476 tata
1318 2442 1362 2478 ad
1387 2443 1520 2480 Sallust.
1538 2444 1617 2479 Cat.
1637 2454 1716 2492 cap.
1735 2445 1874 2482 XXVI.
1896 2457 1929 2482 n.
1949 2458 1982 2491 4.
2035 2449 2238 2486 Antonium

163 2488 285 2535 argilla
309 2487 386 2524 vasa
409 2497 650 2532 componens.
680 2485 835 2523 Canu.
1217 2491 1371 2538 portione
1392 2493 1588 2536 provinciae
1607 2495 1786 2543 perpulit,
1820 2509 1860 2532 ne
1886 2507 2005 2534 contra
2029 2509 2131 2540 remo.
2157 2506 2239 2548 sen-

219 2549 236 2585 3
267 2536 456 2592 Cernere]
493 2537 589 2572 Veri
620 2536 670 2573 est
691 2537 817 2574 diserte
835 2537 1004 2587 scriptura
1022 2538 1173 2587 scripta:
1221 2541 1313 2578 tiret.
1368 2541 1491 2579 Tacit.
1512 2542 1539 2579 1.
1562 2543 1652 2580 Hist.
1676 2556 1754 2593 cap.
1777 2547 1863 2583 V11.
1887 2552 1925 2583 A
1963 2547 2083 2596 legatis
2100 2542 2237 2589 'bellom

164 2598 339 2638 quantum
358 2586 583 2623 mihztamen
601 2587 718 2622 conari
747 2588 866 2624 datur.
922 2590 1109 2628 Nimirum
1139 2589 1174 2626 se
1219 2590 1471 2635 suadentibus,
1496 2594 1671 2642 postquam
1689 2597 1879 2644 impellere
1896 2600 2141 2646 nequiverint,
2173 2604 2240 2639 cri-

163 2639 198 2676 in
223 2638 552 2676 artificibuslocirc
572 2638 712 2685 pudore
733 2649 809 2675 non
832 2639 931 2684 vult,
961 2639 1023 2677 etsi
1046 2641 1089 2676 ad
1110 2651 1171 2676 eo·
1220 2655 1299 2679 men
1333 2655 1372 2678 ac
1405 2642 1520 2679 dolum
1559 2644 1774 2695 compositum
1808 2649 1901 2686 ultro
1941 2650 2117 2689 Lucanus
2153 2654 2256 2692 Lib..

163 2700 245 2726 rum
282 2688 464 2726 summam
505 2687 723 2725 adicendere
759 2689 882 2725 conari
909 2702 987 2729 non
1023 2690 1178 2728 diffiteri.
1221 2693 1327 2732 VIll.
1347 2704 1397 2730 vs.
1418 2705 1502 2744 453.

165 2738 382 2778 Bantinos.
411 2740 498 2776 Non
522 2739 638 2787 placet
658 2749 816 2777 acumen
835 2740 968 2779 Barthii
990 2770 1000 2786 ,
1029 2741 1114 2778 licet
1130 2753 1175 2778 ex

167 2790 326 2828 Arnzen.
373 2798 544 2828 notatum
575 2788 775 2827 habeamus
806 2803 815 2827 ι
860 2803 1035 2840 quantum
1057 2803 1177 2830 tamen
1270 2796 1369 2806 ··—·
1398 2796 1498 2808 —

1659 2789 1736 2822 Non
1751 2786 1854 2835 plura
1875 2786 2008 2827 locutus

168 2840 256 2878 mihi
293 2852 422 2879 canet-.-
459 2841 575 2877 datur-
630 2840 685 2877 Ex
722 2842 790 2879 hac
823 2852 922 2880 certe
944 2871 955 2887 ‚
981 2853 1042 2880 aut
1072 2843 1175 2880 simili
1271 2829 1422 2878 ῙΠῚΡιὼῒ
1448 2830 1525 2888 ,huc
1567 2833 1703 2873 animos
1728 2865 1736 2873 -
1778 2867 1789 2878 .
1823 2861 1832 2871 ·
1867 2840 1965 2878 viola
1995 2841 2039 2890 est
2058 2843 2255 2890 sententia*

168 2888 332 2938 (criptura
352 2892 438 2929 illud
460 2893 577 2928 conari
595 2891 748 2934 exstitit,
779 2904 862 2929 cum
885 2907 1016 2931 cernere
1036 2923 1042 2934 .
1072 2895 1173 2942 quod
1327 2887 1466 2929 Magne.

173 2941 297 2986 optim-i
320 2943 394 2980 libri
417 2943 570 2986 haberit,
601 2942 658 2979 vel
678 2942 1175 2995 praecedentiat'melligere&
1220 2947 1374 2985 Com-ii.

169 2991 337 3037 P‘rspicere
354 2994 551 3031 vindicent.
1273 2999 1293 3035 8
1324 2997 1389 3034 Ad
1405 2997 1527 3048 haec-sl
1556 3000 1640 3038 Post
1659 3004 1771 3041 animi
1791 3003 1888 3043 bona
1900 3008 2237 3048 enumerat&cor·

227 3050 248 3083 4
278 3041 474 3095 advertant
494 3055 536 3083 <9⁴
555 3043 762 3091 adficiunt]
792 3048 986 3096 Perperam
1009 3048 1175 3085 Riccard.
1195 3077 1200 3104 3
1220 3051 1315 3097 pori:
1336 3060 1378 3085 ac
1401 3050 1584 3088 fortunae.
1613 3053 1644 3090 C
1659 3066 1678 3089 Α
1700 3067 1716 3091 r
1734 3069 1753 3092 A
1768 3069 1805 3092 Ν.

175 3088 214 3126 ὃ(
243 3087 438 3134 Lindenbr.
463 3105 626 3134 evertam
645 3109 689 3138 ο·
706 3097 888 3146 adfictam.
939 3099 1041 3138 Male
1064 3099 1174 3138 etiam
1196 3106 1202 3136 i
1269 3112 1292 3149 9
1319 3106 1421 3138 Cana
1449 3101 1599 3153 barbas]
1637 3104 1861 3154 Apollonius
1887 3106 2065 3156 Tyaneus
2097 3110 2134 3148 in
2162 3111 2241 3155 epis

2147 3160 2247 3200 stolis
2262 3182 2267 3186 *
