2616 3686
504 184 568 237 'L
607 189 631 236 1
666 188 707 235 B
742 187 790 236 E·
820 188 873 238 R
942 189 1082 240 Vm.
1150 191 1194 238 E
1227 193 1323 242 P'I
1358 195 1390 244 S
1424 198 1558 247 ΤΟ
1594 201 1719 249 LA
1788 204 1980 262 XXIV.
2231 228 2325 288 623

211 271 428 333 aedilis,
473 283 661 321 recens
686 268 902 320 maritus
926 303 943 329 ‚
994 284 1181 322 recens
1204 284 1356 340 pater
1384 312 1399 336 ‚
1447 281 1468 305 ¹⁴
1496 278 1756 335 intactum
1782 282 2048 342 honorem
2073 328 2089 352 ,
2142 296 2328 356 orbam

208 359 434 404 matrem
462 382 476 403 ‚
516 341 736 396 viduam>
756 357 980 395 uxorem
1009 378 1033 404 ‚.
1079 341 1241 398 filiam
1266 348 1520 418 pupillam
1545 390 1560 415 ,
1602 358 1627 381 ²
1653 354 2001 429 ignaramque
2027 366 2187 432 patris
2210 372 2330 426 reli-

205 421 341 494 qUi‘·
381 414 616 471 Accedit
643 416 890 488 lacrymis
914 416 1044 468 meis
1061 453 1076 478 2
1093 418 1248 487 quod
1274 421 1456 478 absens
1481 424 1535 479 &
1562 427 1923 498 impendentis
1948 436 2068 488 mali
2093 438 2326 506 nescius,

202 494 401 568 pariter
427 506 645 561 aegrum
669 529 686 553 ‚
731 491 926 560 pariter
957 488 1230 547 deceffiffe
1267 500 1503 568 cognovi
1531 538 1548 562 ‚
1597 507 1703 566 *nse
1726 503 2031 575 graviffimo
2057 508 2235 567 dolori
2261 519 2328 572 ti-

201 584 356 624 more
378 565 799 620 consuescerem.
850 563 906 618 In
937 566 1096 619 tantis
1122 574 1407 627 tormentis
1430 591 1573 629 eram
1589 613 1606 638 ,
1647 582 1671 612 ⁴
1693 596 1826 635 cum·
1849 579 2138 638 scriberem
2159 585 2323 654 haee,
2337 617 2370 655 9

199 641 486 698 scriberem
507 638 630 694 sola.
670 637 862 710 Neque
884 640 1035 693 enim
1050 656 1194 695 nunc
1219 644 1364 701 aliud
1387 661 1478 703 aut
1506 651 1785 723 cogitare,
1814 667 1904 710 aut
1932 656 2081 730 loqui
2103 661 2327 732 possum,

204 713 352 775 Vale..

374 861 589 919 XXIV.
663 862 731 917 C.
809 861 1243 923 P'Ll‘N1us
1321 867 1758 932 MAx1Mo
1831 877 2013 935 Suo
2089 881 2143 939 S.

204 989 499 1045 Maximum
538 989 591 1040 in
625 986 886 1061 Achajam
918 985 1117 1058 mzffitm
1149 989 1217 1043 ad
1257 1007 1362 1045 eam
1402 997 1734 1054 ordinandam
1765 1014 1924 1057 monet
1951 1047 1964 1067 ‚
2006 1019 2065 1061 ut
2088 1011 2336 1067 civitates*

271 1063 605 1137 inspec‘ffurus,
627 1061 859 1136 fingulas
882 1062 1096 1117 humane
1124 1067 1315 1120 traHet
1340 1111 1365 1132 ‚‚
1406 1070 1572 1147 z‘bcque
1601 1076 1782 1130 laudat
1813 1079 2072 1153 Achajam
2108 1085 2170 1137 ab
2191 1093 2328 1140 anti-

2124 1160 2328 1230 quitate

197 1233 275 1273 quo
305 1222 484 1262 vocabulo
514 1221 631 1261 modo
661 1223 739 1260 usus
769 1218 818 1258 est
857 1219 963 1269 Epist.
987 1221 1112 1283 XVII.
1138 1234 1226 1283 extr.
1296 1229 1432 1270 sculana
1454 1231 1521 1272 Ill.
1558 1234 1692 1275 Seneca
1720 1235 1830 1286 Epist.
1851 1237 1974 1277 CVII.
2009 1241 2097 1279 item
2122 1241 2328 1284 Plutarchus

196 1273 250 1311 Ita
272 1274 307 1312 in
328 1273 452 1311 bonum
479 1284 610 1311 vertere
642 1273 739 1322 apud
778 1270 968 1310 Caesarem
996 1272 1034 1310 ὅ(
1063 1274 1227 1317 Livium.
1296 1282 1478 1322 Consolat.
1497 1285 1542 1323 ad
1554 1286 1810 1335 Apollonium.
1836 1289 2090 1330 Euenum.
2117 1294 2327 1336 Mediceus·:

196 1324 366 1363 Lucanus
395 1324 476 1364 Lib.
500 1325 606 1362 VIII.
632 1333 686 1363 vs.
707 1335 766 1361 22..
1294 1345 1335 1369 ne
1352 1335 1552 1386 gravissimo
1573 1337 1680 1376 dolori
1697 1346 1865 1388 tempore
1885 1341 2131 1392 consuescerem.
2156 1357 2233 1384 non
2247 1359 2329 1385 ma-

1290 1383 1338 1421 le.
1366 1386 1460 1423 Nam
1476 1385 1501 1422 fi
1525 1389 1646 1436 primo
1662 1399 1809 1438 aegrum
1831 1391 1996 1430 audimus
2019 1396 2201 1442 amicum,
2221 1396 2326 1437 dein-

246 1450 353 1461 ...-.
528 1437 615 1475 quae
639 1434 739 1462 tanto
759 1426 904 1475 pondere
920 1428 1048 1472 famae
1293 1433 1338 1471 de
1362 1435 1668 1483 ingravescentem
1700 1439 1945 1480 valetudinem
1979 1444 2171 1491 accipimus
2194 1474 2205 1493 ‚
2231 1448 2326 1488 inte-

248 1481 315 1517 Res
329 1475 453 1528 premit
472 1474 632 1514 adversas
643 1476 831 1526 ,fictisque
845 1478 1012 1526 prioribus
1031 1489 1163 1528 urguet.
1292 1485 1358 1521 rim
1382 1486 1616 1527 adsuescimus
1635 1490 1818 1539 paullisper
1838 1492 2018 1530 audiendo
2040 1497 2175 1534 nuncio
2190 1525 2200 1541 ,
2220 1510 2324 1537 mor-

1291 1543 1397 1573 tuum
1421 1536 1501 1575 effe.
1531 1538 1728 1577 Venustior
1756 1549 1882 1580 tamen
1903 1543 1951 1581 est
1972 1553 2112 1593 recepta
2131 1546 2320 1598 scriptura,

195 1566 249 1595 VS·
275 1566 361 1605 534·
1288 1595 1400 1672 {quam
1431 1596 1620 1636 propterea
1648 1601 1725 1627 non
1750 1590 1886 1631 desero.
1939 1592 1995 1630 Sic
2019 1595 2176 1635 timorem
2199 1599 2236 1637 δε
2260 1600 2323 1637 do-

1551 1650 1567 1668 0
2130 1667 2133 1673 1

244 1651 413 1694 Adverfis
521 1649 621 1701 deeffe
638 1652 752 1698 cece
768 1652 833 1703 sed
845 1652 934 1690 1...
948 1654 1089 1704 smus
1202 1673 1205 1675 ·
1293 1650 1391 1724 312?
1404 1639 2212 1738 ssssssiffifuffi.{iistiffiffixessffiss
2233 1650 2320 1739 siff:

194 1746 247 1775 νς.
273 1737 319 1776 62
327 1747 362 1784 ς,
1291 1735 1465 1775 damento
1494 1739 1664 1777 Cornelia
1693 1740 1860 1790 Pompeji
1878 1770 1889 1787 ,
1924 1753 2016 1791 quae
2048 1747 2178 1785 marito
2197 1760 2317 1789 carere

347 1782 350 1784 ·
1288 1787 1435 1825 nolebat
1463 1789 1503 1825 &
1533 1789 1672 1838 caruisse
1702 1790 1846 1829 timebat
1866 1820 1877 1839 ‚
1915 1793 2037 1844 objicit
2057 1795 2199 1846 Magno
2220 1801 2316 1851 apud

245 1840 337 1873 Fata
354 1832 419 1873 tibi
437 1832 749 1883 long'aefluxerunt
766 1834 928 1884 prospera
948 1836 1066 1874 vitae.-
1289 1836 1428 1877 Lucan.
1453 1839 1602 1880 Lib..V.
1630 1852 1680 1879 vs.
1699 1842 1786 1888 776.

246 1890 413 1934 Ignorant
425 1884 562 1935 populi,
581 1884 616 1929 fi
632 1898 700 1921 non
727 1885 764 1922 in
785 1895 892 1924 morte
901 1885 1094 1935 probaris‚.
2292 1944 2294 1946 Ι

243 1940 312 1974 An
330 1935 444 1985 scieris
471 1933 614 1974 adversa
634 1936 727 1985 pati.
1337 1939 1468 1982 Adde,
1498 1941 1588 1991 quod
1609 1940 1777 1981 adsuescis
1788 1943 2124 1999 fatis‚tantumque
2145 1948 2324 1990 dolorem.

1338 1990 1498 2030 Crudelis
1524 2005 1578 2031 me
1593 1993 1690 2039 ferre
1714 1993 1819 2034 doces.

193 2036 237 2075 In
257 2033 467 2085 hujusmodi
488 2034 747 2074 elocutionibus
774 2047 979 2088 numquam
1001 2037 1139 2088 diverfiz
1159 2047 1214 2076 re·
1560 2094 1567 2100 ⁶

188 2088 318 2136 peries.
1249 2071 1255 2113 Ι
1331 2102 1366 2137 4.
1393 2096 1484 2128 Cum
1494 2093 1677 2142 smberem
1698 2095 1798 2140 haec,
1817 2096 2002 2146 scriberem
2014 2097 2130 2150 sola.]
2169 2101 2309 2143 Scribe:

247 2149 280 2176 1.
308 2137 481 2175 Intarflum
489 2135 683 2187 honorem]
711 2135 942 2178 Aedflitatem
953 2138 1120 2179 nondum
1131 2150 1219 2178 coe·
1276 2144 1317 2176 In
1329 2143 1437 2179 tantis
1451 2146 1628 2183 tormentis
1635 2159 1731 2184 eram
1742 2174 1752 2192 ,
1765 2160 1841 2184 cum
1860 2147 1942 2187 haec
1959 2150 2141 2199 scriberem
2156 2161 2212 2199 ,ut
2221 2155 2311 2194 haec

192 2195 291 2236 ptam
315 2187 402 2236 geri.
427 2187 460 2225 C
473 2201 495 2225 A
511 2200 533 2225 τ
549 2202 570 2226 Α
585 2203 620 2225 Ν.
1277 2191 1455 2239 scriberem
1480 2195 1570 2243 fhla.
1607 2196 1639 2233 C
1655 2209 1677 2233 A
1692 2210 1707 2233 s
1725 2210 1745 2233 A
1758 2210 1782 2235 u
1798 2211 1829 2235 B.
1880 2199 2110 2238 Casaubonus
2146 2205 2310 2253 corrigit:

244 2250 278 2275 2.
304 2238 468 2286 Ignaram
490 2239 570 2282 avi,
598 2239 823 2288 ignaramque
841 2240 950 2288 patris
972 2239 988 2290 ]
1029 2239 1100 2279 Sed
1124 2247 1217 2290 quot
1250 2266 1252 2272 ·
1278 2246 1321 2278 In
1343 2244 1455 2281 tantis
1472 2245 1649 2283 tormentis
1668 2260 1765 2284 eram
1787 2274 1798 2290 ‚
1832 2261 1909 2286 cum
1934 2248 2018 2287 haec
2027 2250 2210 2299 scriberem
2229 2281 2241 2298 ,
2268 2263 2311 2293 ut

189 2288 288 2327 liberi
324 2287 438 2337 ignari
460 2301 609 2325 avorum
630 2316 640 2331 ,
677 2289 715 2325 ὅ(
742 2289 842 2326 nullo
864 2291 927 2328 suo
949 2290 1047 2327 malo
1073 2318 1084 2335 ‚
1110 2292 1215 2330 relin-
1251 2311 1252 2316 =
1275 2292 1364 2330 haec
1401 2293 1581 2341 scriberem
1617 2297 1703 2344 βία,
1762 2297 1844 2345 Ego
1879 2301 2023 2347 propius
2058 2299 2103 2338 ad
2140 2311 2307 2343 veterem

190 2346 350 2387 quuntur
366 2336 506 2375 ?Recte
527 2350 614 2386 ergo
634 2338 744 2375 Aldus
764 2338 844 2376 ista:
859 2341 1023 2388 ignaram
1041 2342 1104 2379 avi
1121 2343 1216 2380 omi·
1279 2342 1485 2390 scripturam
1506 2343 1555 2381 fic
1577 2346 1720 2383 mallem
1746 2357 1756 2382 :
1797 2353 1838 2383 ln
1861 2350 1971 2386 tantis
1992 2352 2169 2391 tormentis
2186 2366 2282 2391 eram
2295 2383 2309 2401 ‚

187 2389 241 2427 sit.
286 2389 328 2427 In
349 2388 520 2427 Mediceo
543 2396 668 2426 tamen
690 2388 840 2436 legitur:
864 2391 1024 2438 ignaram
1044 2392 1123 2434 avi,
1148 2401 1213 2441 pa·
1279 2400 1320 2429 ut
1340 2419 1351 2436 ,
1391 2406 1468 2430 cum
1496 2394 1677 2440 scriberem
1699 2396 1779 2432 haec
1801 2425 1811 2440 ,
1842 2398 2026 2446 scriberem
2033 2399 2123 2449 sola.
2174 2404 2323 2454 Neque·

189 2441 253 2478 tris
274 2440 421 2490 reliquit.
446 2440 538 2476 Puto
558 2447 681 2477 tamen
700 2438 784 2476 illud
803 2440 867 2476 avi
887 2439 961 2478 five
982 2451 1026 2478 ex
1045 2441 1216 2480 Particula
1250 2473 1251 2478 ,
1279 2443 1397 2491 potuit
1418 2444 1571 2487 facilius,
1597 2456 1705 2494 quarn
1725 2447 1807 2485 illud
1832 2459 1871 2486 ut
1888 2477 1899 2494 ,
1937 2449 1984 2487 ob
2006 2452 2222 2498 praecedens
2247 2457 2308 2502 in,

188 2503 272 2542 que,
302 2489 374 2528 five
391 2500 436 2528 ex
457 2490 679 2528 Pronomine
690 2489 749 2539 sui
766 2487 903 2528 traxisse
925 2503 934 2527 z
963 2490 1001 2527 ὃς
1020 2501 1104 2528 cum
1121 2493 1215 2539 prius
1249 2496 1251 2506 '
1281 2493 1381 2542 quod
1393 2495 1520 2543 pariter
1530 2494 1637 2536 tribus
1647 2497 1952 2544 constatlineolis‚
1977 2499 2095 2540 deleri.
2122 2503 2144 2541 S
2158 2515 2182 2541 c
2195 2517 2219 2543 n
2233 2518 2253 2543 ε
2266 2519 2306 2543 r-

188 2540 382 2579 confirmet
411 2539 551 2585 Aldus,
593 2541 667 2590 eJus
693 2540 835 2579 interim
862 2540 1060 2579 lectionem
1088 2544 1232 2592 recepi..
1278 2555 1330 2580 rs
1350 2557 1388 2582 R.
1427 2545 1523 2583 Nihil
1539 2553 1649 2594 agunt
1673 2548 1737 2586 viri
1759 2547 1882 2594 docti,
1907 2550 1968 2599 qui
1991 2551 2122 2600 aliquid
2146 2566 2192 2592 ex
2212 2555 2306 2594 vul-⁵

190 2591 224 2630 C
237 2603 261 2629 0
275 2605 298 2630 R
315 2604 338 2630 τ
353 2603 387 2629 13.
592 2611 600 2622 ·
1276 2602 1357 2641 gata
1378 2602 1521 2633 mutant
1543 2623 1554 2640 ,
1589 2608 1700 2645 quam
1733 2598 1906 2648 Optimus
1934 2600 2123 2640 Mediceus
2141 2605 2301 2653 praestat.

241 2651 275 2689 3,
302 2647 358 2680 Ne
373 2641 570 2691 gravissimo
591 2640 697 2677 dolori
715 2641 834 2679 timore
853 2639 1126 2691 consuescerem]
1154 2641 1216 2680 Ne
1278 2644 1403 2683 Sensus
1435 2646 1481 2683 est
1512 2655 1664 2694 apertus.
1718 2647 1761 2686 In
1788 2658 1886 2688 tanta
1915 2652 2136 2698 aegritudine
2167 2667 2264 2694 eram
2287 2684 2300 2701 ,

189 2690 319 2731 interea
335 2721 346 2738 ‚
368 2703 452 2730 curn
462 2688 634 2731 timerem
653 2690 757 2739 ipsius
778 2692 892 2736 vitae,
920 2693 1061 2739 cognita
1081 2690 1218 2729 valetu-
1275 2705 1360 2732 cum
1382 2696 1470 2734 haec
1494 2696 1681 2735 scriberem
1706 2726 1716 2742 ,
1746 2700 1782 2736 δε
1803 2700 1987 2738 scriberem
2010 2701 2091 2741 sola.
2121 2705 2202 2752 quia
2221 2734 2231 2751 ,
2259 2715 2301 2746 ut

191 2739 275 2780 dine
296 2744 371 2791 ejus
388 2743 519 2791 gravi,
552 2741 648 2781 ferre
669 2740 833 2780 dolorem
855 2741 1084 2780 assuescerem
1109 2767 1120 2786 ‚
1154 2743 1216 2791 qui
1248 2753 1251 2782 ⁴.
1274 2755 1365 2782 mox
1384 2745 1483 2784 addit
1504 2774 1515 2791 ,
1540 2748 1680 2786 animus
1698 2747 1824 2788 dolore
1841 2750 1991 2789 obsessus
2014 2751 2059 2789 de
2077 2754 2149 2792 aliis
2170 2758 2305 2806 cogita-

192 2801 254 2829 me
274 2793 484 2836 mansurus,
519 2803 603 2830 cum
635 2803 719 2830 eum
738 2792 936 2840 contigisset
958 2793 1063 2831 mori.
1115 2792 1212 2829 Nam
1250 2793 1251 2802 ¹
1273 2804 1311 2832 re
1330 2806 1406 2833 non
1426 2803 1579 2844 poterat.
1629 2800 1898 2846 Repetitionem
1920 2800 2017 2838 istam
2030 2802 2212 2851 scriberem
2221 2808 2318 2857 filas

192 2841 303 2880 lenius
319 2843 428 2882 fertur
444 2855 529 2881 cum
549 2844 690 2888 evenit,
723 2843 823 2890 quod
844 2849 1058 2881 eventurum
1078 2843 1217 2891 praevi·
1273 2846 1286 2889 <
1301 2856 1393 2893 quae
1421 2847 1528 2884 verba
1555 2846 1668 2886 Aldus
1699 2850 1737 2885 ὅ(
1759 2850 1944 2890 Sichardus
1960 2862 2148 2902 perperam
2167 2857 2315 2898 omise-r

196 2889 295 2928 detis.
345 2893 458 2933 Unde
474 2902 704 2943 praeceptum
727 2893 935 2943 sapientum
957 2893 1026 2938 est,
1052 2904 1213 2941 praeme-
1274 2897 1381 2943 runt)
1409 2895 1544 2934 dietum
1574 2897 1674 2946 supra
1703 2898 1758 2937 ad·
1788 2900 1894 2950 Epist.
1918 2901 2021 2941 VIII.
2052 2915 2087 2943 n.
2106 2905 2142 2944 6.
2169 2908 2248 2946 Lib.
2269 2908 2299 2947 Ι.

199 2939 298 2978 ditari
336 2943 429 2982 mala
464 2951 633 2993 oportere
659 2973 669 2988 ,
712 2956 805 2993 quae
827 2946 949 2983 venire
970 2943 1117 2993 possunt
1139 2972 1149 2988 ‚
1177 2951 1216 2981 ut
1270 2944 1377 2994 Epist.
1399 2945 1518 2984 XXII.
1546 2958 1582 2985 n.
1606 2960 1665 2987 ιι.
1693 2955 1794 2987 Nunc
1817 2953 1907 2991 enim
1927 2951 2020 3003 nihil·
2039 2953 2141 3005 legere
2161 2985 2185 3002 „
2212 2958 2320 2996 nihil'

196 2987 422 3031 assuescamus
440 3002 523 3032 ante
541 3009 554 3038 ;
591 3006 660 3033 nec
685 2995 764 3041 post
796 2995 971 3035 adventus
996 3005 1123 3033 eorum
1143 3002 1215 3031 tur-
1245 3015 1248 3039 ι
1262 2995 1408 3044 scri-bere
1425 3008 1486 3034 aut
1505 2997 1676 3046 adsidenti
1696 3012 1801 3041 vacat
1822 3031 1834 3052 ,
1869 3014 1932 3044 aut
1960 3006 2069 3045 anxio
2090 3007 2183 3046 libet.
2211 3008 2304 3048 adde

197 3038 257 3078 het
275 3041 380 3081 nimis
396 3051 501 3095 atque
521 3045 719 3086 confundat
740 3073 753 3094 ,
785 3046 831 3087 de
861 3057 938 3098 quo
968 3046 1101 3086 Cicero
1133 3044 1215 3085 Tu·
1244 3081 1247 3093 s
1270 3046 1414 3102 Lib-³11·
1442 3048 1596 3104 Epist31.
1623 3062 1662 3092 n.
1678 3062 1736 3093 12.

2069 3088 2311 3162 ¹1‚.Amor‹.]{
