<?xml version="1.0" encoding="UTF-8"?>
<!DOCTYPE html PUBLIC "-//W3C//DTD XHTML 1.0 Transitional//EN"
    "http://www.w3.org/TR/xhtml1/DTD/xhtml1-transitional.dtd">
<html xmlns="http://www.w3.org/1999/xhtml" xml:lang="en" lang="en">
 <head>
  <title>
</title>
<meta http-equiv="Content-Type" content="text/html;charset=utf-8" />
  <meta name='ocr-system' content='tesseract 3.04.00' />
  <meta name='ocr-capabilities' content='ocr_page ocr_carea ocr_par ocr_line ocrx_word'/>
</head>
<body>
  <div class='ocr_page' id='page_1' title='image "./caiipliniicaecil00plin_0592.png"; bbox 0 0 2616 3686; ppageno 0'>
   <div class='ocr_carea' id='block_1_1' title="bbox 231 456 265 506">
    <p class='ocr_par' dir='ltr' id='par_1_1' title="bbox 231 456 265 506">
     <span class='ocr_line' id='line_1_1' title="bbox 231 456 265 506; baseline 0 0"><span class='ocrx_word' id='word_1_1' title='bbox 231 456 265 506; x_wconf 90' lang='lat'>7</span> 
     </span>
    </p>
   </div>
   <div class='ocr_carea' id='block_1_2' title="bbox 241 1546 268 1572">
    <p class='ocr_par' dir='ltr' id='par_1_2' title="bbox 241 1546 268 1572">
     <span class='ocr_line' id='line_1_2' title="bbox 241 1546 268 1572; baseline 0 0"><span class='ocrx_word' id='word_1_2' title='bbox 241 1546 268 1572; x_wconf 58' lang='lat' dir='ltr'><strong>Q</strong></span> 
     </span>
    </p>
   </div>
   <div class='ocr_carea' id='block_1_3' title="bbox 302 201 2527 566">
    <p class='ocr_par' dir='ltr' id='par_1_3' title="bbox 302 201 2527 566">
     <span class='ocr_line' id='line_1_3' title="bbox 335 201 396 252; baseline -0.016 0"><span class='ocrx_word' id='word_1_3' title='bbox 335 201 396 252; x_wconf 70' lang='lat'><strong>28</strong></span> 
     </span>
     <span class='ocr_line' id='line_1_4' title="bbox 302 219 2449 339; baseline -0.004 -9"><span class='ocrx_word' id='word_1_4' title='bbox 302 219 667 331; x_wconf 60' lang='lat' dir='ltr'><strong>{ei·dotalibus</strong></span> <span class='ocrx_word' id='word_1_5' title='bbox 694 267 867 331; x_wconf 62' lang='lat' dir='ltr'><strong>ludit„</strong></span> <span class='ocrx_word' id='word_1_6' title='bbox 905 265 1181 339; x_wconf 73' lang='lat' dir='ltr'><strong>produffls</strong></span> <span class='ocrx_word' id='word_1_7' title='bbox 1203 265 1217 287; x_wconf 90' lang='lat'>¹</span> <span class='ocrx_word' id='word_1_8' title='bbox 1243 268 1298 320; x_wconf 89' lang='lat' dir='ltr'><strong>in</strong></span> <span class='ocrx_word' id='word_1_9' title='bbox 1323 264 1698 322; x_wconf 75' lang='lat' dir='ltr'><strong>commistione</strong></span> <span class='ocrx_word' id='word_1_10' title='bbox 1723 265 2067 335; x_wconf 79' lang='lat' dir='ltr'>pantomimis</span> <span class='ocrx_word' id='word_1_11' title='bbox 2085 302 2101 328; x_wconf 91' lang='lat'>,</span> <span class='ocrx_word' id='word_1_12' title='bbox 2135 282 2260 321; x_wconf 90' lang='lat' dir='ltr'><strong>cum</strong></span> <span class='ocrx_word' id='word_1_13' title='bbox 2293 263 2449 322; x_wconf 80' lang='lat' dir='ltr'><strong>fitnu&#39;l</strong></span> 
     </span>
     <span class='ocr_line' id='line_1_5' title="bbox 308 336 2527 419; baseline -0.005 -15"><span class='ocrx_word' id='word_1_14' title='bbox 308 350 522 404; x_wconf 74' lang='lat' dir='ltr'><strong>theatro</strong></span> <span class='ocrx_word' id='word_1_15' title='bbox 551 364 657 419; x_wconf 82' lang='lat' dir='ltr'><strong>ego</strong></span> <span class='ocrx_word' id='word_1_16' title='bbox 687 345 738 399; x_wconf 90' lang='lat'>&amp;</span> <span class='ocrx_word' id='word_1_17' title='bbox 770 341 1079 412; x_wconf 79' lang='lat' dir='ltr'>Quadratus</span> <span class='ocrx_word' id='word_1_18' title='bbox 1103 340 1526 412; x_wconf 77' lang='lat' dir='ltr'><strong>egrederemur,</strong></span> <span class='ocrx_word' id='word_1_19' title='bbox 1564 339 1633 393; x_wconf 88' lang='lat' dir='ltr'><strong>ait</strong></span> <span class='ocrx_word' id='word_1_20' title='bbox 1660 338 1821 392; x_wconf 87' lang='lat' dir='ltr'><strong>mihi:</strong></span> <span class='ocrx_word' id='word_1_21' title='bbox 1862 336 2014 402; x_wconf 87' lang='lat' dir='ltr'><strong>Scis,</strong></span> <span class='ocrx_word' id='word_1_22' title='bbox 2050 354 2129 390; x_wconf 88' lang='lat' dir='ltr'><strong>me</strong></span> <span class='ocrx_word' id='word_1_23' title='bbox 2155 337 2300 392; x_wconf 87' lang='lat' dir='ltr'><strong>hodie</strong></span> <span class='ocrx_word' id='word_1_24' title='bbox 2324 341 2453 407; x_wconf 83' lang='lat' dir='ltr'><strong>pri·</strong></span> <span class='ocrx_word' id='word_1_25' title='bbox 2526 402 2527 405; x_wconf 7' lang='grc' dir='ltr'><strong>Ἴ</strong></span> 
     </span>
     <span class='ocr_line' id='line_1_6' title="bbox 309 409 2448 491; baseline -0.005 -14"><span class='ocrx_word' id='word_1_26' title='bbox 309 441 442 477; x_wconf 89' lang='lat' dir='ltr'><strong>mum</strong></span> <span class='ocrx_word' id='word_1_27' title='bbox 469 421 655 491; x_wconf 80' lang='lat' dir='ltr'><strong>vidiffe</strong></span> <span class='ocrx_word' id='word_1_28' title='bbox 668 416 961 490; x_wconf 74' lang='lat' dir='ltr'><strong>fizltantem</strong></span> <span class='ocrx_word' id='word_1_29' title='bbox 987 415 1151 469; x_wconf 79' lang='lat' dir='ltr'><strong>aviae</strong></span> <span class='ocrx_word' id='word_1_30' title='bbox 1178 430 1323 467; x_wconf 82' lang='lat' dir='ltr'><strong>meae</strong></span> <span class='ocrx_word' id='word_1_31' title='bbox 1348 410 1637 468; x_wconf 78' lang='lat' dir='ltr'><strong>libertum?</strong></span> <span class='ocrx_word' id='word_1_32' title='bbox 1660 411 1674 429; x_wconf 88' lang='lat'>²</span> <span class='ocrx_word' id='word_1_33' title='bbox 1700 409 1832 465; x_wconf 87' lang='lat' dir='ltr'><strong>Hoc</strong></span> <span class='ocrx_word' id='word_1_34' title='bbox 1861 426 2045 483; x_wconf 83' lang='lat' dir='ltr'><strong>nepOS.</strong></span> <span class='ocrx_word' id='word_1_35' title='bbox 2086 409 2448 466; x_wconf 83' lang='lat' dir='ltr'><strong>AtI-Iercule!</strong></span> 
     </span>
     <span class='ocr_line' id='line_1_7' title="bbox 308 480 2452 566; baseline -0.005 -16"><span class='ocrx_word' id='word_1_36' title='bbox 308 492 607 550; x_wconf 86' lang='lat' dir='ltr'><strong>alienissimi</strong></span> <span class='ocrx_word' id='word_1_37' title='bbox 633 489 881 546; x_wconf 81' lang='lat' dir='ltr'><strong>homines</strong></span> <span class='ocrx_word' id='word_1_38' title='bbox 903 491 956 542; x_wconf 90' lang='lat' dir='ltr'><strong>in</strong></span> <span class='ocrx_word' id='word_1_39' title='bbox 983 485 1642 566; x_wconf 38' lang='lat' dir='ltr'><strong>honorem-Quadratillae</strong></span> <span class='ocrx_word' id='word_1_40' title='bbox 1668 482 1718 549; x_wconf 87' lang='lat'><strong>(³</strong></span> <span class='ocrx_word' id='word_1_41' title='bbox 1750 481 1922 554; x_wconf 89' lang='lat' dir='ltr'><strong>pudet</strong></span> <span class='ocrx_word' id='word_1_42' title='bbox 1948 500 2036 537; x_wconf 90' lang='lat' dir='ltr'><strong>me</strong></span> <span class='ocrx_word' id='word_1_43' title='bbox 2066 480 2252 537; x_wconf 79' lang='lat' dir='ltr'><strong>dixiffe</strong></span> <span class='ocrx_word' id='word_1_44' title='bbox 2279 483 2452 539; x_wconf 91' lang='lat' dir='ltr'><strong>hono-</strong></span> 
     </span>
    </p>
   </div>
   <div class='ocr_carea' id='block_1_4' title="bbox 556 186 2240 248">
    <p class='ocr_par' dir='ltr' id='par_1_4' title="bbox 556 186 2240 248">
     <span class='ocr_line' id='line_1_8' title="bbox 556 186 2240 248; baseline -0.007 1"><span class='ocrx_word' id='word_1_45' title='bbox 556 200 616 248; x_wconf 87' lang='lat' dir='ltr'><strong>C.</strong></span> <span class='ocrx_word' id='word_1_46' title='bbox 679 192 1076 247; x_wconf 86' lang='lat' dir='ltr'>PLINII</span> <span class='ocrx_word' id='word_1_47' title='bbox 1144 188 1656 239; x_wconf 61' lang='lat' dir='ltr'>CAECJ-Lll</span> <span class='ocrx_word' id='word_1_48' title='bbox 1726 186 2240 238; x_wconf 66' lang='lat' dir='ltr'>SECUNDI</span> 
     </span>
    </p>
   </div>
   <div class='ocr_carea' id='block_1_5' title="bbox 315 554 2462 775">
    <p class='ocr_par' dir='ltr' id='par_1_5' title="bbox 315 554 2462 775">
     <span class='ocr_line' id='line_1_9' title="bbox 315 554 2455 637; baseline -0.007 -12"><span class='ocrx_word' id='word_1_49' title='bbox 315 573 458 628; x_wconf 88' lang='lat' dir='ltr'><strong>rem)</strong></span> <span class='ocrx_word' id='word_1_50' title='bbox 493 583 589 637; x_wconf 88' lang='lat' dir='ltr'><strong>per</strong></span> <span class='ocrx_word' id='word_1_51' title='bbox 626 561 944 619; x_wconf 86' lang='lat' dir='ltr'><strong>adulationis</strong></span> <span class='ocrx_word' id='word_1_52' title='bbox 980 555 1227 613; x_wconf 90' lang='lat' dir='ltr'><strong>officium</strong></span> <span class='ocrx_word' id='word_1_53' title='bbox 1263 575 1318 610; x_wconf 87' lang='lat' dir='ltr'><strong>m</strong></span> <span class='ocrx_word' id='word_1_54' title='bbox 1356 558 1627 613; x_wconf 82' lang='lat' dir='ltr'><strong>theatrum</strong></span> <span class='ocrx_word' id='word_1_55' title='bbox 1666 562 1681 587; x_wconf 81' lang='lat'>⁴</span> <span class='ocrx_word' id='word_1_56' title='bbox 1707 554 2057 618; x_wconf 79' lang='lat' dir='ltr'><strong>cursitabant,</strong></span> <span class='ocrx_word' id='word_1_57' title='bbox 2098 555 2455 620; x_wconf 84' lang='lat' dir='ltr'><strong>exsultabant,</strong></span> 
     </span>
     <span class='ocr_line' id='line_1_10' title="bbox 315 628 2457 712; baseline -0.007 -16"><span class='ocrx_word' id='word_1_58' title='bbox 315 640 674 712; x_wconf 85' lang='lat' dir='ltr'><strong>plaudebant,</strong></span> <span class='ocrx_word' id='word_1_59' title='bbox 715 633 1073 686; x_wconf 79' lang='lat' dir='ltr'><strong>mirabantur:</strong></span> <span class='ocrx_word' id='word_1_60' title='bbox 1107 646 1168 683; x_wconf 84' lang='lat' dir='ltr'><strong>ac</strong></span> <span class='ocrx_word' id='word_1_61' title='bbox 1194 629 1394 684; x_wconf 84' lang='lat' dir='ltr'><strong>deinde</strong></span> <span class='ocrx_word' id='word_1_62' title='bbox 1423 630 1653 700; x_wconf 83' lang='lat' dir='ltr'><strong>singulos</strong></span> <span class='ocrx_word' id='word_1_63' title='bbox 1683 629 1858 700; x_wconf 83' lang='lat' dir='ltr'><strong>gestus</strong></span> <span class='ocrx_word' id='word_1_64' title='bbox 1892 628 2146 683; x_wconf 89' lang='lat' dir='ltr'><strong>dominae</strong></span> <span class='ocrx_word' id='word_1_65' title='bbox 2171 643 2297 682; x_wconf 92' lang='lat' dir='ltr'><strong>cum</strong></span> <span class='ocrx_word' id='word_1_66' title='bbox 2332 645 2457 682; x_wconf 87' lang='lat' dir='ltr'><strong>can-</strong></span> 
     </span>
     <span class='ocr_line' id='line_1_11' title="bbox 322 700 2462 775; baseline -0.006 -7"><span class='ocrx_word' id='word_1_67' title='bbox 322 714 440 768; x_wconf 86' lang='lat' dir='ltr'><strong>ticis</strong></span> <span class='ocrx_word' id='word_1_68' title='bbox 494 727 508 756; x_wconf 79' lang='lat'><em>⁵</em></span> <span class='ocrx_word' id='word_1_69' title='bbox 551 706 851 766; x_wconf 83' lang='lat' dir='ltr'><strong>reddebant</strong></span> <span class='ocrx_word' id='word_1_70' title='bbox 883 741 899 768; x_wconf 90' lang='lat'>‚</span> <span class='ocrx_word' id='word_1_71' title='bbox 947 704 1041 775; x_wconf 88' lang='lat' dir='ltr'><strong>qui</strong></span> <span class='ocrx_word' id='word_1_72' title='bbox 1067 718 1228 758; x_wconf 77' lang='lat' dir='ltr'><strong>nunc</strong></span> <span class='ocrx_word' id='word_1_73' title='bbox 1266 700 1596 773; x_wconf 73' lang='lat' dir='ltr'><strong>exiguissima</strong></span> <span class='ocrx_word' id='word_1_74' title='bbox 1634 702 1800 774; x_wconf 86' lang='lat' dir='ltr'><strong>legata</strong></span> <span class='ocrx_word' id='word_1_75' title='bbox 1827 741 1842 765; x_wconf 89' lang='lat'>,</span> <span class='ocrx_word' id='word_1_76' title='bbox 1899 705 1917 729; x_wconf 88' lang='lat'>⁶</span> <span class='ocrx_word' id='word_1_77' title='bbox 1947 701 2219 755; x_wconf 83' lang='lat' dir='ltr'><strong>theatralis</strong></span> <span class='ocrx_word' id='word_1_78' title='bbox 2266 715 2462 770; x_wconf 85' lang='lat' dir='ltr'><strong>operae</strong></span> 
     </span>
    </p>
   </div>
   <div class='ocr_carea' id='block_1_6' title="bbox 318 915 1362 1431">
    <p class='ocr_par' dir='ltr' id='par_1_6' title="bbox 318 915 1362 1431">
     <span class='ocr_line' id='line_1_12' title="bbox 371 915 1354 969; baseline -0.01 -7"><span class='ocrx_word' id='word_1_79' title='bbox 371 937 387 963; x_wconf 90' lang='lat'>1</span> <span class='ocrx_word' id='word_1_80' title='bbox 423 929 463 961; x_wconf 77' lang='lat' dir='ltr'><strong>In</strong></span> <span class='ocrx_word' id='word_1_81' title='bbox 495 917 767 969; x_wconf 79' lang='lat' dir='ltr'><strong>commifftone.]</strong></span> <span class='ocrx_word' id='word_1_82' title='bbox 819 918 1032 956; x_wconf 86' lang='lat' dir='ltr'><strong>Certamina</strong></span> <span class='ocrx_word' id='word_1_83' title='bbox 1064 927 1143 955; x_wconf 92' lang='lat' dir='ltr'><strong>non</strong></span> <span class='ocrx_word' id='word_1_84' title='bbox 1176 915 1354 965; x_wconf 85' lang='lat' dir='ltr'><strong>gladiato-</strong></span> 
     </span>
     <span class='ocr_line' id='line_1_13' title="bbox 318 966 1354 1015; baseline -0.012 0"><span class='ocrx_word' id='word_1_85' title='bbox 318 988 402 1015; x_wconf 86' lang='lat' dir='ltr'><strong>rum</strong></span> <span class='ocrx_word' id='word_1_86' title='bbox 432 982 577 1014; x_wconf 84' lang='lat' dir='ltr'><strong>tantum</strong></span> <span class='ocrx_word' id='word_1_87' title='bbox 610 975 648 1010; x_wconf 86' lang='lat'>&amp;</span> <span class='ocrx_word' id='word_1_88' title='bbox 679 969 900 1009; x_wconf 75' lang='lat' dir='ltr'><strong>athletarum</strong></span> <span class='ocrx_word' id='word_1_89' title='bbox 926 998 936 1014; x_wconf 92' lang='lat'>,</span> <span class='ocrx_word' id='word_1_90' title='bbox 972 968 1032 1007; x_wconf 89' lang='lat' dir='ltr'><strong>sed</strong></span> <span class='ocrx_word' id='word_1_91' title='bbox 1054 966 1234 1006; x_wconf 87' lang='lat' dir='ltr'><strong>artificum</strong></span> <span class='ocrx_word' id='word_1_92' title='bbox 1259 978 1354 1015; x_wconf 89' lang='lat' dir='ltr'><strong>quo-</strong></span> 
     </span>
     <span class='ocr_line' id='line_1_14' title="bbox 319 1019 1356 1077; baseline -0.012 -11"><span class='ocrx_word' id='word_1_93' title='bbox 319 1040 393 1077; x_wconf 88' lang='lat' dir='ltr'><strong>que</strong></span> <span class='ocrx_word' id='word_1_94' title='bbox 417 1055 427 1072; x_wconf 92' lang='lat'>,</span> <span class='ocrx_word' id='word_1_95' title='bbox 473 1033 514 1062; x_wconf 86' lang='lat' dir='ltr'><strong>ut</strong></span> <span class='ocrx_word' id='word_1_96' title='bbox 543 1025 756 1063; x_wconf 85' lang='lat' dir='ltr'><strong>Mimorum</strong></span> <span class='ocrx_word' id='word_1_97' title='bbox 779 1049 789 1066; x_wconf 94' lang='lat'>,</span> <span class='ocrx_word' id='word_1_98' title='bbox 826 1019 1060 1058; x_wconf 88' lang='lat' dir='ltr'><strong>Muficorum</strong></span> <span class='ocrx_word' id='word_1_99' title='bbox 1084 1048 1095 1064; x_wconf 90' lang='lat'><strong><em>‚</em></strong></span> <span class='ocrx_word' id='word_1_100' title='bbox 1131 1019 1356 1061; x_wconf 86' lang='lat' dir='ltr'><strong>Poetarum,</strong></span> 
     </span>
     <span class='ocr_line' id='line_1_15' title="bbox 322 1069 1357 1124; baseline -0.012 -7"><span class='ocrx_word' id='word_1_101' title='bbox 322 1081 530 1117; x_wconf 81' lang='lat' dir='ltr'><strong>oratorum</strong></span> <span class='ocrx_word' id='word_1_102' title='bbox 556 1104 566 1121; x_wconf 90' lang='lat'>,</span> <span class='ocrx_word' id='word_1_103' title='bbox 616 1074 758 1124; x_wconf 88' lang='lat' dir='ltr'><strong>publice</strong></span> <span class='ocrx_word' id='word_1_104' title='bbox 790 1072 1095 1110; x_wconf 76' lang='lat' dir='ltr'><strong>instituebantur:</strong></span> <span class='ocrx_word' id='word_1_105' title='bbox 1139 1070 1231 1107; x_wconf 85' lang='lat' dir='ltr'><strong>haec</strong></span> <span class='ocrx_word' id='word_1_106' title='bbox 1251 1069 1357 1116; x_wconf 82' lang='lat' dir='ltr'><strong>igitur</strong></span> 
     </span>
     <span class='ocr_line' id='line_1_16' title="bbox 322 1118 1358 1177; baseline -0.01 -10"><span class='ocrx_word' id='word_1_107' title='bbox 322 1126 563 1177; x_wconf 74' lang='lat' dir='ltr'><strong>commissiones</strong></span> <span class='ocrx_word' id='word_1_108' title='bbox 609 1123 846 1174; x_wconf 86' lang='lat' dir='ltr'><strong>appellabant.</strong></span> <span class='ocrx_word' id='word_1_109' title='bbox 903 1123 1004 1161; x_wconf 82' lang='lat' dir='ltr'><strong>Nam</strong></span> <span class='ocrx_word' id='word_1_110' title='bbox 1051 1121 1268 1159; x_wconf 83' lang='lat' dir='ltr'><strong>committere</strong></span> <span class='ocrx_word' id='word_1_111' title='bbox 1309 1118 1358 1157; x_wconf 85' lang='lat' dir='ltr'><strong>est</strong></span> 
     </span>
     <span class='ocr_line' id='line_1_17' title="bbox 323 1171 1361 1219; baseline -0.008 -2"><span class='ocrx_word' id='word_1_112' title='bbox 323 1181 418 1218; x_wconf 91' lang='lat' dir='ltr'><strong>duos</strong></span> <span class='ocrx_word' id='word_1_113' title='bbox 463 1180 501 1216; x_wconf 82' lang='lat' dir='ltr'><strong>in</strong></span> <span class='ocrx_word' id='word_1_114' title='bbox 549 1176 756 1215; x_wconf 77' lang='lat' dir='ltr'><strong>certaminis</strong></span> <span class='ocrx_word' id='word_1_115' title='bbox 803 1174 922 1212; x_wconf 87' lang='lat' dir='ltr'><strong>aleam</strong></span> <span class='ocrx_word' id='word_1_116' title='bbox 967 1172 1152 1219; x_wconf 78' lang='lat' dir='ltr'><strong>conjicere</strong></span> <span class='ocrx_word' id='word_1_117' title='bbox 1176 1200 1186 1216; x_wconf 92' lang='lat'>‚</span> <span class='ocrx_word' id='word_1_118' title='bbox 1227 1171 1361 1209; x_wconf 85' lang='lat' dir='ltr'><strong>Graeci</strong></span> 
     </span>
     <span class='ocr_line' id='line_1_18' title="bbox 324 1222 1359 1277; baseline -0.009 -10"><span class='ocrx_word' id='word_1_119' title='bbox 324 1229 450 1277; x_wconf 59' lang='grc' dir='ltr'><strong>ὃείξεις</strong></span> <span class='ocrx_word' id='word_1_120' title='bbox 475 1258 486 1274; x_wconf 87' lang='grc'><strong>,</strong></span> <span class='ocrx_word' id='word_1_121' title='bbox 524 1227 712 1273; x_wconf 51' lang='lat' dir='ltr'><strong>{widelgat</strong></span> <span class='ocrx_word' id='word_1_122' title='bbox 736 1253 746 1269; x_wconf 89' lang='lat'><em>‚</em></span> <span class='ocrx_word' id='word_1_123' title='bbox 788 1224 940 1267; x_wconf 61' lang='grc' dir='ltr'><strong>ἀγῶνας.</strong></span> <span class='ocrx_word' id='word_1_124' title='bbox 988 1223 1085 1260; x_wconf 80' lang='lat' dir='ltr'><strong>Non</strong></span> <span class='ocrx_word' id='word_1_125' title='bbox 1117 1222 1227 1260; x_wconf 81' lang='lat' dir='ltr'><strong>semel</strong></span> <span class='ocrx_word' id='word_1_126' title='bbox 1268 1223 1359 1259; x_wconf 69' lang='lat' dir='ltr'><strong>haec</strong></span> 
     </span>
     <span class='ocr_line' id='line_1_19' title="bbox 325 1272 1360 1329; baseline -0.011 -10"><span class='ocrx_word' id='word_1_127' title='bbox 325 1292 404 1319; x_wconf 79' lang='lat' dir='ltr'><strong>vox</strong></span> <span class='ocrx_word' id='word_1_128' title='bbox 430 1278 528 1329; x_wconf 84' lang='lat' dir='ltr'><strong>apud</strong></span> <span class='ocrx_word' id='word_1_129' title='bbox 549 1278 770 1321; x_wconf 81' lang='lat' dir='ltr'><strong>Suetonium</strong></span> <span class='ocrx_word' id='word_1_130' title='bbox 790 1276 946 1325; x_wconf 81' lang='lat' dir='ltr'><strong>legitur:</strong></span> <span class='ocrx_word' id='word_1_131' title='bbox 975 1276 1015 1313; x_wconf 63' lang='grc' dir='ltr'><strong>ὃς</strong></span> <span class='ocrx_word' id='word_1_132' title='bbox 1036 1285 1057 1310; x_wconf 82' lang='lat' dir='ltr'><strong>a</strong></span> <span class='ocrx_word' id='word_1_133' title='bbox 1079 1272 1221 1311; x_wconf 88' lang='lat' dir='ltr'><strong>duobus</strong></span> <span class='ocrx_word' id='word_1_134' title='bbox 1244 1273 1360 1310; x_wconf 82' lang='lat' dir='ltr'><strong>maxi-</strong></span> 
     </span>
     <span class='ocr_line' id='line_1_20' title="bbox 328 1323 1361 1379; baseline -0.011 -8"><span class='ocrx_word' id='word_1_135' title='bbox 328 1337 398 1371; x_wconf 88' lang='lat' dir='ltr'><strong>mis</strong></span> <span class='ocrx_word' id='word_1_136' title='bbox 458 1329 717 1379; x_wconf 78' lang='lat' dir='ltr'><strong>interpretibus</strong></span> <span class='ocrx_word' id='word_1_137' title='bbox 775 1328 814 1364; x_wconf 89' lang='lat' dir='ltr'><strong>in</strong></span> <span class='ocrx_word' id='word_1_138' title='bbox 868 1326 945 1363; x_wconf 89' lang='lat' dir='ltr'><strong>vita</strong></span> <span class='ocrx_word' id='word_1_139' title='bbox 995 1323 1149 1372; x_wconf 77' lang='lat' dir='ltr'><strong>Augusti</strong></span> <span class='ocrx_word' id='word_1_140' title='bbox 1189 1323 1235 1361; x_wconf 89' lang='lat' dir='ltr'><strong>ad</strong></span> <span class='ocrx_word' id='word_1_141' title='bbox 1282 1335 1361 1370; x_wconf 87' lang='lat' dir='ltr'><strong>cap.</strong></span> 
     </span>
     <span class='ocr_line' id='line_1_21' title="bbox 333 1373 1362 1431; baseline -0.011 -9"><span class='ocrx_word' id='word_1_142' title='bbox 333 1381 768 1431; x_wconf 80' lang='lat' dir='ltr'><strong>LX·XXIX.explicatur.</strong></span> <span class='ocrx_word' id='word_1_143' title='bbox 806 1378 1016 1415; x_wconf 60' lang='lat' dir='ltr'><strong>Rucuma.</strong></span> <span class='ocrx_word' id='word_1_144' title='bbox 1044 1376 1216 1414; x_wconf 81' lang='lat' dir='ltr'><strong>Lucanus</strong></span> <span class='ocrx_word' id='word_1_145' title='bbox 1239 1375 1319 1412; x_wconf 85' lang='lat' dir='ltr'><strong>Lib.</strong></span> <span class='ocrx_word' id='word_1_146' title='bbox 1333 1373 1362 1411; x_wconf 91' lang='lat'><strong>1.</strong></span> 
     </span>
    </p>
   </div>
   <div class='ocr_carea' id='block_1_7' title="bbox 330 1445 1213 1585">
    <p class='ocr_par' dir='ltr' id='par_1_7' title="bbox 330 1445 1213 1585">
     <span class='ocr_line' id='line_1_22' title="bbox 330 1445 468 1482; baseline -0.014 -10"><span class='ocrx_word' id='word_1_147' title='bbox 330 1446 381 1472; x_wconf 80' lang='lat' dir='ltr'><strong>vs.</strong></span> <span class='ocrx_word' id='word_1_148' title='bbox 409 1445 468 1482; x_wconf 88' lang='lat'><strong>97.</strong></span> 
     </span>
     <span class='ocr_line' id='line_1_23' title="bbox 380 1528 1213 1585; baseline -0.006 -12"><span class='ocrx_word' id='word_1_149' title='bbox 380 1555 443 1566; x_wconf 89' lang='lat'><strong>—-</strong></span> <span class='ocrx_word' id='word_1_150' title='bbox 471 1534 649 1585; x_wconf 80' lang='lat' dir='ltr'><strong>Exiguum</strong></span> <span class='ocrx_word' id='word_1_151' title='bbox 670 1532 830 1570; x_wconf 74' lang='lat' dir='ltr'><strong>&#39;dominos</strong></span> <span class='ocrx_word' id='word_1_152' title='bbox 854 1528 1043 1570; x_wconf 82' lang='lat' dir='ltr'><strong>commisit</strong></span> <span class='ocrx_word' id='word_1_153' title='bbox 1060 1528 1213 1580; x_wconf 70' lang='lat' dir='ltr'><strong>asylum.</strong></span> 
     </span>
    </p>
   </div>
   <div class='ocr_carea' id='block_1_8' title="bbox 326 1637 1400 2753">
    <p class='ocr_par' dir='ltr' id='par_1_8' title="bbox 336 1637 680 1688">
     <span class='ocr_line' id='line_1_24' title="bbox 336 1637 680 1688; baseline -0.009 -11"><span class='ocrx_word' id='word_1_154' title='bbox 336 1639 400 1677; x_wconf 90' lang='lat' dir='ltr'><strong>ubi</strong></span> <span class='ocrx_word' id='word_1_155' title='bbox 419 1637 680 1688; x_wconf 79' lang='lat' dir='ltr'><strong>explicuimus.</strong></span> 
     </span>
    </p>

    <p class='ocr_par' dir='ltr' id='par_1_9' title="bbox 343 1682 1372 1779">
     <span class='ocr_line' id='line_1_25' title="bbox 388 1682 1372 1738; baseline -0.006 -12"><span class='ocrx_word' id='word_1_156' title='bbox 388 1701 409 1726; x_wconf 87' lang='lat'><strong>2.</strong></span> <span class='ocrx_word' id='word_1_157' title='bbox 440 1697 510 1727; x_wconf 82' lang='lat' dir='ltr'><strong>Hoc</strong></span> <span class='ocrx_word' id='word_1_158' title='bbox 538 1686 687 1738; x_wconf 83' lang='lat' dir='ltr'><strong>nepos.]</strong></span> <span class='ocrx_word' id='word_1_159' title='bbox 734 1687 840 1725; x_wconf 80' lang='lat' dir='ltr'><strong>Dixit</strong></span> <span class='ocrx_word' id='word_1_160' title='bbox 872 1685 946 1723; x_wconf 86' lang='lat' dir='ltr'><strong>hoc</strong></span> <span class='ocrx_word' id='word_1_161' title='bbox 977 1683 1243 1733; x_wconf 80' lang='lat' dir='ltr'><strong>Quadratiilus.</strong></span> <span class='ocrx_word' id='word_1_162' title='bbox 1285 1682 1372 1720; x_wconf 77' lang='lat' dir='ltr'><strong>CA-</strong></span> 
     </span>
     <span class='ocr_line' id='line_1_26' title="bbox 343 1753 458 1779; baseline 0 0"><span class='ocrx_word' id='word_1_163' title='bbox 343 1754 367 1779; x_wconf 81' lang='lat' dir='ltr'><strong>·r</strong></span> <span class='ocrx_word' id='word_1_164' title='bbox 385 1753 405 1777; x_wconf 73' lang='lat' dir='ltr'><strong>A</strong></span> <span class='ocrx_word' id='word_1_165' title='bbox 417 1753 458 1779; x_wconf 64' lang='grc' dir='ltr'><strong>Ν.</strong></span> 
     </span>
    </p>

    <p class='ocr_par' dir='ltr' id='par_1_10' title="bbox 326 1784 1400 2753">
     <span class='ocr_line' id='line_1_27' title="bbox 390 1784 1375 1838; baseline -0.008 -8"><span class='ocrx_word' id='word_1_166' title='bbox 390 1802 409 1838; x_wconf 88' lang='grc'>3</span> <span class='ocrx_word' id='word_1_167' title='bbox 443 1792 558 1829; x_wconf 84' lang='lat' dir='ltr'><strong>Pudet</strong></span> <span class='ocrx_word' id='word_1_168' title='bbox 597 1805 651 1828; x_wconf 88' lang='lat' dir='ltr'><strong>me</strong></span> <span class='ocrx_word' id='word_1_169' title='bbox 687 1787 805 1837; x_wconf 79' lang='lat' dir='ltr'><strong>dixisse</strong></span> <span class='ocrx_word' id='word_1_170' title='bbox 840 1785 1056 1835; x_wconf 68' lang='lat' dir='ltr'><strong>honorem]</strong></span> <span class='ocrx_word' id='word_1_171' title='bbox 1119 1786 1278 1833; x_wconf 79' lang='lat' dir='ltr'><strong>Corrigit</strong></span> <span class='ocrx_word' id='word_1_172' title='bbox 1315 1784 1375 1829; x_wconf 89' lang='lat' dir='ltr'><strong>se,</strong></span> 
     </span>
     <span class='ocr_line' id='line_1_28' title="bbox 339 1836 1380 1892; baseline -0.006 -13"><span class='ocrx_word' id='word_1_173' title='bbox 339 1843 444 1892; x_wconf 84' lang='lat' dir='ltr'><strong>quod</strong></span> <span class='ocrx_word' id='word_1_174' title='bbox 466 1843 525 1887; x_wconf 87' lang='lat' dir='ltr'><strong>id,</strong></span> <span class='ocrx_word' id='word_1_175' title='bbox 551 1841 657 1892; x_wconf 86' lang='lat' dir='ltr'><strong>quod</strong></span> <span class='ocrx_word' id='word_1_176' title='bbox 679 1838 929 1889; x_wconf 72' lang='lat' dir='ltr'><strong>Quadratillae</strong></span> <span class='ocrx_word' id='word_1_177' title='bbox 950 1839 1056 1875; x_wconf 86' lang='lat' dir='ltr'><strong>mimi</strong></span> <span class='ocrx_word' id='word_1_178' title='bbox 1085 1837 1273 1886; x_wconf 82' lang='lat' dir='ltr'><strong>praesente</strong></span> <span class='ocrx_word' id='word_1_179' title='bbox 1295 1836 1380 1873; x_wconf 87' lang='lat' dir='ltr'><strong>Do-</strong></span> 
     </span>
     <span class='ocr_line' id='line_1_29' title="bbox 343 1886 1378 1936; baseline -0.005 -6"><span class='ocrx_word' id='word_1_180' title='bbox 343 1896 445 1931; x_wconf 87' lang='lat' dir='ltr'><strong>mina</strong></span> <span class='ocrx_word' id='word_1_181' title='bbox 479 1893 659 1931; x_wconf 83' lang='lat' dir='ltr'><strong>faciebant</strong></span> <span class='ocrx_word' id='word_1_182' title='bbox 683 1920 693 1936; x_wconf 93' lang='lat'><strong>,</strong></span> <span class='ocrx_word' id='word_1_183' title='bbox 731 1901 810 1928; x_wconf 87' lang='lat' dir='ltr'><strong>non</strong></span> <span class='ocrx_word' id='word_1_184' title='bbox 834 1890 963 1927; x_wconf 74' lang='lat' dir='ltr'><strong>honor</strong></span> <span class='ocrx_word' id='word_1_185' title='bbox 994 1886 1079 1926; x_wconf 78' lang='lat' dir='ltr'><strong>effer</strong></span> <span class='ocrx_word' id='word_1_186' title='bbox 1096 1916 1105 1933; x_wconf 88' lang='lat'><strong>,</strong></span> <span class='ocrx_word' id='word_1_187' title='bbox 1132 1887 1192 1926; x_wconf 85' lang='lat' dir='ltr'><strong>scd</strong></span> <span class='ocrx_word' id='word_1_188' title='bbox 1209 1886 1378 1934; x_wconf 75' lang='lat' dir='ltr'><strong>adulatio</strong></span> 
     </span>
     <span class='ocr_line' id='line_1_30' title="bbox 342 1937 1379 1994; baseline -0.006 -12"><span class='ocrx_word' id='word_1_189' title='bbox 342 1946 466 1994; x_wconf 81' lang='lat' dir='ltr'><strong>turpis.</strong></span> <span class='ocrx_word' id='word_1_190' title='bbox 519 1941 788 1991; x_wconf 80' lang='lat' dir='ltr'><strong>Curfitabant;</strong></span> <span class='ocrx_word' id='word_1_191' title='bbox 822 1937 922 1987; x_wconf 86' lang='lat' dir='ltr'><strong>quafi</strong></span> <span class='ocrx_word' id='word_1_192' title='bbox 953 1939 1077 1988; x_wconf 86' lang='lat' dir='ltr'><strong>cupidi</strong></span> <span class='ocrx_word' id='word_1_193' title='bbox 1101 1949 1183 1977; x_wconf 85' lang='lat' dir='ltr'><strong>eam</strong></span> <span class='ocrx_word' id='word_1_194' title='bbox 1206 1937 1379 1976; x_wconf 87' lang='lat' dir='ltr'><strong>videndi:</strong></span> 
     </span>
     <span class='ocr_line' id='line_1_31' title="bbox 343 1989 1381 2043; baseline -0.006 -11"><span class='ocrx_word' id='word_1_195' title='bbox 343 1995 562 2033; x_wconf 84' lang='lat' dir='ltr'><strong>exultabant</strong></span> <span class='ocrx_word' id='word_1_196' title='bbox 584 2009 594 2038; x_wconf 90' lang='lat'>;</span> <span class='ocrx_word' id='word_1_197' title='bbox 635 1991 736 2043; x_wconf 79' lang='lat' dir='ltr'><strong>quast</strong></span> <span class='ocrx_word' id='word_1_198' title='bbox 769 1990 956 2029; x_wconf 81' lang='lat' dir='ltr'><strong>exhilarati</strong></span> <span class='ocrx_word' id='word_1_199' title='bbox 983 1992 1061 2039; x_wconf 86' lang='lat' dir='ltr'><strong>ejus</strong></span> <span class='ocrx_word' id='word_1_200' title='bbox 1082 1990 1252 2039; x_wconf 69' lang='lat' dir='ltr'><strong>aspectu:</strong></span> <span class='ocrx_word' id='word_1_201' title='bbox 1277 1989 1381 2037; x_wconf 82' lang='lat' dir='ltr'><strong>plau-</strong></span> 
     </span>
     <span class='ocr_line' id='line_1_32' title="bbox 344 2040 1382 2089; baseline -0.006 -6"><span class='ocrx_word' id='word_1_202' title='bbox 344 2045 480 2082; x_wconf 83' lang='lat' dir='ltr'><strong>debant</strong></span> <span class='ocrx_word' id='word_1_203' title='bbox 499 2075 509 2089; x_wconf 94' lang='lat'>,</span> <span class='ocrx_word' id='word_1_204' title='bbox 546 2046 779 2083; x_wconf 84' lang='lat' dir='ltr'><strong>mirabantur</strong></span> <span class='ocrx_word' id='word_1_205' title='bbox 804 2071 815 2088; x_wconf 94' lang='lat'>,</span> <span class='ocrx_word' id='word_1_206' title='bbox 862 2049 903 2078; x_wconf 89' lang='lat' dir='ltr'><strong>ut</strong></span> <span class='ocrx_word' id='word_1_207' title='bbox 933 2040 1185 2089; x_wconf 83' lang='lat' dir='ltr'><strong>gratulabundi</strong></span> <span class='ocrx_word' id='word_1_208' title='bbox 1210 2068 1218 2084; x_wconf 91' lang='lat'>,</span> <span class='ocrx_word' id='word_1_209' title='bbox 1239 2041 1287 2078; x_wconf 46' lang='grc' dir='ltr'><strong>«ὃς</strong></span> <span class='ocrx_word' id='word_1_210' title='bbox 1320 2041 1382 2089; x_wconf 88' lang='lat' dir='ltr'><strong>qui</strong></span> 
     </span>
     <span class='ocr_line' id='line_1_33' title="bbox 347 2091 1383 2145; baseline -0.005 -12"><span class='ocrx_word' id='word_1_211' title='bbox 347 2095 640 2145; x_wconf 80' lang='lat' dir='ltr'><strong>magnifacerent</strong></span> <span class='ocrx_word' id='word_1_212' title='bbox 687 2093 795 2141; x_wconf 80' lang='lat' dir='ltr'><strong>ipsius</strong></span> <span class='ocrx_word' id='word_1_213' title='bbox 839 2093 955 2130; x_wconf 84' lang='lat' dir='ltr'><strong>dotes.</strong></span> <span class='ocrx_word' id='word_1_214' title='bbox 1004 2091 1064 2130; x_wconf 91' lang='lat' dir='ltr'><strong>sed</strong></span> <span class='ocrx_word' id='word_1_215' title='bbox 1103 2103 1179 2129; x_wconf 91' lang='lat' dir='ltr'><strong>non</strong></span> <span class='ocrx_word' id='word_1_216' title='bbox 1218 2092 1383 2128; x_wconf 89' lang='lat' dir='ltr'><strong>contenti</strong></span> 
     </span>
     <span class='ocr_line' id='line_1_34' title="bbox 341 2142 1384 2196; baseline -0.003 -14"><span class='ocrx_word' id='word_1_217' title='bbox 341 2144 496 2196; x_wconf 76' lang='lat' dir='ltr'><strong>fingulos</strong></span> <span class='ocrx_word' id='word_1_218' title='bbox 522 2147 632 2183; x_wconf 84' lang='lat' dir='ltr'><strong>etiam</strong></span> <span class='ocrx_word' id='word_1_219' title='bbox 648 2144 757 2195; x_wconf 78' lang='lat' dir='ltr'><strong>gellus</strong></span> <span class='ocrx_word' id='word_1_220' title='bbox 782 2143 958 2181; x_wconf 79' lang='lat' dir='ltr'><strong>Dominae</strong></span> <span class='ocrx_word' id='word_1_221' title='bbox 977 2169 987 2184; x_wconf 90' lang='lat'>‚</span> <span class='ocrx_word' id='word_1_222' title='bbox 1015 2143 1055 2179; x_wconf 89' lang='lat'>&amp;</span> <span class='ocrx_word' id='word_1_223' title='bbox 1078 2153 1141 2179; x_wconf 89' lang='lat' dir='ltr'><strong>eos</strong></span> <span class='ocrx_word' id='word_1_224' title='bbox 1164 2154 1243 2178; x_wconf 87' lang='lat' dir='ltr'><strong>cum</strong></span> <span class='ocrx_word' id='word_1_225' title='bbox 1267 2142 1384 2179; x_wconf 81' lang='lat' dir='ltr'><strong>canci-</strong></span> 
     </span>
     <span class='ocr_line' id='line_1_35' title="bbox 347 2191 1387 2240; baseline -0.003 -7"><span class='ocrx_word' id='word_1_226' title='bbox 347 2197 391 2234; x_wconf 82' lang='lat' dir='ltr'><strong>cis</strong></span> <span class='ocrx_word' id='word_1_227' title='bbox 423 2196 620 2235; x_wconf 78' lang='lat' dir='ltr'><strong>reddebant</strong></span> <span class='ocrx_word' id='word_1_228' title='bbox 645 2224 656 2240; x_wconf 88' lang='lat'>,</span> <span class='ocrx_word' id='word_1_229' title='bbox 693 2195 729 2233; x_wconf 87' lang='lat' dir='ltr'><strong>id</strong></span> <span class='ocrx_word' id='word_1_230' title='bbox 763 2193 812 2232; x_wconf 89' lang='lat' dir='ltr'><strong>est</strong></span> <span class='ocrx_word' id='word_1_231' title='bbox 835 2223 846 2239; x_wconf 89' lang='lat'>‚</span> <span class='ocrx_word' id='word_1_232' title='bbox 883 2191 1119 2231; x_wconf 82' lang='lat' dir='ltr'><strong>imitabantur</strong></span> <span class='ocrx_word' id='word_1_233' title='bbox 1142 2194 1180 2230; x_wconf 71' lang='grc' dir='ltr'><strong>ὃς</strong></span> <span class='ocrx_word' id='word_1_234' title='bbox 1203 2195 1387 2240; x_wconf 82' lang='lat' dir='ltr'><strong>exprime-</strong></span> 
     </span>
     <span class='ocr_line' id='line_1_36' title="bbox 351 2242 1387 2293; baseline -0.004 -8"><span class='ocrx_word' id='word_1_235' title='bbox 351 2248 462 2293; x_wconf 80' lang='lat' dir='ltr'><strong>bant,</strong></span> <span class='ocrx_word' id='word_1_236' title='bbox 491 2249 697 2286; x_wconf 85' lang='lat' dir='ltr'><strong>accinentes</strong></span> <span class='ocrx_word' id='word_1_237' title='bbox 720 2244 882 2283; x_wconf 80' lang='lat' dir='ltr'><strong>saltando</strong></span> <span class='ocrx_word' id='word_1_238' title='bbox 899 2242 1040 2292; x_wconf 77' lang='lat' dir='ltr'><strong>aliquid</strong></span> <span class='ocrx_word' id='word_1_239' title='bbox 1055 2271 1065 2288; x_wconf 92' lang='lat'><strong>,</strong></span> <span class='ocrx_word' id='word_1_240' title='bbox 1093 2255 1171 2292; x_wconf 93' lang='lat' dir='ltr'><strong>quo</strong></span> <span class='ocrx_word' id='word_1_241' title='bbox 1196 2243 1387 2281; x_wconf 83' lang='lat' dir='ltr'><strong>Dominae</strong></span> 
     </span>
     <span class='ocr_line' id='line_1_37' title="bbox 326 2293 1391 2343; baseline -0.007 -6"><span class='ocrx_word' id='word_1_242' title='bbox 326 2299 476 2337; x_wconf 82' lang='lat' dir='ltr'><strong>·laudcs</strong></span> <span class='ocrx_word' id='word_1_243' title='bbox 504 2298 723 2336; x_wconf 63' lang='lat' dir='ltr'><strong>attollerent.</strong></span> <span class='ocrx_word' id='word_1_244' title='bbox 780 2297 890 2343; x_wconf 86' lang='lat' dir='ltr'><strong>Quae</strong></span> <span class='ocrx_word' id='word_1_245' title='bbox 922 2295 1049 2331; x_wconf 84' lang='lat' dir='ltr'><strong>omnia</strong></span> <span class='ocrx_word' id='word_1_246' title='bbox 1082 2293 1232 2332; x_wconf 66' lang='lat' dir='ltr'><strong>exactae</strong></span> <span class='ocrx_word' id='word_1_247' title='bbox 1269 2293 1391 2331; x_wconf 85' lang='lat' dir='ltr'><strong>adula-</strong></span> 
     </span>
     <span class='ocr_line' id='line_1_38' title="bbox 353 2344 1391 2392; baseline -0.006 -4"><span class='ocrx_word' id='word_1_248' title='bbox 353 2351 464 2388; x_wconf 81' lang='lat' dir='ltr'><strong>tionis</strong></span> <span class='ocrx_word' id='word_1_249' title='bbox 495 2348 617 2387; x_wconf 69' lang='lat' dir='ltr'><strong>officia</strong></span> <span class='ocrx_word' id='word_1_250' title='bbox 649 2348 740 2387; x_wconf 89' lang='lat' dir='ltr'><strong>sunt.</strong></span> <span class='ocrx_word' id='word_1_251' title='bbox 794 2346 949 2384; x_wconf 81' lang='lat' dir='ltr'><strong>Cantica</strong></span> <span class='ocrx_word' id='word_1_252' title='bbox 984 2346 1130 2392; x_wconf 75' lang='lat' dir='ltr'><strong>proprie</strong></span> <span class='ocrx_word' id='word_1_253' title='bbox 1152 2344 1391 2389; x_wconf 85' lang='lat' dir='ltr'><strong>histrionum,</strong></span> 
     </span>
     <span class='ocr_line' id='line_1_39' title="bbox 354 2395 1390 2450; baseline -0.007 -11"><span class='ocrx_word' id='word_1_254' title='bbox 354 2402 418 2450; x_wconf 84' lang='lat' dir='ltr'><strong>qui</strong></span> <span class='ocrx_word' id='word_1_255' title='bbox 443 2402 481 2438; x_wconf 67' lang='lat'><strong>8&lt;</strong></span> <span class='ocrx_word' id='word_1_256' title='bbox 503 2399 568 2449; x_wconf 82' lang='lat' dir='ltr'><strong>ipsi</strong></span> <span class='ocrx_word' id='word_1_257' title='bbox 590 2405 764 2436; x_wconf 85' lang='lat' dir='ltr'><strong>Cantores</strong></span> <span class='ocrx_word' id='word_1_258' title='bbox 789 2397 875 2435; x_wconf 65' lang='lat' dir='ltr'><strong>dieti</strong></span> <span class='ocrx_word' id='word_1_259' title='bbox 891 2425 901 2441; x_wconf 91' lang='lat'>,</span> <span class='ocrx_word' id='word_1_260' title='bbox 929 2395 1126 2433; x_wconf 78' lang='lat' dir='ltr'><strong>Suetonius</strong></span> <span class='ocrx_word' id='word_1_261' title='bbox 1140 2396 1300 2444; x_wconf 72' lang='lat' dir='ltr'><strong>Caligula</strong></span> <span class='ocrx_word' id='word_1_262' title='bbox 1315 2407 1390 2443; x_wconf 85' lang='lat' dir='ltr'><strong>cap.</strong></span> 
     </span>
     <span class='ocr_line' id='line_1_40' title="bbox 357 2447 1395 2498; baseline -0.006 -9"><span class='ocrx_word' id='word_1_263' title='bbox 357 2452 464 2489; x_wconf 82' lang='lat' dir='ltr'><strong>LIV.</strong></span> <span class='ocrx_word' id='word_1_264' title='bbox 520 2451 657 2488; x_wconf 79' lang='lat' dir='ltr'><strong>Deinde</strong></span> <span class='ocrx_word' id='word_1_265' title='bbox 689 2458 823 2498; x_wconf 83' lang='lat' dir='ltr'><strong>repente</strong></span> <span class='ocrx_word' id='word_1_266' title='bbox 854 2460 983 2497; x_wconf 84' lang='lat' dir='ltr'><strong>magno</strong></span> <span class='ocrx_word' id='word_1_267' title='bbox 1009 2447 1182 2484; x_wconf 88' lang='lat' dir='ltr'><strong>tibiarum</strong></span> <span class='ocrx_word' id='word_1_268' title='bbox 1207 2459 1246 2483; x_wconf 85' lang='lat' dir='ltr'><strong>ac</strong></span> <span class='ocrx_word' id='word_1_269' title='bbox 1258 2447 1395 2496; x_wconf 86' lang='lat' dir='ltr'><strong>scabel-</strong></span> 
     </span>
     <span class='ocr_line' id='line_1_41' title="bbox 355 2497 1398 2552; baseline -0.004 -13"><span class='ocrx_word' id='word_1_270' title='bbox 355 2502 472 2540; x_wconf 84' lang='lat' dir='ltr'><strong>lorum</strong></span> <span class='ocrx_word' id='word_1_271' title='bbox 494 2502 646 2552; x_wconf 78' lang='lat' dir='ltr'><strong>crepitu,</strong></span> <span class='ocrx_word' id='word_1_272' title='bbox 673 2513 752 2537; x_wconf 86' lang='lat' dir='ltr'><strong>cum</strong></span> <span class='ocrx_word' id='word_1_273' title='bbox 768 2498 867 2548; x_wconf 86' lang='lat' dir='ltr'><strong>palla</strong></span> <span class='ocrx_word' id='word_1_274' title='bbox 890 2499 1078 2548; x_wconf 74' lang='lat' dir='ltr'><strong>tunicaque</strong></span> <span class='ocrx_word' id='word_1_275' title='bbox 1091 2497 1373 2547; x_wconf 80' lang='lat' dir='ltr'><strong>talariprofiluit</strong></span> <span class='ocrx_word' id='word_1_276' title='bbox 1388 2527 1398 2543; x_wconf 92' lang='lat'><strong><em>,</em></strong></span> 
     </span>
     <span class='ocr_line' id='line_1_42' title="bbox 361 2548 1400 2599; baseline -0.003 -10"><span class='ocrx_word' id='word_1_277' title='bbox 361 2566 406 2589; x_wconf 85' lang='lat' dir='ltr'><strong>ac</strong></span> <span class='ocrx_word' id='word_1_278' title='bbox 446 2552 620 2599; x_wconf 78' lang='lat' dir='ltr'><strong>desaltato</strong></span> <span class='ocrx_word' id='word_1_279' title='bbox 657 2550 791 2587; x_wconf 80' lang='lat' dir='ltr'><strong>cantico</strong></span> <span class='ocrx_word' id='word_1_280' title='bbox 826 2550 924 2587; x_wconf 86' lang='lat' dir='ltr'><strong>abiit.</strong></span> <span class='ocrx_word' id='word_1_281' title='bbox 983 2549 1087 2587; x_wconf 84' lang='lat' dir='ltr'><strong>Idem</strong></span> <span class='ocrx_word' id='word_1_282' title='bbox 1129 2548 1282 2586; x_wconf 83' lang='lat' dir='ltr'><strong>Nerone</strong></span> <span class='ocrx_word' id='word_1_283' title='bbox 1321 2561 1400 2598; x_wconf 87' lang='lat' dir='ltr'><strong>cap.</strong></span> 
     </span>
     <span class='ocr_line' id='line_1_43' title="bbox 362 2598 1399 2646; baseline -0.004 -5"><span class='ocrx_word' id='word_1_284' title='bbox 362 2603 544 2642; x_wconf 83' lang='lat' dir='ltr'><strong>XXXIX.</strong></span> <span class='ocrx_word' id='word_1_285' title='bbox 599 2609 719 2638; x_wconf 79' lang='lat' dir='ltr'><strong>Datus</strong></span> <span class='ocrx_word' id='word_1_286' title='bbox 753 2600 1014 2638; x_wconf 77' lang='lat' dir='ltr'><strong>Atellanarum</strong></span> <span class='ocrx_word' id='word_1_287' title='bbox 1049 2598 1168 2646; x_wconf 86' lang='lat' dir='ltr'><strong>histrio</strong></span> <span class='ocrx_word' id='word_1_288' title='bbox 1199 2599 1236 2635; x_wconf 87' lang='lat' dir='ltr'><strong>in</strong></span> <span class='ocrx_word' id='word_1_289' title='bbox 1265 2601 1399 2637; x_wconf 77' lang='lat' dir='ltr'><strong>cantico</strong></span> 
     </span>
     <span class='ocr_line' id='line_1_44' title="bbox 367 2651 889 2703; baseline -0.013 -12"><span class='ocrx_word' id='word_1_290' title='bbox 367 2655 522 2703; x_wconf 77' lang='lat' dir='ltr'><strong>quodam</strong></span> <span class='ocrx_word' id='word_1_291' title='bbox 545 2654 680 2695; x_wconf 70' lang='grc' dir='ltr'><strong>ὑγίαινε</strong></span> <span class='ocrx_word' id='word_1_292' title='bbox 706 2651 820 2699; x_wconf 57' lang='lat' dir='ltr'><strong>ardue</strong></span> <span class='ocrx_word' id='word_1_293' title='bbox 885 2653 889 2661; x_wconf 75' lang='lat'><strong>⁴</strong></span> 
     </span>
     <span class='ocr_line' id='line_1_45' title="bbox 358 2701 1259 2753; baseline -0.002 -13"><span class='ocrx_word' id='word_1_294' title='bbox 358 2706 547 2753; x_wconf 77' lang='lat' dir='ltr'><strong>straverat</strong></span> <span class='ocrx_word' id='word_1_295' title='bbox 561 2733 572 2750; x_wconf 90' lang='lat'><strong>,</strong></span> <span class='ocrx_word' id='word_1_296' title='bbox 599 2714 669 2743; x_wconf 66' lang='grc' dir='ltr'><strong>σε.</strong></span> <span class='ocrx_word' id='word_1_297' title='bbox 697 2702 874 2741; x_wconf 81' lang='lat' dir='ltr'><strong>Horatius</strong></span> <span class='ocrx_word' id='word_1_298' title='bbox 894 2701 1004 2751; x_wconf 85' lang='lat' dir='ltr'><strong>Epist.</strong></span> <span class='ocrx_word' id='word_1_299' title='bbox 1025 2701 1071 2739; x_wconf 88' lang='lat' dir='ltr'><strong>ad</strong></span> <span class='ocrx_word' id='word_1_300' title='bbox 1089 2701 1259 2739; x_wconf 70' lang='lat' dir='ltr'><strong>Pisones:</strong></span> 
     </span>
    </p>
   </div>
   <div class='ocr_carea' id='block_1_9' title="bbox 417 2803 1223 2854">
    <p class='ocr_par' dir='ltr' id='par_1_11' title="bbox 417 2803 1223 2854">
     <span class='ocr_line' id='line_1_46' title="bbox 417 2803 1223 2854; baseline -0.004 -10"><span class='ocrx_word' id='word_1_301' title='bbox 417 2825 479 2835; x_wconf 91' lang='lat'>—</span> <span class='ocrx_word' id='word_1_302' title='bbox 533 2807 636 2844; x_wconf 80' lang='lat' dir='ltr'><strong>donoc</strong></span> <span class='ocrx_word' id='word_1_303' title='bbox 657 2811 796 2844; x_wconf 80' lang='lat' dir='ltr'><strong>Cantor</strong></span> <span class='ocrx_word' id='word_1_304' title='bbox 812 2834 822 2851; x_wconf 93' lang='lat'>‚</span> <span class='ocrx_word' id='word_1_305' title='bbox 835 2819 898 2843; x_wconf 80' lang='lat' dir='ltr'><strong>vos</strong></span> <span class='ocrx_word' id='word_1_306' title='bbox 918 2804 1079 2854; x_wconf 80' lang='lat' dir='ltr'><strong>plaudite</strong></span> <span class='ocrx_word' id='word_1_307' title='bbox 1092 2832 1103 2849; x_wconf 82' lang='lat'>,</span> <span class='ocrx_word' id='word_1_308' title='bbox 1117 2803 1223 2841; x_wconf 84' lang='lat' dir='ltr'><strong>dicat.</strong></span> 
     </span>
    </p>
   </div>
   <div class='ocr_carea' id='block_1_10' title="bbox 358 2902 1401 3155">
    <p class='ocr_par' dir='ltr' id='par_1_12' title="bbox 358 2902 1401 3155">
     <span class='ocr_line' id='line_1_47' title="bbox 369 2902 1401 2955; baseline 0.005 -17"><span class='ocrx_word' id='word_1_309' title='bbox 369 2902 565 2942; x_wconf 80' lang='lat' dir='ltr'><strong>Suetonius</strong></span> <span class='ocrx_word' id='word_1_310' title='bbox 590 2908 750 2955; x_wconf 81' lang='lat' dir='ltr'><strong>Caligula</strong></span> <span class='ocrx_word' id='word_1_311' title='bbox 775 2908 874 2946; x_wconf 65' lang='lat' dir='ltr'><strong>dieto</strong></span> <span class='ocrx_word' id='word_1_312' title='bbox 895 2908 1005 2944; x_wconf 86' lang='lat' dir='ltr'><strong>loco:</strong></span> <span class='ocrx_word' id='word_1_313' title='bbox 1036 2907 1130 2943; x_wconf 84' lang='lat' dir='ltr'><strong>Idem</strong></span> <span class='ocrx_word' id='word_1_314' title='bbox 1151 2916 1275 2943; x_wconf 79' lang='lat' dir='ltr'><strong>cantor</strong></span> <span class='ocrx_word' id='word_1_315' title='bbox 1294 2914 1401 2953; x_wconf 80' lang='lat' dir='ltr'><strong>atque</strong></span> 
     </span>
     <span class='ocr_line' id='line_1_48' title="bbox 358 2952 1401 3008; baseline 0.004 -20"><span class='ocrx_word' id='word_1_316' title='bbox 358 2952 535 3008; x_wconf 68' lang='lat' dir='ltr'><strong>saltator.¹</strong></span> <span class='ocrx_word' id='word_1_317' title='bbox 554 2956 653 2993; x_wconf 80' lang='lat' dir='ltr'><strong>Vide</strong></span> <span class='ocrx_word' id='word_1_318' title='bbox 678 2960 828 2995; x_wconf 79' lang='lat' dir='ltr'><strong>Livium</strong></span> <span class='ocrx_word' id='word_1_319' title='bbox 853 2959 936 2996; x_wconf 88' lang='lat' dir='ltr'><strong>Lib.</strong></span> <span class='ocrx_word' id='word_1_320' title='bbox 953 2958 1046 2995; x_wconf 89' lang='lat' dir='ltr'><strong>·V11.</strong></span> <span class='ocrx_word' id='word_1_321' title='bbox 1069 2969 1145 3005; x_wconf 91' lang='lat' dir='ltr'><strong>cap.</strong></span> <span class='ocrx_word' id='word_1_322' title='bbox 1169 2957 1217 2994; x_wconf 78' lang='grc' dir='ltr'><strong>ΙΙ.</strong></span> <span class='ocrx_word' id='word_1_323' title='bbox 1239 2957 1300 2993; x_wconf 90' lang='lat' dir='ltr'><strong>ubi</strong></span> <span class='ocrx_word' id='word_1_324' title='bbox 1324 2967 1401 2992; x_wconf 90' lang='lat' dir='ltr'><strong>rem</strong></span> 
     </span>
     <span class='ocr_line' id='line_1_49' title="bbox 372 3003 1398 3058; baseline 0.002 -19"><span class='ocrx_word' id='word_1_325' title='bbox 372 3003 418 3039; x_wconf 85' lang='lat' dir='ltr'><strong>ab</strong></span> <span class='ocrx_word' id='word_1_326' title='bbox 449 3014 589 3058; x_wconf 69' lang='lat' dir='ltr'><strong>origine</strong></span> <span class='ocrx_word' id='word_1_327' title='bbox 628 3007 734 3043; x_wconf 81' lang='lat' dir='ltr'><strong>babes</strong></span> <span class='ocrx_word' id='word_1_328' title='bbox 754 3035 763 3049; x_wconf 96' lang='lat'>,</span> <span class='ocrx_word' id='word_1_329' title='bbox 795 3011 832 3045; x_wconf 86' lang='lat'>&amp;</span> <span class='ocrx_word' id='word_1_330' title='bbox 865 3009 1064 3054; x_wconf 81' lang='lat' dir='ltr'><strong>Josepbum</strong></span> <span class='ocrx_word' id='word_1_331' title='bbox 1097 3008 1316 3055; x_wconf 83' lang='lat' dir='ltr'><strong>Scaligerum</strong></span> <span class='ocrx_word' id='word_1_332' title='bbox 1353 3004 1398 3042; x_wconf 89' lang='lat' dir='ltr'><strong>ad</strong></span> 
     </span>
     <span class='ocr_line' id='line_1_50' title="bbox 374 3052 1399 3104; baseline 0.001 -15"><span class='ocrx_word' id='word_1_333' title='bbox 374 3052 425 3089; x_wconf 92' lang='lat' dir='ltr'><strong>V.</strong></span> <span class='ocrx_word' id='word_1_334' title='bbox 447 3052 601 3090; x_wconf 83' lang='lat' dir='ltr'><strong>Manilii.</strong></span> <span class='ocrx_word' id='word_1_335' title='bbox 630 3054 657 3090; x_wconf 82' lang='grc' dir='ltr'>Β</span> <span class='ocrx_word' id='word_1_336' title='bbox 672 3067 695 3090; x_wconf 86' lang='grc' dir='ltr'>υ</span> <span class='ocrx_word' id='word_1_337' title='bbox 711 3068 733 3091; x_wconf 88' lang='lat' dir='ltr'><strong>c</strong></span> <span class='ocrx_word' id='word_1_338' title='bbox 749 3069 771 3092; x_wconf 76' lang='lat' dir='ltr'><strong>n</strong></span> <span class='ocrx_word' id='word_1_339' title='bbox 786 3069 808 3091; x_wconf 73' lang='lat' dir='ltr'>N</span> <span class='ocrx_word' id='word_1_340' title='bbox 827 3069 895 3093; x_wconf 73' lang='lat' dir='ltr'><strong>ER.</strong></span> <span class='ocrx_word' id='word_1_341' title='bbox 933 3057 1034 3104; x_wconf 88' lang='lat' dir='ltr'><strong>Quid</strong></span> <span class='ocrx_word' id='word_1_342' title='bbox 1056 3058 1236 3094; x_wconf 70' lang='lat' dir='ltr'><strong>Gruterus</strong></span> <span class='ocrx_word' id='word_1_343' title='bbox 1260 3057 1303 3094; x_wconf 89' lang='lat' dir='ltr'><strong>de</strong></span> <span class='ocrx_word' id='word_1_344' title='bbox 1325 3056 1399 3091; x_wconf 89' lang='lat' dir='ltr'><strong>hoc</strong></span> 
     </span>
     <span class='ocr_line' id='line_1_51' title="bbox 373 3103 1398 3155; baseline 0.001 -13"><span class='ocrx_word' id='word_1_345' title='bbox 373 3103 462 3142; x_wconf 86' lang='lat' dir='ltr'><strong>loco</strong></span> <span class='ocrx_word' id='word_1_346' title='bbox 494 3104 619 3142; x_wconf 78' lang='lat' dir='ltr'><strong>sentiat</strong></span> <span class='ocrx_word' id='word_1_347' title='bbox 641 3130 652 3149; x_wconf 93' lang='lat'>,</span> <span class='ocrx_word' id='word_1_348' title='bbox 691 3105 774 3142; x_wconf 85' lang='lat' dir='ltr'><strong>vide</strong></span> <span class='ocrx_word' id='word_1_349' title='bbox 807 3107 908 3154; x_wconf 85' lang='lat' dir='ltr'><strong>supra</strong></span> <span class='ocrx_word' id='word_1_350' title='bbox 941 3106 987 3144; x_wconf 88' lang='lat' dir='ltr'><strong>ad</strong></span> <span class='ocrx_word' id='word_1_351' title='bbox 1019 3117 1053 3143; x_wconf 94' lang='lat' dir='ltr'><strong>n.</strong></span> <span class='ocrx_word' id='word_1_352' title='bbox 1088 3118 1122 3155; x_wconf 83' lang='lat'><strong>3.</strong></span> <span class='ocrx_word' id='word_1_353' title='bbox 1158 3108 1266 3146; x_wconf 81' lang='lat' dir='ltr'><strong>verba</strong></span> <span class='ocrx_word' id='word_1_354' title='bbox 1292 3105 1398 3143; x_wconf 80' lang='lat' dir='ltr'><strong>aviae</strong></span> 
     </span>
    </p>
   </div>
   <div class='ocr_carea' id='block_1_11' title="bbox 833 2651 1408 2698">
    <p class='ocr_par' dir='ltr' id='par_1_13' title="bbox 833 2651 1408 2698">
     <span class='ocr_line' id='line_1_52' title="bbox 833 2651 1408 2698; baseline 0.003 -12"><span class='ocrx_word' id='word_1_355' title='bbox 833 2667 843 2695; x_wconf 86' lang='lat'>;</span> <span class='ocrx_word' id='word_1_356' title='bbox 875 2664 1013 2695; x_wconf 71' lang='grc' dir='ltr'><strong>ωγιαινε</strong></span> <span class='ocrx_word' id='word_1_357' title='bbox 1034 2655 1145 2698; x_wconf 53' lang='lat' dir='ltr'><strong>(uiue</strong></span> <span class='ocrx_word' id='word_1_358' title='bbox 1179 2651 1229 2686; x_wconf 72' lang='lat' dir='ltr'><strong>ita</strong></span> <span class='ocrx_word' id='word_1_359' title='bbox 1266 2653 1408 2688; x_wconf 70' lang='lat' dir='ltr'><strong>demon-</strong></span> 
     </span>
    </p>
   </div>
   <div class='ocr_carea' id='block_1_12' title="bbox 2228 775 2461 829">
    <p class='ocr_par' dir='ltr' id='par_1_14' title="bbox 2228 775 2461 829">
     <span class='ocr_line' id='line_1_53' title="bbox 2228 775 2461 829; baseline 0.009 -2"><span class='ocrx_word' id='word_1_360' title='bbox 2228 775 2461 829; x_wconf 82' lang='lat' dir='ltr'><strong>corolla-</strong></span> 
     </span>
    </p>
   </div>
   <div class='ocr_carea' id='block_1_13' title="bbox 1431 910 2471 1627">
    <p class='ocr_par' dir='ltr' id='par_1_15' title="bbox 1431 910 2471 1627">
     <span class='ocr_line' id='line_1_54' title="bbox 1431 910 2466 957; baseline -0.001 -5"><span class='ocrx_word' id='word_1_361' title='bbox 1431 911 1611 952; x_wconf 84' lang='lat' dir='ltr'><strong>delicatae.</strong></span> <span class='ocrx_word' id='word_1_362' title='bbox 1666 912 1761 950; x_wconf 88' lang='lat' dir='ltr'><strong>Scias</strong></span> <span class='ocrx_word' id='word_1_363' title='bbox 1790 918 1916 950; x_wconf 86' lang='lat' dir='ltr'><strong>tamen</strong></span> <span class='ocrx_word' id='word_1_364' title='bbox 1942 939 1951 956; x_wconf 94' lang='lat'>,</span> <span class='ocrx_word' id='word_1_365' title='bbox 1978 910 2022 949; x_wconf 89' lang='lat' dir='ltr'><strong>ab</strong></span> <span class='ocrx_word' id='word_1_366' title='bbox 2041 912 2116 950; x_wconf 85' lang='lat' dir='ltr'><strong>eius</strong></span> <span class='ocrx_word' id='word_1_367' title='bbox 2139 912 2316 957; x_wconf 85' lang='lat' dir='ltr'><strong>opinione</strong></span> <span class='ocrx_word' id='word_1_368' title='bbox 2341 910 2466 951; x_wconf 85' lang='lat' dir='ltr'><strong>Codd.</strong></span> 
     </span>
     <span class='ocr_line' id='line_1_55' title="bbox 1435 960 2466 1008; baseline -0.001 -6"><span class='ocrx_word' id='word_1_369' title='bbox 1435 975 1569 1002; x_wconf 87' lang='lat' dir='ltr'><strong>omnes</strong></span> <span class='ocrx_word' id='word_1_370' title='bbox 1591 960 1783 1001; x_wconf 81' lang='lat' dir='ltr'><strong>diffentire.</strong></span> <span class='ocrx_word' id='word_1_371' title='bbox 1820 963 1953 1008; x_wconf 86' lang='lat' dir='ltr'><strong>Longe</strong></span> <span class='ocrx_word' id='word_1_372' title='bbox 1974 964 2102 1000; x_wconf 87' lang='lat' dir='ltr'><strong>melius</strong></span> <span class='ocrx_word' id='word_1_373' title='bbox 2122 962 2149 999; x_wconf 87' lang='lat'><strong>1.</strong></span> <span class='ocrx_word' id='word_1_374' title='bbox 2169 962 2226 1001; x_wconf 79' lang='lat' dir='ltr'><strong>Fr.</strong></span> <span class='ocrx_word' id='word_1_375' title='bbox 2249 962 2466 1001; x_wconf 81' lang='lat' dir='ltr'><strong>Gronovius</strong></span> 
     </span>
     <span class='ocr_line' id='line_1_56' title="bbox 1433 1010 2465 1060; baseline -0.002 -6"><span class='ocrx_word' id='word_1_376' title='bbox 1433 1016 1479 1054; x_wconf 88' lang='lat' dir='ltr'><strong>ad</strong></span> <span class='ocrx_word' id='word_1_377' title='bbox 1503 1014 1627 1052; x_wconf 81' lang='lat' dir='ltr'><strong>Tacit.</strong></span> <span class='ocrx_word' id='word_1_378' title='bbox 1650 1013 1678 1051; x_wconf 90' lang='lat' dir='ltr'><strong>I.</strong></span> <span class='ocrx_word' id='word_1_379' title='bbox 1704 1014 1804 1051; x_wconf 88' lang='lat' dir='ltr'><strong>Ann.</strong></span> <span class='ocrx_word' id='word_1_380' title='bbox 1826 1023 1902 1060; x_wconf 88' lang='lat' dir='ltr'><strong>cap.</strong></span> <span class='ocrx_word' id='word_1_381' title='bbox 1928 1010 2032 1048; x_wconf 90' lang='lat' dir='ltr'>XVI.</span> <span class='ocrx_word' id='word_1_382' title='bbox 2056 1013 2119 1050; x_wconf 91' lang='lat' dir='ltr'><strong>ubi</strong></span> <span class='ocrx_word' id='word_1_383' title='bbox 2144 1013 2181 1050; x_wconf 63' lang='grc' dir='ltr'><strong>ὃς</strong></span> <span class='ocrx_word' id='word_1_384' title='bbox 2210 1022 2338 1050; x_wconf 86' lang='lat' dir='ltr'><strong>notam</strong></span> <span class='ocrx_word' id='word_1_385' title='bbox 2369 1013 2465 1052; x_wconf 85' lang='lat' dir='ltr'><strong>hanc</strong></span> 
     </span>
     <span class='ocr_line' id='line_1_57' title="bbox 1435 1063 2465 1113; baseline -0.003 -8"><span class='ocrx_word' id='word_1_386' title='bbox 1435 1066 1617 1105; x_wconf 90' lang='lat' dir='ltr'><strong>Buchneri</strong></span> <span class='ocrx_word' id='word_1_387' title='bbox 1665 1076 1730 1113; x_wconf 85' lang='lat' dir='ltr'><strong>per</strong></span> <span class='ocrx_word' id='word_1_388' title='bbox 1769 1070 1885 1111; x_wconf 85' lang='lat' dir='ltr'><strong>partes</strong></span> <span class='ocrx_word' id='word_1_389' title='bbox 1922 1064 2119 1100; x_wconf 87' lang='lat' dir='ltr'><strong>examinat.</strong></span> <span class='ocrx_word' id='word_1_390' title='bbox 2170 1063 2268 1100; x_wconf 86' lang='lat' dir='ltr'><strong>Eum</strong></span> <span class='ocrx_word' id='word_1_391' title='bbox 2306 1066 2465 1103; x_wconf 80' lang='lat' dir='ltr'><strong>omnino</strong></span> 
     </span>
     <span class='ocr_line' id='line_1_58' title="bbox 1435 1113 2466 1155; baseline 0 -1"><span class='ocrx_word' id='word_1_392' title='bbox 1435 1117 1542 1155; x_wconf 85' lang='lat' dir='ltr'><strong>adeas</strong></span> <span class='ocrx_word' id='word_1_393' title='bbox 1574 1117 1699 1154; x_wconf 83' lang='lat' dir='ltr'><strong>velim.</strong></span> <span class='ocrx_word' id='word_1_394' title='bbox 1752 1115 1796 1152; x_wconf 90' lang='lat' dir='ltr'><strong>ln</strong></span> <span class='ocrx_word' id='word_1_395' title='bbox 1829 1123 1876 1152; x_wconf 90' lang='lat' dir='ltr'><strong>eo</strong></span> <span class='ocrx_word' id='word_1_396' title='bbox 1905 1121 2032 1150; x_wconf 83' lang='lat' dir='ltr'><strong>tamen</strong></span> <span class='ocrx_word' id='word_1_397' title='bbox 2062 1124 2140 1150; x_wconf 90' lang='lat' dir='ltr'><strong>non</strong></span> <span class='ocrx_word' id='word_1_398' title='bbox 2172 1113 2351 1150; x_wconf 85' lang='lat' dir='ltr'><strong>adsentior</strong></span> <span class='ocrx_word' id='word_1_399' title='bbox 2383 1117 2466 1154; x_wconf 81' lang='lat' dir='ltr'><strong>viro</strong></span> 
     </span>
     <span class='ocr_line' id='line_1_59' title="bbox 1438 1163 2468 1215; baseline -0.004 -9"><span class='ocrx_word' id='word_1_400' title='bbox 1438 1167 1666 1207; x_wconf 64' lang='lat' dir='ltr'><strong>exactisfimo</strong></span> <span class='ocrx_word' id='word_1_401' title='bbox 1691 1195 1701 1212; x_wconf 92' lang='lat'><strong>,</strong></span> <span class='ocrx_word' id='word_1_402' title='bbox 1740 1165 1844 1215; x_wconf 85' lang='lat' dir='ltr'><strong>quod</strong></span> <span class='ocrx_word' id='word_1_403' title='bbox 1873 1163 2071 1212; x_wconf 82' lang='lat' dir='ltr'><strong>legendum</strong></span> <span class='ocrx_word' id='word_1_404' title='bbox 2107 1163 2226 1201; x_wconf 84' lang='lat' dir='ltr'><strong>censet</strong></span> <span class='ocrx_word' id='word_1_405' title='bbox 2258 1165 2384 1211; x_wconf 77' lang='lat' dir='ltr'><strong>(pudet</strong></span> <span class='ocrx_word' id='word_1_406' title='bbox 2412 1179 2468 1205; x_wconf 70' lang='lat' dir='ltr'><strong>mn</strong></span> 
     </span>
     <span class='ocr_line' id='line_1_60' title="bbox 1437 1212 2467 1268; baseline -0.004 -12"><span class='ocrx_word' id='word_1_407' title='bbox 1437 1217 1558 1268; x_wconf 72' lang='lat' dir='ltr'><strong>dixisse</strong></span> <span class='ocrx_word' id='word_1_408' title='bbox 1591 1217 1755 1255; x_wconf 88' lang='lat' dir='ltr'><strong>honorem</strong></span> <span class='ocrx_word' id='word_1_409' title='bbox 1781 1245 1791 1261; x_wconf 90' lang='lat'>,</span> <span class='ocrx_word' id='word_1_410' title='bbox 1829 1216 1921 1265; x_wconf 83' lang='lat' dir='ltr'><strong>quod</strong></span> <span class='ocrx_word' id='word_1_411' title='bbox 1942 1214 2162 1252; x_wconf 79' lang='lat' dir='ltr'><strong>adulationis</strong></span> <span class='ocrx_word' id='word_1_412' title='bbox 2185 1212 2354 1262; x_wconf 77' lang='lat' dir='ltr'><strong>officium)</strong></span> <span class='ocrx_word' id='word_1_413' title='bbox 2379 1226 2467 1254; x_wconf 82' lang='lat' dir='ltr'><strong>nam</strong></span> 
     </span>
     <span class='ocr_line' id='line_1_61' title="bbox 1438 1264 2468 1315; baseline -0.003 -8"><span class='ocrx_word' id='word_1_414' title='bbox 1438 1270 1463 1307; x_wconf 85' lang='lat' dir='ltr'>fi</span> <span class='ocrx_word' id='word_1_415' title='bbox 1487 1277 1615 1308; x_wconf 82' lang='lat' dir='ltr'><strong>contra</strong></span> <span class='ocrx_word' id='word_1_416' title='bbox 1639 1268 1869 1307; x_wconf 87' lang='lat' dir='ltr'><strong>membranas</strong></span> <span class='ocrx_word' id='word_1_417' title='bbox 1891 1264 2027 1315; x_wconf 85' lang='lat' dir='ltr'><strong>aliquid</strong></span> <span class='ocrx_word' id='word_1_418' title='bbox 2049 1265 2267 1303; x_wconf 86' lang='lat' dir='ltr'><strong>tentandum</strong></span> <span class='ocrx_word' id='word_1_419' title='bbox 2293 1293 2304 1310; x_wconf 89' lang='lat'>‚</span> <span class='ocrx_word' id='word_1_420' title='bbox 2332 1265 2468 1304; x_wconf 89' lang='lat' dir='ltr'><strong>eodem</strong></span> 
     </span>
     <span class='ocr_line' id='line_1_62' title="bbox 1438 1316 2470 1367; baseline -0.004 -8"><span class='ocrx_word' id='word_1_421' title='bbox 1438 1322 1516 1360; x_wconf 88' lang='lat' dir='ltr'><strong>iure</strong></span> <span class='ocrx_word' id='word_1_422' title='bbox 1550 1321 1699 1358; x_wconf 86' lang='lat' dir='ltr'><strong>Gruteri</strong></span> <span class='ocrx_word' id='word_1_423' title='bbox 1731 1317 1942 1356; x_wconf 62' lang='lat' dir='ltr'><strong>contectura</strong></span> <span class='ocrx_word' id='word_1_424' title='bbox 1966 1316 2129 1364; x_wconf 85' lang='lat' dir='ltr'><strong>gaudere</strong></span> <span class='ocrx_word' id='word_1_425' title='bbox 2148 1316 2318 1355; x_wconf 86' lang='lat' dir='ltr'><strong>deberet:</strong></span> <span class='ocrx_word' id='word_1_426' title='bbox 2346 1328 2470 1367; x_wconf 86' lang='lat' dir='ltr'><strong>neque</strong></span> 
     </span>
     <span class='ocr_line' id='line_1_63' title="bbox 1438 1367 2469 1422; baseline -0.003 -13"><span class='ocrx_word' id='word_1_427' title='bbox 1438 1372 1558 1422; x_wconf 85' lang='lat' dir='ltr'><strong>probo</strong></span> <span class='ocrx_word' id='word_1_428' title='bbox 1584 1400 1595 1416; x_wconf 90' lang='lat'>,</span> <span class='ocrx_word' id='word_1_429' title='bbox 1621 1370 1726 1421; x_wconf 87' lang='lat' dir='ltr'><strong>quod</strong></span> <span class='ocrx_word' id='word_1_430' title='bbox 1754 1367 2137 1417; x_wconf 58' lang='lat' dir='ltr'><strong>Parenthefinusque</strong></span> <span class='ocrx_word' id='word_1_431' title='bbox 2167 1367 2213 1405; x_wconf 89' lang='lat' dir='ltr'><strong>ad</strong></span> <span class='ocrx_word' id='word_1_432' title='bbox 2246 1367 2469 1406; x_wconf 88' lang='lat' dir='ltr'><strong>vocabulum</strong></span> 
     </span>
     <span class='ocr_line' id='line_1_64' title="bbox 1436 1417 2468 1470; baseline -0.004 -9"><span class='ocrx_word' id='word_1_433' title='bbox 1436 1422 1584 1470; x_wconf 86' lang='lat' dir='ltr'><strong>officium</strong></span> <span class='ocrx_word' id='word_1_434' title='bbox 1609 1422 1783 1460; x_wconf 75' lang='lat' dir='ltr'><strong>extendit.</strong></span> <span class='ocrx_word' id='word_1_435' title='bbox 1816 1421 1952 1469; x_wconf 82' lang='lat' dir='ltr'><strong>quippe</strong></span> <span class='ocrx_word' id='word_1_436' title='bbox 1983 1417 2010 1456; x_wconf 77' lang='lat' dir='ltr'>fi</span> <span class='ocrx_word' id='word_1_437' title='bbox 2038 1418 2104 1456; x_wconf 74' lang='lat' dir='ltr'><strong>ista</strong></span> <span class='ocrx_word' id='word_1_438' title='bbox 2130 1446 2140 1461; x_wconf 88' lang='lat'>‚</span> <span class='ocrx_word' id='word_1_439' title='bbox 2161 1426 2221 1466; x_wconf 87' lang='lat' dir='ltr'><strong>per</strong></span> <span class='ocrx_word' id='word_1_440' title='bbox 2249 1418 2468 1458; x_wconf 87' lang='lat' dir='ltr'><strong>adulationis</strong></span> 
     </span>
     <span class='ocr_line' id='line_1_65' title="bbox 1439 1469 2471 1521; baseline -0.006 -9"><span class='ocrx_word' id='word_1_441' title='bbox 1439 1473 1586 1521; x_wconf 77' lang='lat' dir='ltr'><strong>officium</strong></span> <span class='ocrx_word' id='word_1_442' title='bbox 1610 1475 1797 1520; x_wconf 87' lang='lat' dir='ltr'><strong>corrigunt</strong></span> <span class='ocrx_word' id='word_1_443' title='bbox 1817 1471 2000 1519; x_wconf 85' lang='lat' dir='ltr'><strong>superiora</strong></span> <span class='ocrx_word' id='word_1_444' title='bbox 2014 1498 2024 1514; x_wconf 91' lang='lat'>‚</span> <span class='ocrx_word' id='word_1_445' title='bbox 2050 1469 2089 1507; x_wconf 84' lang='lat' dir='ltr'><strong>&#39;in</strong></span> <span class='ocrx_word' id='word_1_446' title='bbox 2105 1469 2274 1507; x_wconf 78' lang='lat' dir='ltr'><strong>honorem</strong></span> <span class='ocrx_word' id='word_1_447' title='bbox 2295 1472 2471 1518; x_wconf 61' lang='lat' dir='ltr'><strong>Qcadra-</strong></span> 
     </span>
     <span class='ocr_line' id='line_1_66' title="bbox 1439 1520 2470 1570; baseline -0.002 -8"><span class='ocrx_word' id='word_1_448' title='bbox 1439 1525 1560 1570; x_wconf 72' lang='lat' dir='ltr'><strong>tiliae,</strong></span> <span class='ocrx_word' id='word_1_449' title='bbox 1589 1534 1689 1564; x_wconf 85' lang='lat' dir='ltr'><strong>extra</strong></span> <span class='ocrx_word' id='word_1_450' title='bbox 1718 1520 1951 1560; x_wconf 81' lang='lat' dir='ltr'><strong>Parenthesin</strong></span> <span class='ocrx_word' id='word_1_451' title='bbox 1971 1528 2068 1559; x_wconf 92' lang='lat' dir='ltr'><strong>certe</strong></span> <span class='ocrx_word' id='word_1_452' title='bbox 2091 1521 2262 1570; x_wconf 87' lang='lat' dir='ltr'><strong>ponenda</strong></span> <span class='ocrx_word' id='word_1_453' title='bbox 2284 1521 2373 1559; x_wconf 86' lang='lat' dir='ltr'><strong>sunt.</strong></span> <span class='ocrx_word' id='word_1_454' title='bbox 2409 1521 2470 1560; x_wconf 86' lang='lat' dir='ltr'><strong>Est</strong></span> 
     </span>
     <span class='ocr_line' id='line_1_67' title="bbox 1443 1570 2470 1627; baseline -0.004 -13"><span class='ocrx_word' id='word_1_455' title='bbox 1443 1584 1568 1614; x_wconf 87' lang='lat' dir='ltr'><strong>autem</strong></span> <span class='ocrx_word' id='word_1_456' title='bbox 1595 1587 1655 1627; x_wconf 87' lang='lat' dir='ltr'><strong>per</strong></span> <span class='ocrx_word' id='word_1_457' title='bbox 1685 1573 1905 1612; x_wconf 73' lang='lat' dir='ltr'><strong>adulationis</strong></span> <span class='ocrx_word' id='word_1_458' title='bbox 1935 1570 2083 1619; x_wconf 82' lang='lat' dir='ltr'><strong>officium</strong></span> <span class='ocrx_word' id='word_1_459' title='bbox 2112 1573 2210 1611; x_wconf 86' lang='lat' dir='ltr'><strong>idem</strong></span> <span class='ocrx_word' id='word_1_460' title='bbox 2236 1601 2246 1618; x_wconf 89' lang='lat'>‚</span> <span class='ocrx_word' id='word_1_461' title='bbox 2284 1573 2388 1622; x_wconf 88' lang='lat' dir='ltr'><strong>quod</strong></span> <span class='ocrx_word' id='word_1_462' title='bbox 2412 1582 2470 1622; x_wconf 86' lang='lat' dir='ltr'><strong>per</strong></span> 
     </span>
    </p>
   </div>
   <div class='ocr_carea' id='block_1_14' title="bbox 1442 1618 2547 1674">
    <p class='ocr_par' dir='ltr' id='par_1_16' title="bbox 1442 1618 2547 1674">
     <span class='ocr_line' id='line_1_68' title="bbox 1442 1618 2547 1674; baseline -0.004 -10"><span class='ocrx_word' id='word_1_463' title='bbox 1442 1627 1686 1665; x_wconf 75' lang='lat' dir='ltr'><strong>adulationem</strong></span> <span class='ocrx_word' id='word_1_464' title='bbox 1702 1654 1712 1669; x_wconf 94' lang='lat'><strong>‚</strong></span> <span class='ocrx_word' id='word_1_465' title='bbox 1740 1625 1836 1674; x_wconf 88' lang='lat' dir='ltr'><strong>turpi</strong></span> <span class='ocrx_word' id='word_1_466' title='bbox 1855 1623 2076 1661; x_wconf 85' lang='lat' dir='ltr'><strong>adulatione.</strong></span> <span class='ocrx_word' id='word_1_467' title='bbox 2115 1623 2273 1671; x_wconf 87' lang='lat' dir='ltr'><strong>Officium</strong></span> <span class='ocrx_word' id='word_1_468' title='bbox 2296 1624 2383 1672; x_wconf 86' lang='lat' dir='ltr'><strong>quid</strong></span> <span class='ocrx_word' id='word_1_469' title='bbox 2406 1622 2472 1669; x_wconf 83' lang='lat' dir='ltr'><strong>fit,</strong></span> <span class='ocrx_word' id='word_1_470' title='bbox 2544 1618 2547 1621; x_wconf 46' lang='lat'><strong>⁴</strong></span> 
     </span>
    </p>
   </div>
   <div class='ocr_carea' id='block_1_15' title="bbox 1442 1674 2486 2849">
    <p class='ocr_par' dir='ltr' id='par_1_17' title="bbox 1442 1674 2486 2086">
     <span class='ocr_line' id='line_1_69' title="bbox 1442 1674 2476 1724; baseline -0.002 -8"><span class='ocrx_word' id='word_1_471' title='bbox 1442 1678 1543 1716; x_wconf 85' lang='lat' dir='ltr'><strong>vides</strong></span> <span class='ocrx_word' id='word_1_472' title='bbox 1577 1691 1622 1716; x_wconf 85' lang='lat' dir='ltr'><strong>ex</strong></span> <span class='ocrx_word' id='word_1_473' title='bbox 1656 1677 1736 1715; x_wconf 83' lang='lat' dir='ltr'><strong>Lib.</strong></span> <span class='ocrx_word' id='word_1_474' title='bbox 1772 1676 1799 1714; x_wconf 94' lang='lat' dir='ltr'><strong>I.</strong></span> <span class='ocrx_word' id='word_1_475' title='bbox 1832 1674 1942 1724; x_wconf 88' lang='lat' dir='ltr'><strong>Epist.</strong></span> <span class='ocrx_word' id='word_1_476' title='bbox 1975 1674 2041 1712; x_wconf 89' lang='lat' dir='ltr'><strong>IX.</strong></span> <span class='ocrx_word' id='word_1_477' title='bbox 2072 1687 2107 1712; x_wconf 93' lang='lat' dir='ltr'><strong>n.</strong></span> <span class='ocrx_word' id='word_1_478' title='bbox 2139 1688 2171 1713; x_wconf 82' lang='lat' dir='ltr'><strong>z.</strong></span> <span class='ocrx_word' id='word_1_479' title='bbox 2213 1674 2352 1713; x_wconf 67' lang='lat' dir='ltr'><strong>Officio</strong></span> <span class='ocrx_word' id='word_1_480' title='bbox 2374 1686 2476 1724; x_wconf 82' lang='lat' dir='ltr'><strong>togae</strong></span> 
     </span>
     <span class='ocr_line' id='line_1_70' title="bbox 1443 1724 2476 1777; baseline -0.003 -11"><span class='ocrx_word' id='word_1_481' title='bbox 1443 1729 1562 1767; x_wconf 79' lang='lat' dir='ltr'><strong>virilis</strong></span> <span class='ocrx_word' id='word_1_482' title='bbox 1596 1728 1780 1776; x_wconf 82' lang='lat' dir='ltr'><strong>interfui,</strong></span> <span class='ocrx_word' id='word_1_483' title='bbox 1809 1725 1988 1777; x_wconf 84' lang='lat' dir='ltr'><strong>sponsalia</strong></span> <span class='ocrx_word' id='word_1_484' title='bbox 2018 1737 2084 1762; x_wconf 82' lang='lat' dir='ltr'><strong>aut</strong></span> <span class='ocrx_word' id='word_1_485' title='bbox 2117 1726 2259 1776; x_wconf 75' lang='lat' dir='ltr'><strong>nuptias</strong></span> <span class='ocrx_word' id='word_1_486' title='bbox 2291 1724 2476 1766; x_wconf 80' lang='lat' dir='ltr'><strong>celebravi.</strong></span> 
     </span>
     <span class='ocr_line' id='line_1_71' title="bbox 1442 1776 2478 1827; baseline -0.003 -8"><span class='ocrx_word' id='word_1_487' title='bbox 1442 1782 1504 1819; x_wconf 90' lang='lat' dir='ltr'><strong>ubi</strong></span> <span class='ocrx_word' id='word_1_488' title='bbox 1535 1781 1581 1818; x_wconf 88' lang='lat' dir='ltr'><strong>de</strong></span> <span class='ocrx_word' id='word_1_489' title='bbox 1612 1779 1768 1818; x_wconf 86' lang='lat' dir='ltr'><strong>honesto</strong></span> <span class='ocrx_word' id='word_1_490' title='bbox 1799 1778 1975 1827; x_wconf 88' lang='lat' dir='ltr'><strong>obsequio</strong></span> <span class='ocrx_word' id='word_1_491' title='bbox 2007 1776 2146 1815; x_wconf 86' lang='lat' dir='ltr'><strong>dicitur.</strong></span> <span class='ocrx_word' id='word_1_492' title='bbox 2201 1779 2258 1816; x_wconf 88' lang='lat' dir='ltr'><strong>Sic</strong></span> <span class='ocrx_word' id='word_1_493' title='bbox 2293 1777 2374 1815; x_wconf 87' lang='lat' dir='ltr'><strong>Lib.</strong></span> <span class='ocrx_word' id='word_1_494' title='bbox 2407 1777 2478 1816; x_wconf 92' lang='lat' dir='ltr'><strong>VI.</strong></span> 
     </span>
     <span class='ocr_line' id='line_1_72' title="bbox 1443 1826 2478 1882; baseline -0.004 -12"><span class='ocrx_word' id='word_1_495' title='bbox 1443 1831 1554 1881; x_wconf 86' lang='lat' dir='ltr'><strong>Epist.</strong></span> <span class='ocrx_word' id='word_1_496' title='bbox 1576 1830 1664 1869; x_wconf 84' lang='lat' dir='ltr'><strong>XV.</strong></span> <span class='ocrx_word' id='word_1_497' title='bbox 1687 1843 1720 1868; x_wconf 92' lang='lat' dir='ltr'><strong>n.</strong></span> <span class='ocrx_word' id='word_1_498' title='bbox 1745 1842 1779 1882; x_wconf 88' lang='lat'><strong>3.</strong></span> <span class='ocrx_word' id='word_1_499' title='bbox 1808 1828 1950 1875; x_wconf 71' lang='lat' dir='ltr'><strong>Interest</strong></span> <span class='ocrx_word' id='word_1_500' title='bbox 1973 1839 2095 1866; x_wconf 87' lang='lat' dir='ltr'><strong>tamen</strong></span> <span class='ocrx_word' id='word_1_501' title='bbox 2109 1828 2260 1874; x_wconf 82' lang='lat' dir='ltr'><strong>officiis,</strong></span> <span class='ocrx_word' id='word_1_502' title='bbox 2285 1826 2478 1866; x_wconf 74' lang='lat' dir='ltr'><strong>adhibetur</strong></span> 
     </span>
     <span class='ocr_line' id='line_1_73' title="bbox 1443 1879 2486 1933; baseline -0.002 -13"><span class='ocrx_word' id='word_1_503' title='bbox 1443 1882 1601 1933; x_wconf 79' lang='lat' dir='ltr'><strong>confiliis.</strong></span> <span class='ocrx_word' id='word_1_504' title='bbox 1655 1882 1745 1919; x_wconf 89' lang='lat' dir='ltr'><strong>Hoc</strong></span> <span class='ocrx_word' id='word_1_505' title='bbox 1775 1881 1876 1919; x_wconf 79' lang='lat' dir='ltr'><strong>sensu</strong></span> <span class='ocrx_word' id='word_1_506' title='bbox 1908 1881 2157 1928; x_wconf 86' lang='lat' dir='ltr'><strong>ingenuorum</strong></span> <span class='ocrx_word' id='word_1_507' title='bbox 2193 1882 2230 1918; x_wconf 89' lang='lat'>&amp;</span> <span class='ocrx_word' id='word_1_508' title='bbox 2263 1879 2486 1926; x_wconf 74' lang='lat' dir='ltr'><strong>libertorumv</strong></span> 
     </span>
     <span class='ocr_line' id='line_1_74' title="bbox 1444 1930 2481 1982; baseline -0.004 -9"><span class='ocrx_word' id='word_1_509' title='bbox 1444 1934 1552 1982; x_wconf 87' lang='lat' dir='ltr'><strong>officia</strong></span> <span class='ocrx_word' id='word_1_510' title='bbox 1569 1963 1579 1980; x_wconf 94' lang='lat'>‚</span> <span class='ocrx_word' id='word_1_511' title='bbox 1605 1943 1649 1972; x_wconf 71' lang='lat' dir='ltr'><strong>cy</strong></span> <span class='ocrx_word' id='word_1_512' title='bbox 1669 1942 1787 1981; x_wconf 81' lang='lat' dir='ltr'><strong>operas</strong></span> <span class='ocrx_word' id='word_1_513' title='bbox 1808 1930 1965 1978; x_wconf 71' lang='lat' dir='ltr'><strong>officiales</strong></span> <span class='ocrx_word' id='word_1_514' title='bbox 1988 1930 2047 1968; x_wconf 91' lang='lat' dir='ltr'><strong>Ius</strong></span> <span class='ocrx_word' id='word_1_515' title='bbox 2070 1932 2288 1969; x_wconf 83' lang='lat' dir='ltr'><strong>Romanum</strong></span> <span class='ocrx_word' id='word_1_516' title='bbox 2302 1931 2481 1977; x_wconf 83' lang='lat' dir='ltr'><strong>celebrat,</strong></span> 
     </span>
     <span class='ocr_line' id='line_1_75' title="bbox 1450 1981 2479 2034; baseline -0.003 -10"><span class='ocrx_word' id='word_1_517' title='bbox 1450 1990 1488 2024; x_wconf 79' lang='lat'>&amp;</span> <span class='ocrx_word' id='word_1_518' title='bbox 1510 1985 1688 2034; x_wconf 86' lang='lat' dir='ltr'><strong>Apuleius</strong></span> <span class='ocrx_word' id='word_1_519' title='bbox 1712 1984 1780 2022; x_wconf 92' lang='lat' dir='ltr'><strong>IV.</strong></span> <span class='ocrx_word' id='word_1_520' title='bbox 1803 1984 1961 2020; x_wconf 88' lang='lat' dir='ltr'><strong>Metam.</strong></span> <span class='ocrx_word' id='word_1_521' title='bbox 1995 1992 2076 2030; x_wconf 88' lang='lat' dir='ltr'><strong>pag.</strong></span> <span class='ocrx_word' id='word_1_522' title='bbox 2110 1981 2170 2032; x_wconf 87' lang='lat'><strong>83.</strong></span> <span class='ocrx_word' id='word_1_523' title='bbox 2223 1981 2385 2029; x_wconf 86' lang='lat' dir='ltr'><strong>Officium</strong></span> <span class='ocrx_word' id='word_1_524' title='bbox 2412 1994 2479 2031; x_wconf 53' lang='lat' dir='ltr'><strong>nus</strong></span> 
     </span>
     <span class='ocr_line' id='line_1_76' title="bbox 1449 2033 2371 2086; baseline -0.004 -12"><span class='ocrx_word' id='word_1_525' title='bbox 1449 2037 1609 2086; x_wconf 88' lang='lat' dir='ltr'><strong>ptiarum</strong></span> <span class='ocrx_word' id='word_1_526' title='bbox 1636 2035 1748 2078; x_wconf 86' lang='lat' dir='ltr'><strong>dixit,</strong></span> <span class='ocrx_word' id='word_1_527' title='bbox 1778 2033 1839 2071; x_wconf 90' lang='lat' dir='ltr'><strong>ubi</strong></span> <span class='ocrx_word' id='word_1_528' title='bbox 1861 2033 1945 2071; x_wconf 86' lang='lat' dir='ltr'><strong>vide</strong></span> <span class='ocrx_word' id='word_1_529' title='bbox 1966 2034 2158 2071; x_wconf 86' lang='lat' dir='ltr'><strong>Pricaeum</strong></span> <span class='ocrx_word' id='word_1_530' title='bbox 2181 2043 2264 2082; x_wconf 84' lang='lat' dir='ltr'><strong>pag.</strong></span> <span class='ocrx_word' id='word_1_531' title='bbox 2289 2044 2371 2080; x_wconf 84' lang='lat'><strong>227.</strong></span> 
     </span>
    </p>

    <p class='ocr_par' dir='ltr' id='par_1_18' title="bbox 1451 2084 2482 2688">
     <span class='ocr_line' id='line_1_77' title="bbox 1500 2084 2474 2135; baseline -0.002 -11"><span class='ocrx_word' id='word_1_532' title='bbox 1500 2099 1523 2133; x_wconf 87' lang='lat'>4</span> <span class='ocrx_word' id='word_1_533' title='bbox 1551 2084 1829 2135; x_wconf 80' lang='lat' dir='ltr'><strong>Curfitabant.]</strong></span> <span class='ocrx_word' id='word_1_534' title='bbox 1860 2085 1928 2121; x_wconf 87' lang='lat' dir='ltr'><strong>Per</strong></span> <span class='ocrx_word' id='word_1_535' title='bbox 1948 2085 2039 2121; x_wconf 87' lang='lat' dir='ltr'><strong>haec</strong></span> <span class='ocrx_word' id='word_1_536' title='bbox 2061 2084 2280 2121; x_wconf 83' lang='lat' dir='ltr'><strong>monstratur</strong></span> <span class='ocrx_word' id='word_1_537' title='bbox 2300 2084 2474 2134; x_wconf 86' lang='lat' dir='ltr'><strong>pantomi-</strong></span> 
     </span>
     <span class='ocr_line' id='line_1_78' title="bbox 1451 2134 2472 2186; baseline -0.004 -12"><span class='ocrx_word' id='word_1_538' title='bbox 1451 2148 1604 2176; x_wconf 85' lang='lat' dir='ltr'><strong>morum</strong></span> <span class='ocrx_word' id='word_1_539' title='bbox 1636 2148 1690 2174; x_wconf 82' lang='lat' dir='ltr'><strong>ars</strong></span> <span class='ocrx_word' id='word_1_540' title='bbox 1714 2149 1723 2173; x_wconf 72' lang='grc' dir='ltr'>ι</span> <span class='ocrx_word' id='word_1_541' title='bbox 1754 2147 1916 2186; x_wconf 87' lang='lat' dir='ltr'><strong>quorum</strong></span> <span class='ocrx_word' id='word_1_542' title='bbox 1941 2142 2015 2172; x_wconf 89' lang='lat' dir='ltr'><strong>erat</strong></span> <span class='ocrx_word' id='word_1_543' title='bbox 2038 2137 2076 2173; x_wconf 87' lang='lat' dir='ltr'><strong>in</strong></span> <span class='ocrx_word' id='word_1_544' title='bbox 2099 2137 2204 2174; x_wconf 89' lang='lat' dir='ltr'><strong>omni</strong></span> <span class='ocrx_word' id='word_1_545' title='bbox 2226 2134 2396 2174; x_wconf 89' lang='lat' dir='ltr'><strong>ludorum</strong></span> <span class='ocrx_word' id='word_1_546' title='bbox 2416 2143 2472 2170; x_wconf 77' lang='lat' dir='ltr'><strong>va-</strong></span> 
     </span>
     <span class='ocr_line' id='line_1_79' title="bbox 1453 2183 2474 2236; baseline -0.003 -13"><span class='ocrx_word' id='word_1_547' title='bbox 1453 2188 1700 2226; x_wconf 82' lang='lat' dir='ltr'><strong>rietatesuam</strong></span> <span class='ocrx_word' id='word_1_548' title='bbox 1724 2198 1876 2235; x_wconf 84' lang='lat' dir='ltr'><strong>operam</strong></span> <span class='ocrx_word' id='word_1_549' title='bbox 1900 2184 2087 2236; x_wconf 83' lang='lat' dir='ltr'><strong>praestare.</strong></span> <span class='ocrx_word' id='word_1_550' title='bbox 2141 2187 2242 2224; x_wconf 83' lang='lat' dir='ltr'><strong>Nam</strong></span> <span class='ocrx_word' id='word_1_551' title='bbox 2267 2185 2390 2225; x_wconf 88' lang='lat' dir='ltr'><strong>scenae</strong></span> <span class='ocrx_word' id='word_1_552' title='bbox 2407 2183 2474 2222; x_wconf 86' lang='lat' dir='ltr'><strong>ser·</strong></span> 
     </span>
     <span class='ocr_line' id='line_1_80' title="bbox 1452 2236 2474 2277; baseline -0.003 -2"><span class='ocrx_word' id='word_1_553' title='bbox 1452 2241 1586 2277; x_wconf 82' lang='lat' dir='ltr'><strong>vitutes</strong></span> <span class='ocrx_word' id='word_1_554' title='bbox 1608 2250 1740 2277; x_wconf 87' lang='lat' dir='ltr'><strong>ornnes</strong></span> <span class='ocrx_word' id='word_1_555' title='bbox 1765 2237 1888 2276; x_wconf 67' lang='lat' dir='ltr'><strong>edocti</strong></span> <span class='ocrx_word' id='word_1_556' title='bbox 1909 2236 2017 2275; x_wconf 86' lang='lat' dir='ltr'><strong>ludos</strong></span> <span class='ocrx_word' id='word_1_557' title='bbox 2040 2236 2208 2276; x_wconf 88' lang='lat' dir='ltr'><strong>fuerant:</strong></span> <span class='ocrx_word' id='word_1_558' title='bbox 2237 2237 2322 2276; x_wconf 87' lang='lat' dir='ltr'><strong>inde</strong></span> <span class='ocrx_word' id='word_1_559' title='bbox 2341 2245 2474 2274; x_wconf 86' lang='lat' dir='ltr'><strong>nomen</strong></span> 
     </span>
     <span class='ocr_line' id='line_1_81' title="bbox 1451 2284 2474 2333; baseline -0.004 -7"><span class='ocrx_word' id='word_1_560' title='bbox 1451 2290 1594 2328; x_wconf 77' lang='lat' dir='ltr'><strong>traxiffe</strong></span> <span class='ocrx_word' id='word_1_561' title='bbox 1642 2290 1687 2326; x_wconf 86' lang='lat' dir='ltr'><strong>ab</strong></span> <span class='ocrx_word' id='word_1_562' title='bbox 1736 2290 1944 2326; x_wconf 86' lang='lat' dir='ltr'><strong>imitatione</strong></span> <span class='ocrx_word' id='word_1_563' title='bbox 1983 2290 2156 2326; x_wconf 86' lang='lat' dir='ltr'><strong>omnium</strong></span> <span class='ocrx_word' id='word_1_564' title='bbox 2184 2317 2195 2333; x_wconf 94' lang='lat'><em>‚</em></span> <span class='ocrx_word' id='word_1_565' title='bbox 2222 2291 2342 2324; x_wconf 62' lang='lat' dir='ltr'><strong>mim</strong></span> <span class='ocrx_word' id='word_1_566' title='bbox 2377 2284 2474 2323; x_wconf 88' lang='lat' dir='ltr'><strong>enim</strong></span> 
     </span>
     <span class='ocr_line' id='line_1_82' title="bbox 1451 2338 2478 2389; baseline -0.004 -13"><span class='ocrx_word' id='word_1_567' title='bbox 1451 2343 1572 2379; x_wconf 81' lang='lat' dir='ltr'><strong>omnia</strong></span> <span class='ocrx_word' id='word_1_568' title='bbox 1587 2369 1597 2384; x_wconf 91' lang='lat'>‚</span> <span class='ocrx_word' id='word_1_569' title='bbox 1623 2343 1662 2378; x_wconf 87' lang='lat'>&amp;</span> <span class='ocrx_word' id='word_1_570' title='bbox 1683 2340 1816 2384; x_wconf 70' lang='grc' dir='ltr'><strong>μίμηνοι</strong></span> <span class='ocrx_word' id='word_1_571' title='bbox 1838 2338 2006 2377; x_wconf 77' lang='lat' dir='ltr'><strong>imitatio.</strong></span> <span class='ocrx_word' id='word_1_572' title='bbox 2033 2339 2209 2389; x_wconf 80' lang='lat' dir='ltr'><strong>Namque</strong></span> <span class='ocrx_word' id='word_1_573' title='bbox 2229 2340 2326 2378; x_wconf 84' lang='lat' dir='ltr'><strong>idem</strong></span> <span class='ocrx_word' id='word_1_574' title='bbox 2350 2346 2478 2384; x_wconf 81' lang='lat' dir='ltr'><strong>corpus</strong></span> 
     </span>
     <span class='ocr_line' id='line_1_83' title="bbox 1453 2389 2482 2439; baseline -0.006 -11"><span class='ocrx_word' id='word_1_575' title='bbox 1453 2391 1656 2429; x_wconf 85' lang='lat' dir='ltr'><strong>Herculem</strong></span> <span class='ocrx_word' id='word_1_576' title='bbox 1693 2391 1854 2439; x_wconf 82' lang='lat' dir='ltr'><strong>designat</strong></span> <span class='ocrx_word' id='word_1_577' title='bbox 1879 2419 1889 2435; x_wconf 92' lang='lat'><strong>,</strong></span> <span class='ocrx_word' id='word_1_578' title='bbox 1928 2392 1966 2428; x_wconf 84' lang='lat'>&amp;</span> <span class='ocrx_word' id='word_1_579' title='bbox 1988 2390 2178 2427; x_wconf 87' lang='lat' dir='ltr'><strong>Venerem</strong></span> <span class='ocrx_word' id='word_1_580' title='bbox 2203 2389 2403 2428; x_wconf 84' lang='lat' dir='ltr'><strong>foeminam</strong></span> <span class='ocrx_word' id='word_1_581' title='bbox 2426 2396 2482 2423; x_wconf 86' lang='lat' dir='ltr'><strong>re-</strong></span> 
     </span>
     <span class='ocr_line' id='line_1_84' title="bbox 1452 2439 2479 2492; baseline -0.008 -11"><span class='ocrx_word' id='word_1_582' title='bbox 1452 2443 1679 2492; x_wconf 80' lang='lat' dir='ltr'><strong>praesentat,</strong></span> <span class='ocrx_word' id='word_1_583' title='bbox 1709 2444 1747 2480; x_wconf 87' lang='lat'>&amp;</span> <span class='ocrx_word' id='word_1_584' title='bbox 1781 2442 1945 2479; x_wconf 84' lang='lat' dir='ltr'><strong>Martem</strong></span> <span class='ocrx_word' id='word_1_585' title='bbox 1979 2451 2104 2489; x_wconf 83' lang='lat' dir='ltr'><strong>regem</strong></span> <span class='ocrx_word' id='word_1_586' title='bbox 2130 2440 2240 2486; x_wconf 87' lang='lat' dir='ltr'><strong>facit,</strong></span> <span class='ocrx_word' id='word_1_587' title='bbox 2267 2442 2304 2479; x_wconf 92' lang='lat'>&amp;</span> <span class='ocrx_word' id='word_1_588' title='bbox 2327 2439 2479 2476; x_wconf 87' lang='lat' dir='ltr'><strong>militem</strong></span> 
     </span>
     <span class='ocr_line' id='line_1_85' title="bbox 1455 2489 2479 2542; baseline -0.008 -11"><span class='ocrx_word' id='word_1_589' title='bbox 1455 2494 1578 2532; x_wconf 86' lang='lat' dir='ltr'><strong>senem</strong></span> <span class='ocrx_word' id='word_1_590' title='bbox 1614 2493 1730 2531; x_wconf 87' lang='lat' dir='ltr'><strong>reddit</strong></span> <span class='ocrx_word' id='word_1_591' title='bbox 1753 2521 1762 2537; x_wconf 90' lang='lat'>‚</span> <span class='ocrx_word' id='word_1_592' title='bbox 1803 2495 1842 2530; x_wconf 85' lang='lat'>&amp;</span> <span class='ocrx_word' id='word_1_593' title='bbox 1871 2494 2052 2542; x_wconf 86' lang='lat' dir='ltr'><strong>juvenem</strong></span> <span class='ocrx_word' id='word_1_594' title='bbox 2085 2500 2124 2530; x_wconf 92' lang='lat' dir='ltr'><strong>ut</strong></span> <span class='ocrx_word' id='word_1_595' title='bbox 2147 2493 2183 2529; x_wconf 90' lang='lat' dir='ltr'><strong>in</strong></span> <span class='ocrx_word' id='word_1_596' title='bbox 2205 2503 2282 2529; x_wconf 90' lang='lat' dir='ltr'><strong>uno</strong></span> <span class='ocrx_word' id='word_1_597' title='bbox 2304 2489 2479 2540; x_wconf 67' lang='lat' dir='ltr'><strong>referente</strong></span> 
     </span>
     <span class='ocr_line' id='line_1_86' title="bbox 1455 2537 2478 2583; baseline -0.014 -1"><span class='ocrx_word' id='word_1_598' title='bbox 1455 2545 1675 2583; x_wconf 77' lang='lat' dir='ltr'><strong>Caffiodoro</strong></span> <span class='ocrx_word' id='word_1_599' title='bbox 1709 2543 1831 2582; x_wconf 71' lang='lat' dir='ltr'><strong>credas</strong></span> <span class='ocrx_word' id='word_1_600' title='bbox 1868 2542 1938 2581; x_wconf 80' lang='lat' dir='ltr'><strong>effe</strong></span> <span class='ocrx_word' id='word_1_601' title='bbox 1973 2543 2110 2579; x_wconf 88' lang='lat' dir='ltr'><strong>multos</strong></span> <span class='ocrx_word' id='word_1_602' title='bbox 2137 2549 2212 2578; x_wconf 88' lang='lat' dir='ltr'><strong>tam</strong></span> <span class='ocrx_word' id='word_1_603' title='bbox 2242 2540 2336 2575; x_wconf 84' lang='lat' dir='ltr'><strong>varia</strong></span> <span class='ocrx_word' id='word_1_604' title='bbox 2361 2537 2478 2571; x_wconf 82' lang='lat' dir='ltr'><strong>imita·</strong></span> 
     </span>
     <span class='ocr_line' id='line_1_87' title="bbox 1453 2583 2477 2642; baseline -0.011 -10"><span class='ocrx_word' id='word_1_605' title='bbox 1453 2597 1556 2633; x_wconf 88' lang='lat' dir='ltr'><strong>tione</strong></span> <span class='ocrx_word' id='word_1_606' title='bbox 1581 2596 1751 2633; x_wconf 83' lang='lat' dir='ltr'><strong>discretos</strong></span> <span class='ocrx_word' id='word_1_607' title='bbox 1774 2623 1785 2639; x_wconf 94' lang='lat'>,</span> <span class='ocrx_word' id='word_1_608' title='bbox 1833 2606 1930 2642; x_wconf 87' lang='lat' dir='ltr'><strong>quae</strong></span> <span class='ocrx_word' id='word_1_609' title='bbox 1964 2595 2072 2632; x_wconf 89' lang='lat' dir='ltr'><strong>etiam</strong></span> <span class='ocrx_word' id='word_1_610' title='bbox 2106 2588 2264 2628; x_wconf 77' lang='lat' dir='ltr'><strong>diffusius</strong></span> <span class='ocrx_word' id='word_1_611' title='bbox 2293 2583 2351 2622; x_wconf 83' lang='lat' dir='ltr'><strong>sed</strong></span> <span class='ocrx_word' id='word_1_612' title='bbox 2392 2592 2477 2620; x_wconf 84' lang='lat' dir='ltr'><strong>cum</strong></span> 
     </span>
     <span class='ocr_line' id='line_1_88' title="bbox 1451 2645 2344 2688; baseline -0.008 -4"><span class='ocrx_word' id='word_1_613' title='bbox 1451 2646 1559 2685; x_wconf 86' lang='lat' dir='ltr'><strong>laude</strong></span> <span class='ocrx_word' id='word_1_614' title='bbox 1593 2647 1776 2684; x_wconf 83' lang='lat' dir='ltr'><strong>Lucianus</strong></span> <span class='ocrx_word' id='word_1_615' title='bbox 1798 2645 1920 2683; x_wconf 88' lang='lat' dir='ltr'><strong>refert.</strong></span> <span class='ocrx_word' id='word_1_616' title='bbox 1952 2646 1984 2682; x_wconf 93' lang='lat' dir='ltr'>C</span> <span class='ocrx_word' id='word_1_617' title='bbox 1998 2655 2020 2679; x_wconf 77' lang='lat' dir='ltr'>A</span> <span class='ocrx_word' id='word_1_618' title='bbox 2036 2653 2094 2680; x_wconf 81' lang='grc' dir='ltr'><strong>τΑ</strong></span> <span class='ocrx_word' id='word_1_619' title='bbox 2109 2651 2144 2675; x_wconf 78' lang='grc' dir='ltr'><strong>Ν.</strong></span> <span class='ocrx_word' id='word_1_620' title='bbox 2339 2682 2344 2688; x_wconf 43' lang='grc'>,</span> 
     </span>
    </p>

    <p class='ocr_par' dir='ltr' id='par_1_19' title="bbox 1444 2681 2481 2849">
     <span class='ocr_line' id='line_1_89' title="bbox 1505 2681 2478 2745; baseline -0.016 -9"><span class='ocrx_word' id='word_1_621' title='bbox 1505 2710 1524 2745; x_wconf 81' lang='grc' dir='ltr'><em>ς</em></span> <span class='ocrx_word' id='word_1_622' title='bbox 1556 2694 1816 2743; x_wconf 80' lang='lat' dir='ltr'><strong>Reddebant.]</strong></span> <span class='ocrx_word' id='word_1_623' title='bbox 1857 2689 2180 2744; x_wconf 68' lang='lat' dir='ltr'><strong>Repraesentabant</strong></span> <span class='ocrx_word' id='word_1_624' title='bbox 2202 2711 2212 2726; x_wconf 93' lang='lat'><em>,</em></span> <span class='ocrx_word' id='word_1_625' title='bbox 2251 2681 2478 2742; x_wconf 67' lang='lat' dir='ltr'><strong>effigiabant,</strong></span> 
     </span>
     <span class='ocr_line' id='line_1_90' title="bbox 1452 2734 2478 2789; baseline -0.006 -2"><span class='ocrx_word' id='word_1_626' title='bbox 1452 2750 1698 2787; x_wconf 80' lang='lat' dir='ltr'><strong>imitabantur.</strong></span> <span class='ocrx_word' id='word_1_627' title='bbox 1756 2745 1901 2785; x_wconf 65' lang='lat' dir='ltr'><strong>Auftor</strong></span> <span class='ocrx_word' id='word_1_628' title='bbox 1934 2743 1982 2780; x_wconf 87' lang='lat' dir='ltr'><strong>est</strong></span> <span class='ocrx_word' id='word_1_629' title='bbox 2003 2734 2255 2782; x_wconf 67' lang='lat' dir='ltr'><strong>Tranqu¹¹lus³</strong></span> <span class='ocrx_word' id='word_1_630' title='bbox 2288 2738 2416 2789; x_wconf 51' lang='lat' dir='ltr'><strong>{mmm</strong></span> <span class='ocrx_word' id='word_1_631' title='bbox 2439 2748 2478 2771; x_wconf 74' lang='lat'><strong>¹7²</strong></span> 
     </span>
     <span class='ocr_line' id='line_1_91' title="bbox 1444 2783 2481 2849; baseline -0.012 -12"><span class='ocrx_word' id='word_1_632' title='bbox 1444 2800 1637 2847; x_wconf 83' lang='lat' dir='ltr'><strong>funeribus</strong></span> <span class='ocrx_word' id='word_1_633' title='bbox 1677 2797 1798 2849; x_wconf 85' lang='lat' dir='ltr'><strong>solitos</strong></span> <span class='ocrx_word' id='word_1_634' title='bbox 1842 2794 1984 2831; x_wconf 82' lang='lat' dir='ltr'><strong>reddere</strong></span> <span class='ocrx_word' id='word_1_635' title='bbox 2018 2797 2130 2824; x_wconf 85' lang='lat' dir='ltr'><strong>omnes</strong></span> <span class='ocrx_word' id='word_1_636' title='bbox 2168 2783 2326 2828; x_wconf 61' lang='lat' dir='ltr'><strong>desumit</strong></span> <span class='ocrx_word' id='word_1_637' title='bbox 2359 2784 2481 2833; x_wconf 80' lang='lat' dir='ltr'><strong>gestus.</strong></span> 
     </span>
    </p>
   </div>
   <div class='ocr_carea' id='block_1_16' title="bbox 1456 2852 2482 2942">
    <p class='ocr_par' dir='ltr' id='par_1_20' title="bbox 1456 2852 2482 2942">
     <span class='ocr_line' id='line_1_92' title="bbox 1456 2852 2482 2942; baseline -0.007 -11"><span class='ocrx_word' id='word_1_638' title='bbox 1456 2852 1757 2938; x_wconf 54' lang='lat' dir='ltr'><strong>ngMj-heasmlis</strong></span> <span class='ocrx_word' id='word_1_639' title='bbox 1789 2888 1950 2942; x_wconf 65' lang='lat' dir='ltr'><strong>operae]</strong></span> <span class='ocrx_word' id='word_1_640' title='bbox 1989 2885 2086 2922; x_wconf 85' lang='lat' dir='ltr'><strong>Artis</strong></span> <span class='ocrx_word' id='word_1_641' title='bbox 2127 2884 2207 2922; x_wconf 82' lang='lat' dir='ltr'><strong>suae</strong></span> <span class='ocrx_word' id='word_1_642' title='bbox 2228 2884 2482 2932; x_wconf 87' lang='lat' dir='ltr'><strong>histrionicae,</strong></span> 
     </span>
    </p>
   </div>
   <div class='ocr_carea' id='block_1_17' title="bbox 1454 2935 2487 3142">
    <p class='ocr_par' dir='ltr' id='par_1_21' title="bbox 1454 2935 2487 3142">
     <span class='ocr_line' id='line_1_93' title="bbox 1456 2935 2483 2999; baseline -0.022 -9"><span class='ocrx_word' id='word_1_643' title='bbox 1456 2964 1567 2999; x_wconf 85' lang='lat' dir='ltr'><strong>quain</strong></span> <span class='ocrx_word' id='word_1_644' title='bbox 1603 2947 1848 2997; x_wconf 83' lang='lat' dir='ltr'><strong>praestiterunt</strong></span> <span class='ocrx_word' id='word_1_645' title='bbox 1880 2942 1916 2976; x_wconf 90' lang='lat' dir='ltr'><strong>in</strong></span> <span class='ocrx_word' id='word_1_646' title='bbox 1945 2937 2088 2974; x_wconf 83' lang='lat' dir='ltr'><strong>theatro</strong></span> <span class='ocrx_word' id='word_1_647' title='bbox 2110 2935 2147 2972; x_wconf 89' lang='lat' dir='ltr'><strong>in</strong></span> <span class='ocrx_word' id='word_1_648' title='bbox 2169 2935 2354 2972; x_wconf 81' lang='lat' dir='ltr'><strong>honorem</strong></span> <span class='ocrx_word' id='word_1_649' title='bbox 2379 2938 2483 2985; x_wconf 74' lang='lat' dir='ltr'><strong>Qua-</strong></span> 
     </span>
     <span class='ocr_line' id='line_1_94' title="bbox 1454 2986 2486 3039; baseline -0.015 -2"><span class='ocrx_word' id='word_1_650' title='bbox 1454 3001 1634 3039; x_wconf 82' lang='lat' dir='ltr'><strong>dratillae:</strong></span> <span class='ocrx_word' id='word_1_651' title='bbox 1661 2995 1708 3033; x_wconf 87' lang='lat' dir='ltr'><strong>fic</strong></span> <span class='ocrx_word' id='word_1_652' title='bbox 1740 2991 1890 3028; x_wconf 85' lang='lat' dir='ltr'><strong>Tacitus</strong></span> <span class='ocrx_word' id='word_1_653' title='bbox 1917 2986 2106 3026; x_wconf 79' lang='lat' dir='ltr'><strong>theatrales</strong></span> <span class='ocrx_word' id='word_1_654' title='bbox 2140 2994 2231 3023; x_wconf 86' lang='lat' dir='ltr'><strong>artes</strong></span> <span class='ocrx_word' id='word_1_655' title='bbox 2260 2987 2413 3026; x_wconf 83' lang='lat' dir='ltr'><strong>scenicas</strong></span> <span class='ocrx_word' id='word_1_656' title='bbox 2446 2990 2486 3028; x_wconf 74' lang='lat' dir='ltr'><strong>Sc</strong></span> 
     </span>
     <span class='ocr_line' id='line_1_95' title="bbox 1454 3035 2487 3090; baseline -0.02 -2"><span class='ocrx_word' id='word_1_657' title='bbox 1454 3047 1675 3090; x_wconf 86' lang='lat' dir='ltr'><strong>histrionalcs</strong></span> <span class='ocrx_word' id='word_1_658' title='bbox 1694 3040 1895 3089; x_wconf 84' lang='lat' dir='ltr'><strong>appellavit.</strong></span> <span class='ocrx_word' id='word_1_659' title='bbox 1934 3038 1948 3074; x_wconf 90' lang='grc' dir='ltr'><strong>Ι</strong></span> <span class='ocrx_word' id='word_1_660' title='bbox 1966 3051 1989 3074; x_wconf 89' lang='lat' dir='ltr'>D</span> <span class='ocrx_word' id='word_1_661' title='bbox 2006 3049 2025 3074; x_wconf 82' lang='lat' dir='ltr'>E</span> <span class='ocrx_word' id='word_1_662' title='bbox 2043 3049 2080 3074; x_wconf 82' lang='lat' dir='ltr'><strong>M.</strong></span> <span class='ocrx_word' id='word_1_663' title='bbox 2121 3037 2208 3074; x_wconf 87' lang='lat' dir='ltr'><strong>Non</strong></span> <span class='ocrx_word' id='word_1_664' title='bbox 2233 3035 2278 3073; x_wconf 83' lang='lat' dir='ltr'><strong>ad</strong></span> <span class='ocrx_word' id='word_1_665' title='bbox 2302 3039 2487 3084; x_wconf 70' lang='lat' dir='ltr'><strong>pantomi-</strong></span> 
     </span>
     <span class='ocr_line' id='line_1_96' title="bbox 1454 3087 2486 3142; baseline -0.014 -4"><span class='ocrx_word' id='word_1_666' title='bbox 1454 3110 1535 3138; x_wconf 88' lang='lat' dir='ltr'><strong>mos</strong></span> <span class='ocrx_word' id='word_1_667' title='bbox 1549 3124 1561 3142; x_wconf 94' lang='lat'>,</span> <span class='ocrx_word' id='word_1_668' title='bbox 1588 3095 1647 3134; x_wconf 86' lang='lat' dir='ltr'><strong>sed</strong></span> <span class='ocrx_word' id='word_1_669' title='bbox 1668 3092 1713 3130; x_wconf 84' lang='lat' dir='ltr'><strong>ad</strong></span> <span class='ocrx_word' id='word_1_670' title='bbox 1734 3091 1817 3131; x_wconf 80' lang='lat' dir='ltr'><strong>illos</strong></span> <span class='ocrx_word' id='word_1_671' title='bbox 1837 3088 2068 3128; x_wconf 74' lang='lat' dir='ltr'><strong>alieniffimos</strong></span> <span class='ocrx_word' id='word_1_672' title='bbox 2090 3088 2262 3127; x_wconf 81' lang='lat' dir='ltr'><strong>homines</strong></span> <span class='ocrx_word' id='word_1_673' title='bbox 2284 3087 2377 3128; x_wconf 85' lang='lat' dir='ltr'><strong>haec</strong></span> <span class='ocrx_word' id='word_1_674' title='bbox 2405 3099 2486 3126; x_wconf 64' lang='grc' dir='ltr'><strong>οτα-</strong></span> 
     </span>
    </p>
   </div>
   <div class='ocr_carea' id='block_1_18' title="bbox 2429 3140 2485 3191">
    <p class='ocr_par' dir='ltr' id='par_1_22' title="bbox 2429 3140 2485 3191">
     <span class='ocr_line' id='line_1_97' title="bbox 2429 3140 2485 3191; baseline 0.054 -3"><span class='ocrx_word' id='word_1_675' title='bbox 2429 3140 2485 3191; x_wconf 66' lang='lat' dir='ltr'><strong>uo.</strong></span> 
     </span>
    </p>
   </div>
  </div>
 </body>
</html>
