2616 3686
323 199 418 265 '376
600 192 2266 255 C.PLINIICAECILIISECUNDI

331 292 390 331 re
411 273 579 330 laudis
604 295 617 315 ι
643 271 709 328 ad
737 276 1008 348 exemplar
1030 274 1357 348 antiquitatis
1382 273 1708 348 expreffius?
1748 278 1901 348 quod
1929 278 2059 335 mihi
2085 281 2368 352 cognitum
2391 283 2469 342 est

333 366 444 405 non
481 348 617 404 fama
641 387 658 413 ,
699 365 802 419 qua
829 350 1029 421 alioqui
1056 352 1261 421 optima
1289 349 1344 404 &
1368 346 1696 406 meritissima
1735 347 1931 406 fruitur
1956 391 1971 416 ,
2021 352 2112 408 sed
2149 356 2321 427 longis
2357 374 2470 413 ma-

260 442 293 492 4
340 423 564 493 gnisque
600 423 1006 492 experimentis.
1044 420 1163 477 Una
1200 424 1468 495 diligimus
1496 462 1512 485 ‚
1563 440 1668 478 una
1706 422 1995 480 dileximus
2035 426 2053 444 ²
2088 444 2278 483 omnes
2324 427 2471 494 fere,

252 576 282 624 5

335 511 471 567 quos
497 508 635 550 aetas
662 495 836 549 nostra
859 497 913 550 in
941 508 1174 566 utroque
1200 495 1326 550 sexu
1353 495 1692 551 aemulandos
1718 496 1838 551 tulit
1866 515 1877 552 :
1931 513 2070 570 quae
2095 498 2320 556 societas
2341 503 2473 556 ami-

333 570 580 623 citiarum
605 567 888 622 aretissitna
908 586 1005 623 nos
1032 568 1388 623 familiaritate
1412 568 1712 638 conjunxit.
1753 570 1993 625 Acceflit
2030 572 2308 628 vinculum
2335 575 2349 602 ³
2374 591 2473 629 ne-

331 641 662 697 cessitudinis
696 640 953 710 publicae.
1029 639 1180 694 Idem
1219 642 1364 695 enim
1404 641 1535 696 mihi
1563 680 1580 706 ,
1629 656 1688 697 ut
1725 641 1820 697 scis
1847 682 1863 707 ,
1917 644 2124 716 collega
2159 645 2304 718 quast
2338 660 2474 708 voto

334 717 534 786 petitus
568 715 622 768 in
659 711 992 784 praefefiura
1029 713 1215 767 aerarii
1254 711 1393 766 fuit:
1430 717 1450 742 ⁴
1481 714 1581 768 fuit
1629 715 1681 768 δε
1710 715 1772 768 ‘in
1796 716 2109 772 Consulatu.
2187 718 2341 773 Tu'm
2369 735 2475 790 ego

334 789 428 857 qui
466 787 585 849 vir,
627 787 682 838 &
717 798 949 857 quantus
990 784 1117 840 effet
1144 824 1160 848 ‚
1210 784 1460 839 altissime
1497 786 1739 856 inspexi,
1791 807 1919 844 cum
1943 789 2195 860 sequerer
2218 805 2277 847 ut
2305 795 2475 864 magi..

334 860 527 922 strum,
566 859 579 884 ⁵
627 872 686 912 ut
722 873 999 930 parentem
1040 876 1357 914 revererer:
1415 858 1567 929 quod
1607 875 1719 913 non
1754 873 1863 915 tam
1900 863 2084 916 aetatis
2135 867 2473 930 maturitate,

334 949 497 1005 quam
532 931 552 954 ⁶
587 939 728 986 vitae
756 970 771 994 ,
823 934 1149 988 merebatur.
1225 932 1330 986 His
1370 949 1438 987 ex
1465 929 1628 985 causis
1656 969 1671 995 ‚
1709 945 1768 984 ut
1799 933 1872 986 illi
1902 973 1918 996 ‚
1956 933 2024 988 fic
2050 937 2178 990 mihi
2205 938 2474 1008 gratulor,

333 1023 436 1062 nec
463 1006 712 1078 privatim
743 1006 908 1077 magis
932 1021 1091 1076 quam
1118 1003 1330 1077 publice
1356 1044 1373 1070 ,
1411 1003 1565 1078 quod
1591 1001 1812 1060 tandem
1838 1004 2086 1061 homines
2109 1007 2126 1034 ⁷
2152 1026 2263 1064 non
2288 1008 2355 1064 ad
2382 1007 2493 1081 pe?

2279 1083 2444 1140 ricula
2459 1123 2477 1149 ,

332 1217 459 1249 tamen
480 1211 518 1249 &
538 1211 710 1259 dignitate
733 1210 748 1247 ?
787 1209 937 1248 CURA
960 1208 1128 1248 ALVEI
1153 1208 1362 1250 TIBERIS
1432 1207 1600 1259 loquitur
1619 1207 1659 1247 in
1680 1210 1902 1259 panegyrica
1925 1210 2094 1247 oratione
2109 1236 2119 1252 ,
2148 1208 2300 1255 Iisdem,
2328 1214 2473 1264 inquit,

334 1263 409 1300 AC
443 1263 690 1301 RIPARUM
715 1291 725 1307 ‚
765 1274 877 1312 quam
900 1270 969 1300 tres
992 1260 1125 1311 lapides
1149 1261 1213 1309 ipsi
1235 1263 1363 1302 diserte
1435 1261 1555 1298 amicis
1596 1260 1844 1309 gloriabamur
1867 1289 1878 1304 ‚
1925 1261 2058 1298 eosdem
2088 1261 2224 1307 amissos
2257 1259 2474 1311 lugebamus,

333 1311 520 1358 tiib‘uunt,
550 1324 704 1363 quarum
738 1316 973 1361 Ε’πιγξωφίις
1005 1313 1102 1361 apud
1137 1313 1363 1359 Gruterum,
1439 1313 1634 1351 Canu.
1665 1311 1812 1349 Omnes
1854 1312 1969 1360 scripti
2016 1312 2054 1349 &
2084 1313 2193 1359 primi
2225 1312 2407 1362 impreffi:
2435 1318 2473 1354 in

332 1367 373 1404 ὅ(
393 1366 451 1402 hic
469 1366 504 1402 in
526 1365 651 1403 limine
672 1365 748 1402 libri
772 1366 890 1413 legere
912 1365 1005 1403 licet.
1059 1365 1188 1402 Parem
1217 1365 1364 1403 honore
1434 1375 1580 1413 utroque
1599 1363 1702 1411 sexu.
1755 1361 1875 1401 Aldus
1902 1364 2038 1401 iterum
2065 1361 2380 1411 Praepofitionem
2417 1377 2473 1406 re-

333 1418 371 1454 &
403 1415 577 1463 dignitate
609 1415 831 1453 VIARUM
856 1445 865 1461 ‚
904 1417 943 1454 &
965 1415 1132 1453 ALVEI
1157 1415 1365 1456 TIBERIS

332 1465 438 1504 fuiffe
463 1466 661 1504 CURAM
686 1496 696 1511 ,
736 1479 781 1505 ex
807 1479 853 1505 eo
877 1466 917 1504 fit
940 1466 1132 1505 verisimile
1158 1496 1168 1511 ‚
1198 1467 1302 1517 quod
1324 1481 1365 1506 u-

328 1525 459 1568 traque
491 1519 584 1556 inter
616 1526 732 1566 partes
754 1518 925 1556 censurae
944 1519 1075 1557 veteris
1098 1518 1175 1556 fuit.
1231 1519 1364 1558 Cicero

330 1569 417 1606 Lib.
441 1568 509 1606 111.
534 1569 579 1607 de
601 1570 761 1618 Legibus
785 1582 830 1607 ex
855 1569 940 1608 XII.
969 1570 1089 1608 Tabb.
1117 1572 1280 1619 Censores
1301 1585 1364 1608 ur-

331 1619 408 1665 bis,
436 1619 588 1670 templa,
619 1621 699 1659 vias
715 1651 724 1666 ‚
751 1634 865 1671 aquas
890 1650 900 1667 ,
928 1622 1107 1660 aerarium
1133 1650 1143 1666 ,
1173 1622 1362 1670 veiftigalia

331 1681 485 1710 tuentor.
539 1673 637 1709 Nam
660 1673 756 1710 urbis
776 1685 955 1721 aquarum
978 1674 1133 1712 nomine
1157 1674 1195 1712 ὃς
1216 1672 1364 1713 Tiberis

331 1723 590 1772 intelliguntur.
643 1725 771 1772 Quare
809 1725 847 1761 ὃ(
882 1724 1065 1772 Augustus
1109 1736 1194 1762 cum
1231 1724 1364 1764 sublata

333 1781 492 1814 cenius-a!
505 1775 620 1813 veteri
645 1774 869 1824 magistratus
892 1775 969 1821 ejus
989 1785 1105 1823 partes
1128 1775 1271 1822 fingulis
1294 1776 1363 1816 dis-

332 1825 507 1864 tribuiss'et
539 1825 691 1874 singulas
715 1855 725 1871 ‚
762 1837 937 1875 novaque
970 1825 1091 1863 officia
1133 1825 1362 1873 instituiffet,

331 1889 419 1917 curn
453 1878 674 1914 curatoribus
705 1878 854 1915 viarum
879 1906 889 1921 ,
927 1889 1105 1926 aquarum
1139 1889 1293 1928 quoque
1319 1890 1364 1918 <9⁶

331 1929 431 1966 alvei
462 1929 592 1966 Tiberis
624 1929 807 1967 constituit
830 1927 981 1965 auff'tore
1003 1928 1226 1977 Tranquillo
1249 1930 1362 1974 citato

330 1981 431 2018 loco.
486 1986 678 2029 aquarum
699 1979 846 2027 officium
871 1980 983 2026 Julius
1008 1978 1206 2018 Frontinus
1225 1990 1358 2020 vocat:

333 2036 377 2069 ac
414 2033 554 2079 semper
592 2043 656 2079 per
694 2031 876 2080 Principes
914 2032 1012 2068 viros
1050 2031 1246 2070 Romanae
1274 2034 1363 2079 5·sz-

333 2085 415 2121 tatis
447 2082 736 2120 administratum
761 2082 992 2120 Praefatione
1018 2082 1100 2119 Lib.
1126 2082 1152 2119 Ι.
1177 2082 1363 2134 ἀε,ε(φ1;ιε

332 2133 498 2172 durftibus
520 2134 645 2173 scribit.
702 2134 830 2183 Itaque
854 2133 1028 2182 dignitate
1053 2144 1115 2179 par
1137 2125 1282 2172 viarum
1303 2147 1365 2174 cu-

331 2196 416 2229 rae;
446 2188 505 2225 cui
538 2185 597 2224 vel
633 2186 848 2223 Consulares
871 2214 881 2228 ‚
920 2193 960 2221 ut
983 2183 1103 2221 modo
1125 2185 1366 2230 notabamus,

332 2237 662 2285 praeponebantur.
703 2237 914 2274 Bucinum.
954 2235 996 2271 In
1012 2235 1187 2273 Catnnaei
1202 2247 1364 2275 errorem

331 2288 458 2327 incidit
487 2290 598 2326 etiam
627 2288 703 2325 Th.
731 2286 921 2326 Reinefius
948 2286 992 2323 ad
1007 2284 1367 2338 CiaffiVI.1nscr1·pt.

386 2404 401 2429 1
437 2393 503 2429 Ad
532 2392 713 2441 exemplar
744 2389 986 2441 antiquitatis.
1012 2386 1027 2437 ]
1058 2389 1169 2427 Utin
1193 2391 1365 2431 omnibus

329 2448 501 2496 antiquos
524 2444 690 2494 sequntur
712 2445 846 2481 virtute
869 2441 1085 2490 praestantes
1109 2441 1365 2489 &repraesen-

329 2503 392 2533 tet.
449 2494 567 2532 Festus
588 2523 597 2539 ,
628 2496 745 2544 inquit
768 2523 777 2538 ‚
808 2493 1018 2540 Exemplum
1043 2491 1092 2529 est
1114 2492 1218 2540 quod
1239 2493 1364 2542 sequa-

329 2558 438 2592 mur,
469 2556 529 2583 aut
554 2548 711 2583 vitemus
736 2575 746 2589 ‚
773 2544 950 2593 exemplar
973 2555 994 2581 a
1015 2556 1092 2590 quo
1117 2543 1232 2581 simile
1254 2544 1363 2582 facia-

328 2609 412 2637 mus
436 2628 445 2643 ‚
483 2597 574 2635 illud
603 2599 729 2633 animo
760 2596 992 2638 aestimatur,
1018 2594 1109 2640 istud
1132 2594 1246 2632 oculis
1271 2607 1362 2633 con-

326 2650 481 2697 spicitur.
515 2649 592 2685 Lib.
627 2648 696 2684 Vi.
726 2646 771 2685 de
797 2649 972 2684 Romano
997 2646 1184 2683 Secundus
1205 2657 1360 2685 comoe

329 2701 427 2739 diam
463 2701 552 2739 dixit
581 2701 631 2736 ad
659 2699 855 2736 exemplum
891 2698 1017 2735 veteris
1049 2697 1238 2734 comoediae
1269 2697 1361 2745 scri-

325 2760 449 2799 ptam,
479 2763 518 2788 ut
549 2751 606 2799 effe
640 2750 849 2799 quandoque
869 2749 958 2798 poffi't
981 2748 1171 2796 exemplar.
1202 2749 1358 2787 CATAN.

329 2803 431 2847 {Quid
455 2805 488 2839 iu
509 2803 756 2849 omnigenere‚
785 2810 854 2838 cet.
890 2801 998 2838 habet
1020 2800 1197 2846 Optimus
1221 2828 1232 2844 ,
1261 2809 1359 2838 cete-

332 2852 435 2898 rique
468 2854 578 2900 scripti
613 2856 650 2890 &
687 2852 777 2888 lidii.
810 2852 913 2890 Vett.
953 2852 1005 2889 At
1036 2850 1152 2888 Aldus
1176 2851 1356 2900 praeposi-

333 2901 475 2937 tionem
499 2903 536 2937 in
556 2914 742 2949 peipemin
765 2903 936 2950 neglexit.

381 2962 403 2986 2
433 2955 569 2986 Omnes.
586 2952 600 2998 'i
634 2952 727 2987 Inter
741 2965 834 2998 quos
850 2955 1092 2991 senecionem
1109 2984 1118 2997 ‚
1140 2954 1328 2992 Rusticum
1345 2982 1356 2997 ,

328 3000 546 3038 Helvidium
575 3029 584 3042 ‚
623 3002 830 3036 Mauricum
856 3030 865 3043 ‚
915 3005 1105 3041 manliam
1131 3033 1142 3049 ,
1182 3005 1352 3047 Arriam,

329 3050 506 3088 Fanniam
524 3079 533 3093 ,
562 3051 659 3097 supra
697 3051 774 3086 Lib.
800 3050 865 3085 IV.
887 3052 931 3086 ad
955 3053 1172 3091 Genitorem
1198 3065 1352 3091 enume-

1435 1423 1529 1454 iecit.

1487 1478 1506 1517 3
1538 1465 1804 1516 Neceffitudinis
1827 1463 2023 1513 publicae]
2058 1464 2394 1515 Conjunetionisin
2407 1479 2471 1518 ge·

1433 1517 1554 1556 rendis
1575 1518 1683 1555 simul
1708 1518 1857 1566 publicis
1877 1517 2092 1554 honoribus.
2123 1517 2155 1554 C
2170 1530 2189 1553 A
2207 1532 2229 1557 τ
2245 1531 2267 1554 A
2282 1530 2318 1555 N.

1485 1581 1509 1616 4
1535 1564 1620 1607 Fuit
1639 1578 1683 1608 (θ’
1701 1568 1739 1605 in
1762 1567 1994 1618 consulatus]
2026 1569 2083 1606 Sic
2104 1567 2298 1607 Mediceus
2317 1568 2474 1608 &Voffi

1434 1618 1488 1656 At
1519 1621 1649 1658 Oxon.
1684 1617 1840 1657 Helmst.
1865 1619 1978 1655 Arnz.
2014 1621 2052 1658 &
2084 1618 2152 1656 Ed.
2176 1620 2263 1658 Vet.
2286 1621 2382 1659 male
2392 1621 2474 1668 fuit

1436 1670 1635 1711 excludunt
1660 1700 1670 1715 ‚
1699 1669 1802 1719 quod
1830 1677 1980 1718 propter
2008 1671 2302 1718 geminationem
2338 1673 2474 1711 evenit.

1436 1721 1539 1761 Male
1565 1724 1676 1761 etiam
1701 1722 1792 1758 idem
1816 1732 1885 1770 pro
1900 1732 1947 1757 eo
1960 1719 2134 1759 substituit
2147 1723 2346 1772 Gryphius.
2375 1722 2475 1762 Vide

1436 1771 1480 1810 ad
1504 1774 1585 1812 Lib.
1609 1773 1718 1811 vui.
1739 1772 1850 1822 Epist.
1875 1772 1986 1810 VIII.
2009 1783 2045 1809 n.
2068 1772 2103 1809 6.
2137 1773 2320 1812 Balineum
2343 1773 2475 1823 publice

1434 1824 1797 1874 praebent‚praebent
1808 1823 2064 1873 hospitiumSic
2077 1825 2175 1862 enim
2191 1826 2417 1863 correximus
2429 1837 2474 1864 ex

1437 1877 1661 1915 membranis
1696 1876 1910 1913 veterrimis.
1950 1876 1992 1913 ln
2026 1876 2180 1923 vulgatis
2207 1876 2306 1913 idem
2332 1877 2478 1916 vitium.

1438 1926 1536 1964 Mox
1550 1928 1728 1977 Optimus
1742 1940 1750 1964 ι
1765 1938 1844 1964 cum
1855 1941 1890 1963 eo
1900 1927 1960 1977 qui
1974 1925 2042 1963 vir.
2057 1955 2063 1963 .
2078 1955 2086 1963 .
2105 1926 2337 1976 inspexeram.
2365 1925 2475 1966 Face-

1436 1987 1514 2015 rem
1542 1991 1551 2015 :
1589 1991 1667 2016 cum
1699 1991 1755 2027 ego
1780 2006 1791 2023 ‚
1830 1977 1934 2028 quod
1963 1977 2120 2026 suggerit
2155 1976 2285 2015 Oxon.
2310 1977 2375 2017 nisi
2395 1991 2472 2017 cum

1441 2031 1638 2079 exciperet.

1490 2093 1508 2129 ς
1540 2087 1585 2119 Ut
1603 2091 1786 2130 parentem
1809 2079 1995 2129 vere1·ei·.]
2024 2080 2243 2118 Primarius:
2272 2083 2468 2132 cumfique-

1437 2144 1494 2168 rer
1526 2144 1566 2170 ut
1597 2133 1804 2183 magistrum
1837 2142 1903 2168 aut
1919 2140 2105 2180 parentem
2128 2145 2378 2183 reverererque.
2402 2132 2463 2170 Fa-

1440 2183 1506 2221 cile
1537 2195 1578 2221 ut
1611 2186 1648 2222 in
1682 2196 1748 2222 aut
1782 2183 1879 2221 abire
1912 2184 2067 2231 potuit,
2099 2183 2136 2220 ὃς
2157 2183 2243 2220 illud
2267 2197 2331 2232 que
2351 2194 2392 2222 ex
2414 2182 2463 2220 se-

1438 2236 1569 2282 quenti
1600 2237 1692 2285 quod
1724 2235 1866 2273 exstitit.
1923 2234 2084 2283 Reposui
2117 2235 2240 2285 itaque
2275 2245 2459 2276 revererer,

1422 2296 1507 2333 *pro
1530 2300 1669 2324 vererer
1692 2315 1702 2332 ,
1741 2295 1783 2324 ut
1804 2285 1907 2335 supra
1930 2284 2040 2334 Epist.
2062 2283 2167 2330 xm.
2188 2298 2224 2323 n.
2250 2299 2280 2326 1.
2304 2285 2358 2322 ubi
2378 2281 2458 2321 dixi.

1440 2336 1685 2438 CZRilst·ae.]
1725 2389 1882 2426 Motum
1915 2388 2121 2437 integritate
2154 2389 2193 2427 &
2228 2385 2462 2437 perfeetione.

1437 2440 1643 2477 Ma'mita‘
1657 2469 1667 2485 ν
1693 2438 1716 2476 fi
1741 2439 1788 2477 ad
1811 2445 1971 2477 aetatem
1996 2439 2148 2477 refertur
2163 2467 2173 2484 ,
2200 2449 2267 2487 pro
2286 2438 2398 2482 longo
2413 2435 2462 2487 vi-

1433 2496 1493 2531 tae
1514 2490 1628 2540 spatio
1652 2491 1744 2530 sumi
1771 2490 1879 2528 debet
1903 2502 1912 2526 :
1953 2489 1979 2526 fi
1997 2489 2042 2527 ad
2065 2501 2187 2527 mores
2213 2515 2224 2532 ,
2250 2497 2316 2533 pro
2335 2481 2459 2534 sancfti-

1433 2547 1532 2587 tate,
1560 2544 1599 2580 ὃς
1631 2541 1870 2592 perfectione.
1912 2540 1980 2578 CA
1997 2554 2020 2579 ·r
2037 2553 2054 2576 A
2072 2552 2107 2575 N.
2147 2536 2240 2573 Vide
2266 2531 2309 2584 ad
2346 2530 2455 2594 Epist,

1434 2590 1499 2630 ῙΧ·
1533 2606 1567 2631 n.
1598 2606 1630 2642 ς.
1669 2592 1822 2631 Medius
1857 2592 2020 2630 Novant.
2051 2585 2155 2634 Epist.
2178 2582 2240 2618 LI.
2265 2579 2321 2614 luc
2345 2590 2456 2635 ¹¹³³&-

1433 2642 1522 2682 bat:
1560 2646 1655 2694 quod
1685 2658 1755 2681 non
1786 2643 1914 2680 aetatis
1945 2638 2154 2678 maturitate
2178 2657 2187 2673 ,
2213 2640 2319 2683 qua-m
2355 2641 2455 2685 vlgae

1431 2695 1635 2734 merebatur
1686 2704 1726 2733 ut
1757 2694 1843 2733 illud
1875 2704 1951 2729 tam
1979 2689 2119 2724 Graeco
2142 2690 2246 2715 moi-e
2270 2679 2451 2736 iubaudia-

1431 2755 1512 2791 tur,
1541 2727 1656 2797 idque,
1673 2747 1706 2784 se
1729 2757 1773 2784 ex
1798 2742 1902 2780 MSS.
1932 2730 2086 2776 habuisse
2117 2727 2274 2766 testatur.
2330 2731 2454 2772 Nostri

1430 2806 1557 2836 tamen
1577 2808 1708 2835 omnes
1731 2807 1808 2832 tam
1831 2791 1993 2828 retinent.
2045 2830 2051 2836 .

1482 2861 1501 2895 7
1535 2854 1616 2885 Non
1646 2847 1696 2883 ad
1723 2840 1871 2893 pericula
1893 2864 1903 2878 .
1940 2844 1979 2871 ut
1999 2830 2145 2887 prtus3]
2177 2830 2249 2867 Sul,
2273 2830 2451 2879 Nerone,

1428 2900 1650 2938 Domitiano
1672 2909 1680 2932 :
1708 2894 1770 2931 sub
1790 2888 1917 2939 quibus
1938 2882 2176 2937 periculoiuin
2200 2890 2275 2918 erat
2301 2911 2310 2925 ‚
2342 2885 2453 2923 virm,

1427 2950 1519 2986 tibus
1541 2944 1769 2984 inclarescere
1791 2966 1801 2981 ‚
1831 2938 1868 2973 &
1891 2936 1936 2972 ira
1961 2934 2004 2970 ad
2030 2935 2250 2981 magistratu<
2274 2933 2451 2974 honores.

1424 3009 1497 3046 que
1526 2996 1684 3042 aspirare.
1739 2990 1865 3036 ltaque
1897 2985 2061 3022 secedere
2083 3013 2092 3027 ‚
2141 2985 2250 3020 latete
2276 3012 2286 3027 ,
2324 2986 2450 3025 inertia

1422 3046 1491 3094 ipsa
1514 3045 1672 3091 denique
1692 3049 1801 3087 atque
1823 3037 1988 3085 segnities
2011 3065 2021 3079 ,
2049 3036 2218 3083 sapientia
2241 3034 2450 3076 habebatur.

331 3110 383 3140 nit
416 3103 454 3142 in
487 3100 642 3142 eandem
676 3100 901 3138 sententiani.
942 3102 1001 3139 Dc
1031 3103 1087 3148 se,
1117 3107 1155 3143 ὅ(
1179 3103 1350 3143 Tertullo
1421 3097 1481 3134 De
1509 3104 1588 3144 quo
1621 3102 1698 3131 non
1732 3100 1810 3127 uuo
1847 3088 1933 3126 loco
1952 3087 2116 3127 Tacitus.
2147 3087 2251 3151 Lege
2273 3086 2449 3133 Nostrum

2314 3137 2447 3190 Paneg,
